day;timestamp;product;bid_price_1;bid_volume_1;bid_price_2;bid_volume_2;bid_price_3;bid_volume_3;ask_price_1;ask_volume_1;ask_price_2;ask_volume_2;ask_price_3;ask_volume_3;mid_price;profit_and_loss
12;0;ASH_COATED_OSMIUM;9988;10;;;;;10006;25;;;;;9997.5;0.0
12;0;INTARIAN_PEPPER_ROOT;24993;8;24991;24;24989;15;25006;9;25007;8;25008;8;24999.5;0.0
12;100;ASH_COATED_OSMIUM;9988;14;9987;10;;;10006;13;10008;10;;;9997.5;0.0
12;100;INTARIAN_PEPPER_ROOT;24998;10;24996;20;24993;9;25009;9;25010;11;25011;20;25003.5;0.0
12;200;ASH_COATED_OSMIUM;9995;12;;;;;10011;15;;;;;10003.0;0.0
12;200;INTARIAN_PEPPER_ROOT;24993;18;24992;9;;;25007;11;25008;11;;;25000.0;0.0
12;300;ASH_COATED_OSMIUM;9995;15;9994;11;;;10011;10;10012;12;;;10003.0;0.0
12;300;INTARIAN_PEPPER_ROOT;24995;8;24993;9;24991;9;25006;12;25008;10;25010;10;25000.5;0.0
12;400;ASH_COATED_OSMIUM;9988;15;9986;11;;;10004;11;10005;12;;;9996.5;0.0
12;400;INTARIAN_PEPPER_ROOT;24992;11;24991;12;24988;9;25007;22;25009;9;25012;10;25000.0;0.0
12;500;ASH_COATED_OSMIUM;9988;14;9987;10;9985;30;10004;20;10005;12;10008;14;9996.0;0.0
12;500;INTARIAN_PEPPER_ROOT;24991;11;24990;11;;;25003;9;25005;10;;;24997.5;0.0
12;600;ASH_COATED_OSMIUM;9993;14;;;;;10009;11;;;;;10001.0;0.0
12;600;INTARIAN_PEPPER_ROOT;24993;10;;;;;25007;9;;;;;25000.0;0.0
12;700;ASH_COATED_OSMIUM;9993;27;9991;11;;;10009;12;10011;15;;;10001.5;0.0
12;700;INTARIAN_PEPPER_ROOT;25000;10;24997;8;;;25002;8;25005;12;;;25001.0;0.0
12;800;ASH_COATED_OSMIUM;9993;5;;;;;10009;13;;;;;10001.0;0.0
12;800;INTARIAN_PEPPER_ROOT;24993;11;;;;;25007;8;;;;;25000.0;0.0
12;900;ASH_COATED_OSMIUM;9988;25;9987;27;9984;21;10004;5;10007;13;10009;13;9996.0;0.0
12;900;INTARIAN_PEPPER_ROOT;24991;12;24990;9;;;25008;12;25011;10;;;24999.5;0.0
12;1000;ASH_COATED_OSMIUM;9988;11;;;;;10004;15;;;;;9996.0;0.0
12;1000;INTARIAN_PEPPER_ROOT;24993;8;24992;10;;;25007;12;25008;3;;;25000.5;0.0
12;1100;ASH_COATED_OSMIUM;9988;22;9987;11;;;10004;25;10006;12;;;9996.5;0.0
12;1100;INTARIAN_PEPPER_ROOT;24994;9;24992;12;;;25006;12;25007;8;;;25000.0;0.0
12;1200;ASH_COATED_OSMIUM;9993;10;9991;12;;;10009;15;10012;11;;;10001.5;0.0
12;1200;INTARIAN_PEPPER_ROOT;24995;11;24992;9;24990;10;25008;8;25009;10;25012;12;25001.5;0.0
12;1300;ASH_COATED_OSMIUM;9993;15;;;;;10009;10;;;;;10001.0;0.0
12;1300;INTARIAN_PEPPER_ROOT;24998;9;24996;11;;;25009;12;25010;9;;;25003.5;0.0
12;1400;ASH_COATED_OSMIUM;9992;10;9991;22;9988;25;10011;25;10014;10;10015;10;10001.5;0.0
12;1400;INTARIAN_PEPPER_ROOT;24992;8;;;;;25012;11;;;;;25002.0;0.0
12;1500;ASH_COATED_OSMIUM;9987;10;;;;;10005;15;;;;;9996.5;0.0
12;1500;INTARIAN_PEPPER_ROOT;24994;12;24992;11;;;25011;24;25013;10;;;25003.0;0.0
12;1600;ASH_COATED_OSMIUM;9989;12;9987;10;;;10005;11;10006;15;;;9997.0;0.0
12;1600;INTARIAN_PEPPER_ROOT;24994;8;24992;21;24989;12;25006;15;25007;11;25009;24;25000.0;0.0
12;1700;ASH_COATED_OSMIUM;9989;11;9987;24;;;10005;10;10007;3;;;9997.5;0.0
12;1700;INTARIAN_PEPPER_ROOT;24994;9;24991;10;;;25007;8;25009;8;;;25000.5;0.0
12;1800;ASH_COATED_OSMIUM;9989;10;;;;;10005;3;;;;;9997.5;0.0
12;1800;INTARIAN_PEPPER_ROOT;24994;9;;;;;25007;8;;;;;25000.5;0.0
12;1900;ASH_COATED_OSMIUM;9994;10;;;;;10010;11;;;;;10002.5;0.0
12;1900;INTARIAN_PEPPER_ROOT;24996;9;24993;16;;;25008;11;25011;8;;;25002.0;0.0
12;2000;ASH_COATED_OSMIUM;9993;30;;;;;10012;12;;;;;10002.5;0.0
12;2000;INTARIAN_PEPPER_ROOT;24993;8;;;;;25007;7;;;;;25000.5;0.0
12;2100;ASH_COATED_OSMIUM;9989;14;9988;12;9986;13;10007;10;10008;28;10011;14;9998.0;0.0
12;2100;INTARIAN_PEPPER_ROOT;24996;12;;;;;25009;9;;;;;25003.0;0.0
12;2200;ASH_COATED_OSMIUM;9990;10;9988;22;9985;22;10006;3;10008;11;10010;11;9998.0;0.0
12;2200;INTARIAN_PEPPER_ROOT;24995;8;;;;;25007;10;;;;;25001.0;0.0
12;2300;ASH_COATED_OSMIUM;9993;10;;;;;10012;12;;;;;10002.5;0.0
12;2300;INTARIAN_PEPPER_ROOT;24993;11;24992;9;;;25007;25;25009;15;;;25000.0;0.0
12;2400;ASH_COATED_OSMIUM;9994;11;9992;13;9990;12;10001;12;10002;11;10005;13;9998.0;0.0
12;2400;INTARIAN_PEPPER_ROOT;25000;11;24999;18;;;25012;8;25013;10;;;25006.0;0.0
12;2500;ASH_COATED_OSMIUM;9995;13;9993;28;;;10011;15;10012;22;;;10003.0;0.0
12;2500;INTARIAN_PEPPER_ROOT;24998;12;;;;;25014;9;;;;;25006.5;0.0
12;2600;ASH_COATED_OSMIUM;9995;15;9994;20;;;10011;15;10012;15;;;10003.0;0.0
12;2600;INTARIAN_PEPPER_ROOT;24994;8;;;;;25010;10;;;;;25002.0;0.0
12;2700;ASH_COATED_OSMIUM;9993;12;9992;11;9989;12;10012;11;10015;15;10018;11;10002.5;0.0
12;2700;INTARIAN_PEPPER_ROOT;24995;12;24992;10;;;25008;20;25009;8;;;25001.5;0.0
12;2800;ASH_COATED_OSMIUM;9995;14;9992;10;;;10011;14;10012;12;;;10003.0;0.0
12;2800;INTARIAN_PEPPER_ROOT;24995;11;24994;10;24993;10;25007;12;25010;10;25013;8;25001.5;0.0
12;2900;ASH_COATED_OSMIUM;9994;11;9992;10;;;10000;29;10001;27;;;9997.5;0.0
12;2900;INTARIAN_PEPPER_ROOT;24995;12;24992;12;;;25008;6;25010;10;;;25002.0;0.0
12;3000;ASH_COATED_OSMIUM;9995;10;9994;21;;;10011;14;10012;12;;;10003.0;0.0
12;3000;INTARIAN_PEPPER_ROOT;24995;9;;;;;25011;12;;;;;25003.5;0.0
12;3100;ASH_COATED_OSMIUM;9988;10;;;;;10006;10;;;;;9997.5;0.0
12;3100;INTARIAN_PEPPER_ROOT;24996;8;24995;8;;;25008;10;25011;9;;;25002.5;0.0
12;3200;ASH_COATED_OSMIUM;9994;13;9993;20;;;10012;15;10015;14;;;10003.0;0.0
12;3200;INTARIAN_PEPPER_ROOT;24995;9;24992;9;;;25010;8;25012;11;;;25003.0;0.0
12;3300;ASH_COATED_OSMIUM;9989;12;9986;13;;;10005;22;10008;14;;;9997.5;0.0
12;3300;INTARIAN_PEPPER_ROOT;24997;10;24994;23;;;25010;20;25012;8;;;25003.5;0.0
12;3400;ASH_COATED_OSMIUM;9995;10;9994;11;;;10011;27;10013;10;;;10003.5;0.0
12;3400;INTARIAN_PEPPER_ROOT;24998;17;24997;11;24994;9;25011;10;25013;11;25016;12;25005.0;0.0
12;3500;ASH_COATED_OSMIUM;9990;15;9988;10;;;10006;4;10008;20;;;9998.0;0.0
12;3500;INTARIAN_PEPPER_ROOT;24995;9;24994;9;;;25012;10;25015;12;;;25003.5;0.0
12;3600;ASH_COATED_OSMIUM;9995;11;9993;10;;;10011;10;10013;14;;;10003.0;0.0
12;3600;INTARIAN_PEPPER_ROOT;24994;10;24991;23;24989;12;25007;10;25008;18;25011;11;25001.0;0.0
12;3700;ASH_COATED_OSMIUM;9990;10;9988;14;9987;12;10006;27;10008;11;10009;28;9998.5;0.0
12;3700;INTARIAN_PEPPER_ROOT;24993;9;24991;15;24990;8;25007;7;25009;8;25011;17;25000.5;0.0
12;3800;ASH_COATED_OSMIUM;9996;15;9995;11;;;10012;22;10014;13;;;10004.5;0.0
12;3800;INTARIAN_PEPPER_ROOT;24995;11;24994;12;;;25011;8;25014;12;;;25003.0;0.0
12;3900;ASH_COATED_OSMIUM;9996;11;;;;;10012;13;;;;;10004.5;0.0
12;3900;INTARIAN_PEPPER_ROOT;24995;9;24994;12;24992;12;25010;11;25011;12;25014;10;25003.0;0.0
12;4000;ASH_COATED_OSMIUM;9997;10;9994;29;9993;23;10013;13;10014;12;10017;13;10005.0;0.0
12;4000;INTARIAN_PEPPER_ROOT;24996;11;24995;4;;;25009;8;25012;9;;;25003.0;0.0
12;4100;ASH_COATED_OSMIUM;9997;13;9996;14;;;10013;14;10014;12;;;10005.5;0.0
12;4100;INTARIAN_PEPPER_ROOT;24994;9;;;;;25007;11;;;;;25001.0;0.0
12;4200;ASH_COATED_OSMIUM;9990;14;9987;11;;;10011;11;10014;11;;;10000.5;0.0
12;4200;INTARIAN_PEPPER_ROOT;24998;9;24995;12;;;25011;9;25014;10;;;25004.5;0.0
12;4300;ASH_COATED_OSMIUM;9992;13;;;;;10008;15;;;;;10000.5;0.0
12;4300;INTARIAN_PEPPER_ROOT;24995;11;;;;;25007;8;;;;;25001.5;0.0
12;4400;ASH_COATED_OSMIUM;9993;25;;;;;10009;14;;;;;10001.0;0.0
12;4400;INTARIAN_PEPPER_ROOT;24994;12;;;;;25005;12;;;;;25000.0;0.0
12;4500;ASH_COATED_OSMIUM;9999;12;9997;11;;;10015;15;10017;11;;;10007.0;0.0
12;4500;INTARIAN_PEPPER_ROOT;24997;10;24996;10;;;25009;15;25010;10;;;25003.5;0.0
12;4600;ASH_COATED_OSMIUM;9994;15;;;;;10010;13;;;;;10002.0;0.0
12;4600;INTARIAN_PEPPER_ROOT;24996;9;24993;25;24990;8;25010;11;25012;9;25013;8;25003.0;0.0
12;4700;ASH_COATED_OSMIUM;9998;14;9996;15;;;10017;10;10019;23;;;10008.0;0.0
12;4700;INTARIAN_PEPPER_ROOT;25001;8;24999;25;24997;11;25016;10;25017;22;25019;10;25009.0;0.0
12;4800;ASH_COATED_OSMIUM;10004;14;10003;25;;;10011;14;10012;29;;;10008.0;0.0
12;4800;INTARIAN_PEPPER_ROOT;24996;12;;;;;25013;9;;;;;25004.5;0.0
12;4900;ASH_COATED_OSMIUM;9999;12;9996;14;;;10015;4;10016;8;;;10007.0;0.0
12;4900;INTARIAN_PEPPER_ROOT;25000;12;24999;12;24997;3;25012;12;25014;8;25017;10;25006.5;0.0
12;5000;ASH_COATED_OSMIUM;9999;10;;;;;10015;10;;;;;10007.5;0.0
12;5000;INTARIAN_PEPPER_ROOT;25003;11;25002;17;;;25005;10;25008;11;;;25004.5;0.0
12;5100;ASH_COATED_OSMIUM;10000;10;9997;15;;;10016;15;10018;28;;;10008.0;0.0
12;5100;INTARIAN_PEPPER_ROOT;24994;12;;;;;25011;11;;;;;25002.5;0.0
12;5200;ASH_COATED_OSMIUM;10000;27;;;;;10016;15;;;;;10008.0;0.0
12;5200;INTARIAN_PEPPER_ROOT;24995;9;24994;10;24993;12;25012;9;25013;11;25016;20;25004.0;0.0
12;5300;ASH_COATED_OSMIUM;9995;8;9993;12;9992;12;10011;29;10012;11;10013;10;10003.5;0.0
12;5300;INTARIAN_PEPPER_ROOT;24995;9;24993;12;;;25009;11;25010;11;;;25002.0;0.0
12;5400;ASH_COATED_OSMIUM;9995;2;;;;;10011;15;;;;;10003.0;0.0
12;5400;INTARIAN_PEPPER_ROOT;25002;10;25000;12;;;25013;12;25015;22;;;25008.0;0.0
12;5500;ASH_COATED_OSMIUM;10000;11;9997;11;;;10016;20;10019;11;;;10008.0;0.0
12;5500;INTARIAN_PEPPER_ROOT;24999;10;24996;12;;;25010;8;25011;12;;;25004.5;0.0
12;5600;ASH_COATED_OSMIUM;9993;13;9992;10;9990;12;10012;12;10013;10;10014;13;10002.5;0.0
12;5600;INTARIAN_PEPPER_ROOT;25006;9;25004;9;;;25010;10;25013;12;;;25008.5;0.0
12;5700;ASH_COATED_OSMIUM;9999;27;9997;11;9995;15;10015;14;10018;11;10019;15;10007.5;0.0
12;5700;INTARIAN_PEPPER_ROOT;24999;24;;;;;25015;10;;;;;25007.0;0.0
12;5800;ASH_COATED_OSMIUM;9993;13;9990;13;;;10012;11;10014;22;;;10002.5;0.0
12;5800;INTARIAN_PEPPER_ROOT;24997;3;;;;;25010;9;;;;;25004.0;0.0
12;5900;ASH_COATED_OSMIUM;9993;21;9991;11;9990;10;10011;12;10012;12;10013;14;10002.0;0.0
12;5900;INTARIAN_PEPPER_ROOT;24999;11;24998;8;;;25011;9;25012;15;;;25005.5;0.0
12;6000;ASH_COATED_OSMIUM;9999;12;9997;15;;;10015;13;10018;4;;;10007.0;0.0
12;6000;INTARIAN_PEPPER_ROOT;25003;10;25001;10;25000;12;25019;9;25022;8;25025;15;25011.0;0.0
12;6100;ASH_COATED_OSMIUM;9999;13;9997;11;;;10015;13;10017;14;;;10007.0;0.0
12;6100;INTARIAN_PEPPER_ROOT;25003;11;;;;;25016;9;;;;;25009.5;0.0
12;6200;ASH_COATED_OSMIUM;9994;11;9991;13;;;10010;15;10011;11;;;10002.5;0.0
12;6200;INTARIAN_PEPPER_ROOT;24998;12;24995;9;24992;24;25010;12;25012;12;25015;12;25004.5;0.0
12;6300;ASH_COATED_OSMIUM;9999;14;9998;15;;;10015;12;10016;14;;;10007.5;0.0
12;6300;INTARIAN_PEPPER_ROOT;24998;8;24995;8;24993;17;25012;11;25014;8;25015;10;25005.5;0.0
12;6400;ASH_COATED_OSMIUM;9991;10;9989;12;;;10010;10;10012;14;;;10001.0;0.0
12;6400;INTARIAN_PEPPER_ROOT;25001;9;;;;;25014;21;;;;;25008.0;0.0
12;6500;ASH_COATED_OSMIUM;9993;12;;;;;10009;13;;;;;10001.0;0.0
12;6500;INTARIAN_PEPPER_ROOT;24997;10;24995;11;;;25013;11;25014;12;;;25005.0;0.0
12;6600;ASH_COATED_OSMIUM;9996;30;9995;12;;;10017;12;10020;15;;;10006.5;0.0
12;6600;INTARIAN_PEPPER_ROOT;24999;10;24996;11;;;25013;9;25015;9;;;25006.0;0.0
12;6700;ASH_COATED_OSMIUM;9998;13;9995;14;;;10014;12;10016;11;;;10006.5;0.0
12;6700;INTARIAN_PEPPER_ROOT;25002;8;;;;;25014;8;;;;;25008.0;0.0
12;6800;ASH_COATED_OSMIUM;9999;28;;;;;10015;14;;;;;10007.5;0.0
12;6800;INTARIAN_PEPPER_ROOT;25001;16;24999;12;24997;10;25013;8;25015;8;25017;8;25007.0;0.0
12;6900;ASH_COATED_OSMIUM;9994;14;9991;12;;;10010;13;10011;12;;;10002.5;0.0
12;6900;INTARIAN_PEPPER_ROOT;24999;12;;;;;25011;11;;;;;25005.0;0.0
12;7000;ASH_COATED_OSMIUM;9994;12;;;;;10010;25;;;;;10002.5;0.0
12;7000;INTARIAN_PEPPER_ROOT;25000;8;;;;;25013;11;;;;;25007.0;0.0
12;7100;ASH_COATED_OSMIUM;9999;2;9998;30;;;10015;12;10017;22;;;10007.5;0.0
12;7100;INTARIAN_PEPPER_ROOT;25001;9;25000;12;24998;10;25014;11;25016;11;25019;11;25008.0;0.0
12;7200;ASH_COATED_OSMIUM;9999;13;9997;12;;;10015;10;10016;14;;;10007.5;0.0
12;7200;INTARIAN_PEPPER_ROOT;25006;8;25004;11;;;25019;11;25021;8;;;25012.5;0.0
12;7300;ASH_COATED_OSMIUM;9999;15;9996;15;;;10015;10;10016;10;;;10007.5;0.0
12;7300;INTARIAN_PEPPER_ROOT;24997;24;24995;9;24992;9;25012;11;25013;8;25015;12;25004.5;0.0
12;7400;ASH_COATED_OSMIUM;9994;11;9993;12;;;10010;11;10013;10;;;10002.0;0.0
12;7400;INTARIAN_PEPPER_ROOT;25006;8;25005;19;;;25020;9;25022;11;;;25013.0;0.0
12;7500;ASH_COATED_OSMIUM;9998;11;9997;10;;;10016;10;10019;15;;;10007.5;0.0
12;7500;INTARIAN_PEPPER_ROOT;25002;10;;;;;25014;10;;;;;25008.5;0.0
12;7600;ASH_COATED_OSMIUM;9995;21;9992;12;9991;15;10011;12;10014;15;10016;14;10003.0;0.0
12;7600;INTARIAN_PEPPER_ROOT;25000;10;;;;;25012;9;;;;;25006.0;0.0
12;7700;ASH_COATED_OSMIUM;9994;15;9992;5;;;10010;11;10011;21;;;10002.5;0.0
12;7700;INTARIAN_PEPPER_ROOT;25002;8;24999;10;;;25015;8;25017;8;;;25009.0;0.0
12;7800;ASH_COATED_OSMIUM;9994;13;9991;27;9990;23;10010;11;10012;15;10014;23;10002.0;0.0
12;7800;INTARIAN_PEPPER_ROOT;25002;17;24999;21;24996;12;25014;10;25017;5;25020;11;25008.0;0.0
12;7900;ASH_COATED_OSMIUM;9995;27;9992;15;;;10011;11;10012;11;;;10003.5;0.0
12;7900;INTARIAN_PEPPER_ROOT;25007;9;;;;;25009;8;;;;;25008.5;0.0
12;8000;ASH_COATED_OSMIUM;9995;21;;;;;10011;10;;;;;10003.0;0.0
12;8000;INTARIAN_PEPPER_ROOT;24998;12;24996;10;;;25011;8;25012;12;;;25005.0;0.0
12;8100;ASH_COATED_OSMIUM;10000;15;;;;;10016;15;;;;;10008.5;0.0
12;8100;INTARIAN_PEPPER_ROOT;25001;9;;;;;25014;12;;;;;25007.5;0.0
12;8200;ASH_COATED_OSMIUM;10001;15;;;;;10017;13;;;;;10009.0;0.0
12;8200;INTARIAN_PEPPER_ROOT;25001;10;25000;9;;;25015;8;25016;11;;;25008.5;0.0
12;8300;ASH_COATED_OSMIUM;9995;12;9993;10;9990;12;10011;11;10014;13;10015;12;10003.0;0.0
12;8300;INTARIAN_PEPPER_ROOT;25002;9;25001;9;25000;15;25015;11;25017;10;25020;23;25008.5;0.0
12;8400;ASH_COATED_OSMIUM;10001;12;10000;15;9997;15;10017;15;10020;15;10021;10;10009.0;0.0
12;8400;INTARIAN_PEPPER_ROOT;25001;11;24998;11;;;25013;9;25016;12;;;25007.5;0.0
12;8500;ASH_COATED_OSMIUM;9995;12;9992;12;;;10011;14;10012;12;;;10003.5;0.0
12;8500;INTARIAN_PEPPER_ROOT;24998;10;24996;12;;;25014;12;25015;9;;;25006.0;0.0
12;8600;ASH_COATED_OSMIUM;10000;12;9998;13;;;10016;30;10019;12;;;10008.0;0.0
12;8600;INTARIAN_PEPPER_ROOT;25002;9;24999;12;24997;10;25014;11;25016;8;25017;12;25008.0;0.0
12;8700;ASH_COATED_OSMIUM;9999;13;9998;11;9996;11;10018;10;10019;21;10021;25;10008.5;0.0
12;8700;INTARIAN_PEPPER_ROOT;25000;11;24997;9;;;25015;11;25017;8;;;25008.0;0.0
12;8800;ASH_COATED_OSMIUM;10006;11;;;;;10011;30;;;;;10008.5;0.0
12;8800;INTARIAN_PEPPER_ROOT;25001;9;24998;10;24997;22;25017;10;25018;11;25021;10;25009.0;0.0
12;8900;ASH_COATED_OSMIUM;10000;10;9999;15;9997;11;10016;26;10018;30;10020;12;10008.5;0.0
12;8900;INTARIAN_PEPPER_ROOT;25002;8;;;;;25016;12;;;;;25009.0;0.0
12;9000;ASH_COATED_OSMIUM;10001;12;9999;14;;;10017;11;10019;10;;;10009.0;0.0
12;9000;INTARIAN_PEPPER_ROOT;25007;10;25005;12;;;25019;10;25021;8;;;25013.0;0.0
12;9100;ASH_COATED_OSMIUM;10001;20;9998;14;;;10017;11;10020;13;;;10009.5;0.0
12;9100;INTARIAN_PEPPER_ROOT;25000;5;24999;9;;;25014;10;25017;9;;;25007.5;0.0
12;9200;ASH_COATED_OSMIUM;10001;27;10000;14;;;10017;15;10018;11;;;10009.0;0.0
12;9200;INTARIAN_PEPPER_ROOT;25003;12;25002;11;;;25014;8;25016;8;;;25008.5;0.0
12;9300;ASH_COATED_OSMIUM;10003;10;10001;11;;;10013;13;10015;21;;;10008.0;0.0
12;9300;INTARIAN_PEPPER_ROOT;25007;17;25004;7;;;25018;9;25021;11;;;25012.5;0.0
12;9400;ASH_COATED_OSMIUM;10004;11;;;;;10012;14;;;;;10008.5;0.0
12;9400;INTARIAN_PEPPER_ROOT;25007;8;;;;;25020;11;;;;;25013.5;0.0
12;9500;ASH_COATED_OSMIUM;10001;15;;;;;10017;14;;;;;10009.0;0.0
12;9500;INTARIAN_PEPPER_ROOT;25003;12;;;;;25016;11;;;;;25009.5;0.0
12;9600;ASH_COATED_OSMIUM;9995;10;9992;15;;;10011;15;10014;26;;;10003.5;0.0
12;9600;INTARIAN_PEPPER_ROOT;25000;9;24999;12;;;25018;12;25020;8;;;25009.0;0.0
12;9700;ASH_COATED_OSMIUM;10000;10;;;;;10016;13;;;;;10008.5;0.0
12;9700;INTARIAN_PEPPER_ROOT;25006;9;25004;12;25001;12;25018;11;25020;10;25022;19;25012.5;0.0
12;9800;ASH_COATED_OSMIUM;10000;10;;;;;10016;10;;;;;10008.5;0.0
12;9800;INTARIAN_PEPPER_ROOT;25001;8;24998;12;;;25012;9;25013;9;;;25006.5;0.0
12;9900;ASH_COATED_OSMIUM;10000;28;9997;10;9994;24;10016;14;10018;13;10021;12;10008.0;0.0
12;9900;INTARIAN_PEPPER_ROOT;25005;12;25003;12;;;25020;12;25021;12;;;25012.5;0.0
12;10000;ASH_COATED_OSMIUM;10000;14;;;;;10016;29;;;;;10008.0;0.0
12;10000;INTARIAN_PEPPER_ROOT;25001;12;;;;;25014;8;;;;;25008.0;0.0
12;10100;ASH_COATED_OSMIUM;9995;10;;;;;10011;11;;;;;10003.0;0.0
12;10100;INTARIAN_PEPPER_ROOT;25008;11;25005;10;25003;8;25020;11;25021;8;25022;12;25014.5;0.0
12;10200;ASH_COATED_OSMIUM;9995;12;9992;13;9990;14;10011;14;10013;11;10014;13;10003.5;0.0
12;10200;INTARIAN_PEPPER_ROOT;25003;10;;;;;25018;11;;;;;25010.5;0.0
12;10300;ASH_COATED_OSMIUM;10001;26;10000;24;;;10017;13;10019;10;;;10009.0;0.0
12;10300;INTARIAN_PEPPER_ROOT;25004;10;25001;8;;;25017;22;25020;11;;;25011.0;0.0
12;10400;ASH_COATED_OSMIUM;10001;2;;;;;10017;9;;;;;10009.0;0.0
12;10400;INTARIAN_PEPPER_ROOT;25004;23;;;;;25017;10;;;;;25010.5;0.0
12;10500;ASH_COATED_OSMIUM;10000;14;9999;7;;;10018;24;10021;15;;;10009.0;0.0
12;10500;INTARIAN_PEPPER_ROOT;25004;22;;;;;25018;20;;;;;25011.5;0.0
12;10600;ASH_COATED_OSMIUM;9996;26;9995;30;9994;14;10012;13;10015;15;10017;13;10004.0;0.0
12;10600;INTARIAN_PEPPER_ROOT;25001;8;24999;11;24997;24;25015;12;25017;9;25020;12;25008.5;0.0
12;10700;ASH_COATED_OSMIUM;9995;15;9993;2;;;10011;12;10013;22;;;10003.5;0.0
12;10700;INTARIAN_PEPPER_ROOT;25003;11;;;;;25015;19;;;;;25009.0;0.0
12;10800;ASH_COATED_OSMIUM;10000;12;9997;15;;;10016;10;10019;15;;;10008.0;0.0
12;10800;INTARIAN_PEPPER_ROOT;25006;12;;;;;25018;8;;;;;25012.0;0.0
12;10900;ASH_COATED_OSMIUM;9999;13;;;;;10017;11;;;;;10008.0;0.0
12;10900;INTARIAN_PEPPER_ROOT;25005;12;25004;12;;;25017;9;25020;11;;;25011.0;0.0
12;11000;ASH_COATED_OSMIUM;9995;8;9992;10;;;10011;11;10014;10;;;10003.5;0.0
12;11000;INTARIAN_PEPPER_ROOT;25006;9;25004;11;25002;10;25017;11;25019;11;25020;23;25011.5;0.0
12;11100;ASH_COATED_OSMIUM;9993;13;9992;10;9990;12;10014;11;10016;13;10017;4;10003.5;0.0
12;11100;INTARIAN_PEPPER_ROOT;25004;11;;;;;25017;11;;;;;25011.0;0.0
12;11200;ASH_COATED_OSMIUM;9994;28;9993;23;;;10012;10;10014;14;;;10003.5;0.0
12;11200;INTARIAN_PEPPER_ROOT;25001;8;;;;;25015;8;;;;;25008.5;0.0
12;11300;ASH_COATED_OSMIUM;10000;23;;;;;10016;12;;;;;10008.5;0.0
12;11300;INTARIAN_PEPPER_ROOT;25005;9;25002;12;25001;10;25016;19;25017;9;25018;12;25010.5;0.0
12;11400;ASH_COATED_OSMIUM;9995;13;9992;15;;;10011;24;10012;14;;;10003.5;0.0
12;11400;INTARIAN_PEPPER_ROOT;25008;10;25005;9;;;25022;17;25023;8;;;25015.5;0.0
12;11500;ASH_COATED_OSMIUM;10000;14;;;;;10016;13;;;;;10008.5;0.0
12;11500;INTARIAN_PEPPER_ROOT;25004;17;;;;;25016;10;;;;;25010.5;0.0
12;11600;ASH_COATED_OSMIUM;9995;13;9993;13;;;10011;21;10012;5;;;10003.0;0.0
12;11600;INTARIAN_PEPPER_ROOT;25004;12;;;;;25020;10;;;;;25012.0;0.0
12;11700;ASH_COATED_OSMIUM;9994;14;9993;28;;;10013;10;10014;11;;;10003.5;0.0
12;11700;INTARIAN_PEPPER_ROOT;25004;11;25002;10;24999;11;25019;8;25020;5;25021;8;25011.5;0.0
12;11800;ASH_COATED_OSMIUM;9999;15;9998;13;;;10017;14;10020;15;;;10008.5;0.0
12;11800;INTARIAN_PEPPER_ROOT;25001;8;24998;12;24996;10;25014;11;25016;8;25018;9;25007.5;0.0
12;11900;ASH_COATED_OSMIUM;9996;10;9993;11;;;10012;13;10015;28;;;10004.0;0.0
12;11900;INTARIAN_PEPPER_ROOT;25007;8;25004;20;;;25018;24;25020;10;;;25013.0;0.0
12;12000;ASH_COATED_OSMIUM;10004;13;10002;13;;;10015;13;10016;13;;;10009.5;0.0
12;12000;INTARIAN_PEPPER_ROOT;25011;9;25008;11;25007;12;25025;9;25028;23;25031;10;25018.5;0.0
12;12100;ASH_COATED_OSMIUM;10001;11;9999;10;9997;24;10017;13;10020;14;10022;12;10009.5;0.0
12;12100;INTARIAN_PEPPER_ROOT;25007;12;25005;8;25002;9;25020;11;25023;24;25026;9;25013.5;0.0
12;12200;ASH_COATED_OSMIUM;9996;14;9994;14;;;10012;11;10015;25;;;10004.0;0.0
12;12200;INTARIAN_PEPPER_ROOT;25007;9;25005;10;;;25021;12;25022;9;;;25014.5;0.0
12;12300;ASH_COATED_OSMIUM;10004;23;;;;;10013;10;;;;;10009.0;0.0
12;12300;INTARIAN_PEPPER_ROOT;25009;8;25007;12;;;25023;17;25024;10;;;25016.0;0.0
12;12400;ASH_COATED_OSMIUM;9995;11;9993;28;9992;13;10011;11;10013;13;10014;24;10003.5;0.0
12;12400;INTARIAN_PEPPER_ROOT;25003;11;25000;9;;;25017;12;25020;9;;;25010.5;0.0
12;12500;ASH_COATED_OSMIUM;9997;11;9996;13;9993;3;10008;12;10009;29;10012;13;10003.0;0.0
12;12500;INTARIAN_PEPPER_ROOT;25004;12;25003;8;25000;22;25017;8;25020;24;25022;11;25011.0;0.0
12;12600;ASH_COATED_OSMIUM;9998;12;;;;;10017;10;;;;;10008.0;0.0
12;12600;INTARIAN_PEPPER_ROOT;25014;11;25013;11;25010;25;25017;8;25018;11;25021;25;25015.5;0.0
12;12700;ASH_COATED_OSMIUM;9993;12;;;;;10012;11;;;;;10002.5;0.0
12;12700;INTARIAN_PEPPER_ROOT;25011;8;25008;8;25006;11;25023;12;25026;15;25027;8;25017.0;0.0
12;12800;ASH_COATED_OSMIUM;9999;13;9998;20;;;10006;15;10007;10;;;10002.5;0.0
12;12800;INTARIAN_PEPPER_ROOT;25007;10;25005;11;;;25018;9;25019;8;;;25012.5;0.0
12;12900;ASH_COATED_OSMIUM;9993;15;9991;12;;;10009;10;10011;10;;;10001.5;0.0
12;12900;INTARIAN_PEPPER_ROOT;25006;11;;;;;25019;8;;;;;25012.5;0.0
12;13000;ASH_COATED_OSMIUM;9993;12;9990;14;;;10009;24;10011;11;;;10001.5;0.0
12;13000;INTARIAN_PEPPER_ROOT;25002;8;;;;;25016;12;;;;;25009.5;0.0
12;13100;ASH_COATED_OSMIUM;9998;11;9997;13;;;10014;25;10016;20;;;10006.0;0.0
12;13100;INTARIAN_PEPPER_ROOT;25008;11;25006;12;25003;9;25020;10;25023;9;25026;10;25014.5;0.0
12;13200;ASH_COATED_OSMIUM;9991;22;9988;7;;;10009;10;10010;10;;;10000.5;0.0
12;13200;INTARIAN_PEPPER_ROOT;25005;10;;;;;25017;11;;;;;25011.5;0.0
12;13300;ASH_COATED_OSMIUM;10001;15;9999;10;;;10010;13;10013;26;;;10005.5;0.0
12;13300;INTARIAN_PEPPER_ROOT;25006;10;25004;15;25001;8;25018;9;25019;25;25021;10;25012.5;0.0
12;13400;ASH_COATED_OSMIUM;9995;10;;;;;10004;12;;;;;10000.0;0.0
12;13400;INTARIAN_PEPPER_ROOT;25008;12;25006;11;;;25020;12;25021;11;;;25014.5;0.0
12;13500;ASH_COATED_OSMIUM;9990;26;9989;14;;;10009;11;10012;15;;;10000.0;0.0
12;13500;INTARIAN_PEPPER_ROOT;25005;9;25003;10;;;25021;22;25024;23;;;25013.0;0.0
12;13600;ASH_COATED_OSMIUM;9997;15;9996;24;;;10013;13;10014;10;;;10005.0;0.0
12;13600;INTARIAN_PEPPER_ROOT;25004;8;;;;;25022;9;;;;;25013.5;0.0
12;13700;ASH_COATED_OSMIUM;9997;13;;;;;10013;10;;;;;10005.5;0.0
12;13700;INTARIAN_PEPPER_ROOT;25013;9;;;;;25025;19;;;;;25019.0;0.0
12;13800;ASH_COATED_OSMIUM;9992;13;9990;14;;;10008;15;10009;14;;;10000.0;0.0
12;13800;INTARIAN_PEPPER_ROOT;25009;8;25007;9;25006;11;25021;11;25023;10;25026;17;25015.0;0.0
12;13900;ASH_COATED_OSMIUM;9998;13;9995;14;;;10014;10;10017;14;;;10006.0;0.0
12;13900;INTARIAN_PEPPER_ROOT;25009;20;25008;11;;;25020;9;25022;10;;;25014.5;0.0
12;14000;ASH_COATED_OSMIUM;9998;14;9996;13;;;10014;5;10015;10;;;10006.0;0.0
12;14000;INTARIAN_PEPPER_ROOT;25011;9;;;;;25024;12;;;;;25017.5;0.0
12;14100;ASH_COATED_OSMIUM;9992;10;9990;14;9988;27;10008;11;10011;11;10012;12;10000.5;0.0
12;14100;INTARIAN_PEPPER_ROOT;25012;12;;;;;25023;12;;;;;25017.5;0.0
12;14200;ASH_COATED_OSMIUM;9991;4;9990;13;;;10010;11;10012;5;;;10000.5;0.0
12;14200;INTARIAN_PEPPER_ROOT;25008;12;;;;;25022;1;;;;;25015.0;0.0
12;14300;ASH_COATED_OSMIUM;9997;13;;;;;10013;12;;;;;10005.5;0.0
12;14300;INTARIAN_PEPPER_ROOT;25006;24;25003;10;;;25020;11;25021;24;;;25013.0;0.0
12;14400;ASH_COATED_OSMIUM;9992;10;;;;;10008;14;;;;;10000.5;0.0
12;14400;INTARIAN_PEPPER_ROOT;25007;10;25004;9;25001;10;25021;9;25023;9;25026;9;25014.0;0.0
12;14500;ASH_COATED_OSMIUM;9992;23;9989;15;;;10008;10;10009;10;;;10000.5;0.0
12;14500;INTARIAN_PEPPER_ROOT;25007;12;25006;18;;;25020;15;25023;4;;;25014.0;0.0
12;14600;ASH_COATED_OSMIUM;9990;14;;;;;10009;12;;;;;10000.0;0.0
12;14600;INTARIAN_PEPPER_ROOT;25002;12;25000;9;;;25016;12;25018;12;;;25009.0;0.0
12;14700;ASH_COATED_OSMIUM;9991;13;9988;13;;;10007;12;10010;12;;;9999.5;0.0
12;14700;INTARIAN_PEPPER_ROOT;25011;9;;;;;25025;10;;;;;25018.0;0.0
12;14800;ASH_COATED_OSMIUM;9991;5;;;;;10007;25;;;;;9999.5;0.0
12;14800;INTARIAN_PEPPER_ROOT;25000;9;;;;;25018;11;;;;;25009.0;0.0
12;14900;ASH_COATED_OSMIUM;9997;11;;;;;10013;14;;;;;10005.0;0.0
12;14900;INTARIAN_PEPPER_ROOT;25010;11;;;;;25022;9;;;;;25016.5;0.0
12;15000;ASH_COATED_OSMIUM;9991;12;9990;14;;;10007;4;10009;14;;;9999.5;0.0
12;15000;INTARIAN_PEPPER_ROOT;25007;15;;;;;25023;10;;;;;25015.0;0.0
12;15100;ASH_COATED_OSMIUM;9991;22;9990;15;;;10007;10;10008;11;;;9999.5;0.0
12;15100;INTARIAN_PEPPER_ROOT;25008;12;25005;9;25004;17;25022;8;25024;11;25027;15;25015.0;0.0
12;15200;ASH_COATED_OSMIUM;9996;14;9994;24;;;10014;11;10017;12;;;10005.0;0.0
12;15200;INTARIAN_PEPPER_ROOT;25010;12;25008;8;25005;10;25021;9;25023;8;25025;15;25015.5;0.0
12;15300;ASH_COATED_OSMIUM;9990;14;;;;;10009;12;;;;;10000.0;0.0
12;15300;INTARIAN_PEPPER_ROOT;25008;11;25006;9;25003;11;25023;11;25024;12;25025;11;25016.0;0.0
12;15400;ASH_COATED_OSMIUM;9992;11;9990;10;;;10008;13;10011;4;;;10000.0;0.0
12;15400;INTARIAN_PEPPER_ROOT;25011;15;25008;8;;;25022;9;25025;10;;;25017.0;0.0
12;15500;ASH_COATED_OSMIUM;9992;12;;;;;10008;12;;;;;10000.0;0.0
12;15500;INTARIAN_PEPPER_ROOT;25009;9;25007;5;;;25021;9;25023;11;;;25015.5;0.0
12;15600;ASH_COATED_OSMIUM;9990;10;9988;23;;;10009;11;10011;11;;;10000.0;0.0
12;15600;INTARIAN_PEPPER_ROOT;25009;8;;;;;25023;10;;;;;25016.5;0.0
12;15700;ASH_COATED_OSMIUM;9997;15;9995;12;9992;11;10013;13;10015;27;10016;11;10005.5;0.0
12;15700;INTARIAN_PEPPER_ROOT;25009;9;25006;12;25003;22;25023;8;25026;10;25029;8;25016.0;0.0
12;15800;ASH_COATED_OSMIUM;9998;14;9997;15;;;10014;10;10017;15;;;10006.0;0.0
12;15800;INTARIAN_PEPPER_ROOT;25009;9;25006;9;25003;11;25023;9;25024;8;25027;9;25016.0;0.0
12;15900;ASH_COATED_OSMIUM;9993;12;9991;14;;;10009;10;10011;11;;;10001.5;0.0
12;15900;INTARIAN_PEPPER_ROOT;25010;9;25007;9;25004;12;25024;22;25026;12;25028;22;25017.5;0.0
12;16000;ASH_COATED_OSMIUM;9992;10;9990;10;;;10010;3;10011;13;;;10001.5;0.0
12;16000;INTARIAN_PEPPER_ROOT;25004;22;25002;12;25000;24;25020;8;25022;9;25025;10;25012.5;0.0
12;16100;ASH_COATED_OSMIUM;9994;12;9992;14;9990;14;10010;11;10013;3;10016;13;10002.0;0.0
12;16100;INTARIAN_PEPPER_ROOT;25010;10;25009;8;;;25024;11;25027;11;;;25017.5;0.0
12;16200;ASH_COATED_OSMIUM;9994;14;9992;14;9989;14;10010;4;10012;30;10015;10;10002.5;0.0
12;16200;INTARIAN_PEPPER_ROOT;25007;8;;;;;25020;12;;;;;25014.0;0.0
12;16300;ASH_COATED_OSMIUM;10002;21;9999;13;9996;15;10013;10;10014;11;10017;13;10007.5;0.0
12;16300;INTARIAN_PEPPER_ROOT;25010;9;25009;11;25007;11;25022;24;25025;10;25026;9;25016.0;0.0
12;16400;ASH_COATED_OSMIUM;9993;7;9990;11;9988;13;10012;11;10015;11;10016;12;10002.5;0.0
12;16400;INTARIAN_PEPPER_ROOT;25013;8;;;;;25027;11;;;;;25020.0;0.0
12;16500;ASH_COATED_OSMIUM;9994;14;9993;12;;;10010;10;10012;25;;;10002.0;0.0
12;16500;INTARIAN_PEPPER_ROOT;25009;9;;;;;25023;9;;;;;25016.5;0.0
12;16600;ASH_COATED_OSMIUM;9993;28;9990;10;;;10012;14;10014;15;;;10002.5;0.0
12;16600;INTARIAN_PEPPER_ROOT;25005;8;25004;11;25002;12;25021;9;25023;8;25024;18;25013.0;0.0
12;16700;ASH_COATED_OSMIUM;9993;20;9990;12;;;10012;13;10014;11;;;10002.5;0.0
12;16700;INTARIAN_PEPPER_ROOT;25010;8;25009;23;;;25022;25;25025;12;;;25016.5;0.0
12;16800;ASH_COATED_OSMIUM;9999;13;9998;15;9997;14;10015;10;10016;15;10018;11;10007.5;0.0
12;16800;INTARIAN_PEPPER_ROOT;25006;11;25005;8;;;25019;10;25020;9;;;25012.5;0.0
12;16900;ASH_COATED_OSMIUM;9999;13;9997;25;;;10015;10;10017;10;;;10007.0;0.0
12;16900;INTARIAN_PEPPER_ROOT;25009;9;25006;11;;;25022;8;25024;10;;;25016.0;0.0
12;17000;ASH_COATED_OSMIUM;9993;27;9990;15;;;10009;13;10010;12;;;10001.5;0.0
12;17000;INTARIAN_PEPPER_ROOT;25011;17;25009;11;25006;8;25023;12;25024;12;25026;12;25017.5;0.0
12;17100;ASH_COATED_OSMIUM;9998;13;9996;28;9995;12;10014;12;10017;27;10018;14;10006.5;0.0
12;17100;INTARIAN_PEPPER_ROOT;25010;11;;;;;25024;25;;;;;25017.5;0.0
12;17200;ASH_COATED_OSMIUM;9993;14;9991;14;;;10009;12;10012;15;;;10001.5;0.0
12;17200;INTARIAN_PEPPER_ROOT;25012;8;;;;;25024;11;;;;;25018.0;0.0
12;17300;ASH_COATED_OSMIUM;9993;13;;;;;10009;24;;;;;10001.0;0.0
12;17300;INTARIAN_PEPPER_ROOT;25010;9;25009;8;25006;12;25027;8;25030;9;25032;8;25019.0;0.0
12;17400;ASH_COATED_OSMIUM;9993;15;;;;;10009;12;;;;;10001.0;0.0
12;17400;INTARIAN_PEPPER_ROOT;25020;11;25019;10;;;25034;12;25037;25;;;25027.0;0.0
12;17500;ASH_COATED_OSMIUM;9998;11;9996;12;;;10014;14;10016;10;;;10006.5;0.0
12;17500;INTARIAN_PEPPER_ROOT;25010;12;25009;17;;;25023;8;25025;9;;;25016.5;0.0
12;17600;ASH_COATED_OSMIUM;9993;15;9991;13;;;10009;13;10012;27;;;10001.0;0.0
12;17600;INTARIAN_PEPPER_ROOT;25010;11;25009;18;;;25023;8;25026;8;;;25016.5;0.0
12;17700;ASH_COATED_OSMIUM;9991;26;9989;11;9987;12;10009;12;10010;6;10013;12;10000.5;0.0
12;17700;INTARIAN_PEPPER_ROOT;25009;11;25006;8;;;25023;20;25025;21;;;25016.5;0.0
12;17800;ASH_COATED_OSMIUM;9992;25;9989;13;9988;10;10008;12;10011;10;10012;14;10000.5;0.0
12;17800;INTARIAN_PEPPER_ROOT;25007;8;25004;11;25002;24;25020;11;25022;10;25025;22;25013.5;0.0
12;17900;ASH_COATED_OSMIUM;9991;11;;;;;10009;15;;;;;10000.5;0.0
12;17900;INTARIAN_PEPPER_ROOT;25010;9;25009;12;25007;11;25025;8;25028;10;25030;8;25018.0;0.0
12;18000;ASH_COATED_OSMIUM;9992;20;9990;15;;;10008;10;10009;13;;;10000.5;0.0
12;18000;INTARIAN_PEPPER_ROOT;25009;8;;;;;25023;10;;;;;25016.5;0.0
12;18100;ASH_COATED_OSMIUM;9995;28;9992;13;;;10014;10;10015;10;;;10005.0;0.0
12;18100;INTARIAN_PEPPER_ROOT;25012;8;25009;10;25008;8;25026;8;25027;10;25030;8;25019.0;0.0
12;18200;ASH_COATED_OSMIUM;9992;15;9989;25;9988;10;10008;15;10010;30;10011;12;10000.5;0.0
12;18200;INTARIAN_PEPPER_ROOT;25009;10;;;;;25023;9;;;;;25016.5;0.0
12;18300;ASH_COATED_OSMIUM;9998;15;9995;10;9992;10;10014;10;10017;14;10019;15;10006.0;0.0
12;18300;INTARIAN_PEPPER_ROOT;25012;11;25010;11;;;25024;11;25027;11;;;25018.5;0.0
12;18400;ASH_COATED_OSMIUM;9997;14;;;;;10013;14;;;;;10005.5;0.0
12;18400;INTARIAN_PEPPER_ROOT;25011;8;25009;9;;;25022;9;25025;23;;;25016.5;0.0
12;18500;ASH_COATED_OSMIUM;9997;15;;;;;10013;11;;;;;10005.5;0.0
12;18500;INTARIAN_PEPPER_ROOT;25015;11;;;;;25026;8;;;;;25021.0;0.0
12;18600;ASH_COATED_OSMIUM;9992;15;;;;;10008;13;;;;;10000.5;0.0
12;18600;INTARIAN_PEPPER_ROOT;25011;8;25009;11;;;25022;12;25023;9;;;25016.5;0.0
12;18700;ASH_COATED_OSMIUM;9992;20;;;;;10008;24;;;;;10000.0;0.0
12;18700;INTARIAN_PEPPER_ROOT;25011;9;25008;10;25007;10;25024;8;25025;8;25026;12;25018.0;0.0
12;18800;ASH_COATED_OSMIUM;9993;15;9991;10;9989;14;10009;14;10010;14;10011;11;10001.5;0.0
12;18800;INTARIAN_PEPPER_ROOT;25010;11;25009;11;;;25024;23;25026;8;;;25017.0;0.0
12;18900;ASH_COATED_OSMIUM;9998;12;;;;;10014;10;;;;;10006.5;0.0
12;18900;INTARIAN_PEPPER_ROOT;25017;8;25014;8;25012;8;25020;11;25022;11;25024;9;25018.5;0.0
12;19000;ASH_COATED_OSMIUM;9998;10;9997;11;9996;12;10014;15;10016;11;10019;11;10006.0;0.0
12;19000;INTARIAN_PEPPER_ROOT;25012;11;25010;11;25009;11;25025;21;25026;12;25027;12;25018.5;0.0
12;19100;ASH_COATED_OSMIUM;9992;28;9989;24;9986;14;10008;15;10009;10;10010;13;10000.5;0.0
12;19100;INTARIAN_PEPPER_ROOT;25011;12;25008;10;;;25027;9;25030;8;;;25019.5;0.0
12;19200;ASH_COATED_OSMIUM;9992;14;;;;;10008;13;;;;;10000.5;0.0
12;19200;INTARIAN_PEPPER_ROOT;25011;10;25008;9;;;25027;11;25029;9;;;25019.0;0.0
12;19300;ASH_COATED_OSMIUM;9996;14;9994;13;9992;13;10015;10;10018;23;10019;11;10005.5;0.0
12;19300;INTARIAN_PEPPER_ROOT;25008;8;;;;;25021;12;;;;;25015.0;0.0
12;19400;ASH_COATED_OSMIUM;9991;28;9988;11;;;10010;15;10012;15;;;10000.5;0.0
12;19400;INTARIAN_PEPPER_ROOT;25013;10;25012;9;;;25025;12;25026;8;;;25019.0;0.0
12;19500;ASH_COATED_OSMIUM;10002;13;9999;24;;;10009;12;10011;10;;;10006.0;0.0
12;19500;INTARIAN_PEPPER_ROOT;25008;23;25005;10;;;25025;24;25028;11;;;25016.5;0.0
12;19600;ASH_COATED_OSMIUM;9997;29;9994;13;9991;11;10013;14;10014;13;10016;23;10005.5;0.0
12;19600;INTARIAN_PEPPER_ROOT;25012;12;;;;;25025;8;;;;;25019.0;0.0
12;19700;ASH_COATED_OSMIUM;9996;12;9994;10;;;10012;10;10014;11;;;10004.5;0.0
12;19700;INTARIAN_PEPPER_ROOT;25016;18;25015;9;;;25027;10;25030;11;;;25021.5;0.0
12;19800;ASH_COATED_OSMIUM;9990;21;;;;;10008;14;;;;;9999.0;0.0
12;19800;INTARIAN_PEPPER_ROOT;25013;24;25011;8;;;25027;12;25029;10;;;25020.5;0.0
12;19900;ASH_COATED_OSMIUM;9996;11;;;;;10012;14;;;;;10004.0;0.0
12;19900;INTARIAN_PEPPER_ROOT;25011;8;25009;9;25008;11;25022;8;25025;11;25026;8;25017.0;0.0
12;20000;ASH_COATED_OSMIUM;9994;10;9993;11;9990;13;10015;10;10017;10;10018;14;10004.5;0.0
12;20000;INTARIAN_PEPPER_ROOT;25013;10;25010;8;25007;9;25024;11;25026;8;25028;10;25019.0;0.0
12;20100;ASH_COATED_OSMIUM;9995;14;;;;;10014;12;;;;;10004.5;0.0
12;20100;INTARIAN_PEPPER_ROOT;25014;25;25012;9;;;25028;8;25029;9;;;25021.5;0.0
12;20200;ASH_COATED_OSMIUM;9990;13;9987;10;;;10006;21;10009;14;;;9998.5;0.0
12;20200;INTARIAN_PEPPER_ROOT;25014;9;25011;9;25008;10;25028;12;25029;8;25032;10;25021.5;0.0
12;20300;ASH_COATED_OSMIUM;9996;12;9993;13;9991;11;10012;13;10013;13;10014;12;10004.5;0.0
12;20300;INTARIAN_PEPPER_ROOT;25015;9;25013;9;;;25033;11;25035;10;;;25024.0;0.0
12;20400;ASH_COATED_OSMIUM;9997;10;9995;15;9994;13;10013;13;10016;13;10019;10;10005.0;0.0
12;20400;INTARIAN_PEPPER_ROOT;25016;22;25014;8;25013;10;25032;10;25034;19;25036;9;25024.5;0.0
12;20500;ASH_COATED_OSMIUM;9996;12;;;;;10012;11;;;;;10004.5;0.0
12;20500;INTARIAN_PEPPER_ROOT;25010;8;;;;;25024;8;;;;;25017.5;0.0
12;20600;ASH_COATED_OSMIUM;9997;10;9994;10;;;10013;10;10014;10;;;10005.0;0.0
12;20600;INTARIAN_PEPPER_ROOT;25012;21;25010;10;;;25030;11;25032;11;;;25021.5;0.0
12;20700;ASH_COATED_OSMIUM;9995;11;9992;15;9991;10;10014;15;10016;15;10019;12;10005.0;0.0
12;20700;INTARIAN_PEPPER_ROOT;25016;10;25013;11;;;25027;8;25029;16;;;25021.5;0.0
12;20800;ASH_COATED_OSMIUM;9992;12;;;;;10008;10;;;;;10000.0;0.0
12;20800;INTARIAN_PEPPER_ROOT;25017;9;25015;11;;;25029;8;25030;11;;;25023.5;0.0
12;20900;ASH_COATED_OSMIUM;9997;5;9996;26;;;10002;12;10005;12;;;10000.0;0.0
12;20900;INTARIAN_PEPPER_ROOT;25017;24;25016;9;;;25028;8;25030;9;;;25022.5;0.0
12;21000;ASH_COATED_OSMIUM;9992;14;9989;11;;;10008;14;10009;14;;;10000.0;0.0
12;21000;INTARIAN_PEPPER_ROOT;25016;8;25014;17;;;25030;10;25031;12;;;25023.0;0.0
12;21100;ASH_COATED_OSMIUM;9997;24;9994;28;;;10013;11;10015;14;;;10005.5;0.0
12;21100;INTARIAN_PEPPER_ROOT;25015;8;;;;;25026;9;;;;;25021.0;0.0
12;21200;ASH_COATED_OSMIUM;9997;15;9996;15;9993;12;10013;10;10016;14;10018;12;10005.5;0.0
12;21200;INTARIAN_PEPPER_ROOT;25017;9;;;;;25032;8;;;;;25024.5;0.0
12;21300;ASH_COATED_OSMIUM;9997;14;9996;7;;;10013;11;10014;12;;;10005.5;0.0
12;21300;INTARIAN_PEPPER_ROOT;25013;16;25011;9;;;25025;24;25027;9;;;25019.0;0.0
12;21400;ASH_COATED_OSMIUM;9996;14;;;;;10014;14;;;;;10005.5;0.0
12;21400;INTARIAN_PEPPER_ROOT;25015;12;;;;;25031;9;;;;;25023.0;0.0
12;21500;ASH_COATED_OSMIUM;9997;12;9996;13;9995;12;10013;13;10014;15;10017;20;10005.0;0.0
12;21500;INTARIAN_PEPPER_ROOT;25018;11;25016;19;;;25029;19;25031;3;;;25024.0;0.0
12;21600;ASH_COATED_OSMIUM;9992;12;9989;29;9988;13;10008;14;10011;11;10014;9;10000.0;0.0
12;21600;INTARIAN_PEPPER_ROOT;25016;8;25015;8;;;25028;24;25030;12;;;25022.0;0.0
12;21700;ASH_COATED_OSMIUM;9992;13;9989;14;9986;13;10008;12;10011;13;10014;11;10000.0;0.0
12;21700;INTARIAN_PEPPER_ROOT;25016;11;25015;11;;;25030;10;25031;12;;;25023.0;0.0
12;21800;ASH_COATED_OSMIUM;9988;10;9985;14;9982;14;10009;15;10010;15;10011;14;9999.0;0.0
12;21800;INTARIAN_PEPPER_ROOT;25015;12;25014;8;25013;11;25029;9;25031;16;25034;20;25022.0;0.0
12;21900;ASH_COATED_OSMIUM;9996;10;9993;12;9991;11;10012;15;10014;14;10015;12;10004.5;0.0
12;21900;INTARIAN_PEPPER_ROOT;25016;8;25015;11;25014;8;25029;8;25031;18;25034;10;25023.0;0.0
12;22000;ASH_COATED_OSMIUM;9991;3;9989;13;;;10007;10;10008;15;;;9999.5;0.0
12;22000;INTARIAN_PEPPER_ROOT;25015;12;;;;;25026;15;;;;;25021.0;0.0
12;22100;ASH_COATED_OSMIUM;9991;11;9988;27;;;10007;12;10008;15;;;9999.0;0.0
12;22100;INTARIAN_PEPPER_ROOT;25014;10;;;;;25028;11;;;;;25021.5;0.0
12;22200;ASH_COATED_OSMIUM;9996;21;9995;13;;;10012;21;10013;11;;;10004.0;0.0
12;22200;INTARIAN_PEPPER_ROOT;25017;10;25016;8;25014;9;25029;25;25031;17;25032;12;25023.0;0.0
12;22300;ASH_COATED_OSMIUM;9991;10;9988;11;;;10007;3;10009;10;;;9999.0;0.0
12;22300;INTARIAN_PEPPER_ROOT;25015;12;25014;9;25012;12;25032;11;25035;12;25038;9;25023.5;0.0
12;22400;ASH_COATED_OSMIUM;9995;14;9994;12;;;10014;14;10017;10;;;10004.5;0.0
12;22400;INTARIAN_PEPPER_ROOT;25017;9;;;;;25028;9;;;;;25022.5;0.0
12;22500;ASH_COATED_OSMIUM;9996;13;;;;;10012;14;;;;;10004.5;0.0
12;22500;INTARIAN_PEPPER_ROOT;25016;9;25015;9;;;25028;11;25030;12;;;25022.5;0.0
12;22600;ASH_COATED_OSMIUM;9994;14;;;;;10005;15;;;;;10000.0;0.0
12;22600;INTARIAN_PEPPER_ROOT;25013;12;25012;8;;;25030;10;25031;11;;;25022.0;0.0
12;22700;ASH_COATED_OSMIUM;9997;27;9995;24;9994;13;10013;14;10016;11;10018;14;10005.0;0.0
12;22700;INTARIAN_PEPPER_ROOT;25014;8;25011;3;;;25025;10;25027;12;;;25020.0;0.0
12;22800;ASH_COATED_OSMIUM;9991;23;9988;12;9986;10;10007;7;10008;13;10009;11;9999.5;0.0
12;22800;INTARIAN_PEPPER_ROOT;25011;9;25008;8;25005;11;25023;12;25026;11;25028;20;25017.5;0.0
12;22900;ASH_COATED_OSMIUM;9991;11;9988;11;;;10007;28;10010;14;;;9999.5;0.0
12;22900;INTARIAN_PEPPER_ROOT;25016;9;;;;;25027;9;;;;;25021.5;0.0
12;23000;ASH_COATED_OSMIUM;9991;15;9990;15;9987;12;10007;13;10010;14;10012;29;9999.5;0.0
12;23000;INTARIAN_PEPPER_ROOT;25013;8;25011;12;;;25030;11;25033;25;;;25022.0;0.0
12;23100;ASH_COATED_OSMIUM;9991;13;9989;10;9988;10;10007;11;10010;30;10013;10;9999.0;0.0
12;23100;INTARIAN_PEPPER_ROOT;25012;12;25011;11;25008;23;25023;10;25025;9;25028;12;25017.5;0.0
12;23200;ASH_COATED_OSMIUM;9994;30;9992;15;;;10015;24;10016;20;;;10004.5;0.0
12;23200;INTARIAN_PEPPER_ROOT;25014;8;25011;25;25008;10;25028;20;25030;22;25032;23;25021.5;0.0
12;23300;ASH_COATED_OSMIUM;9991;12;9989;13;;;10007;14;10008;15;;;9999.5;0.0
12;23300;INTARIAN_PEPPER_ROOT;25015;10;25012;12;25011;9;25029;11;25030;10;25032;9;25022.5;0.0
12;23400;ASH_COATED_OSMIUM;9991;12;9989;13;;;10007;12;10010;14;;;9999.5;0.0
12;23400;INTARIAN_PEPPER_ROOT;25021;8;;;;;25033;10;;;;;25027.0;0.0
12;23500;ASH_COATED_OSMIUM;9991;15;;;;;10007;8;;;;;9999.0;0.0
12;23500;INTARIAN_PEPPER_ROOT;25013;11;25012;10;;;25029;12;25032;8;;;25021.5;0.0
12;23600;ASH_COATED_OSMIUM;9996;27;;;;;10012;13;;;;;10004.0;0.0
12;23600;INTARIAN_PEPPER_ROOT;25022;8;25019;8;25018;20;25025;8;25028;12;25031;10;25023.5;0.0
12;23700;ASH_COATED_OSMIUM;9991;13;9988;14;;;10007;22;10010;15;;;9999.0;0.0
12;23700;INTARIAN_PEPPER_ROOT;25021;9;25018;8;;;25034;9;25035;9;;;25027.5;0.0
12;23800;ASH_COATED_OSMIUM;9994;21;9993;14;9991;15;10013;14;10016;12;10018;5;10004.0;0.0
12;23800;INTARIAN_PEPPER_ROOT;25016;18;25013;11;;;25028;10;25031;12;;;25022.5;0.0
12;23900;ASH_COATED_OSMIUM;9991;10;9988;12;;;10007;14;10008;15;;;9999.0;0.0
12;23900;INTARIAN_PEPPER_ROOT;25015;11;25012;25;;;25027;10;25030;25;;;25021.0;0.0
12;24000;ASH_COATED_OSMIUM;9991;11;9988;11;;;10007;10;10010;12;;;9999.0;0.0
12;24000;INTARIAN_PEPPER_ROOT;25019;11;25017;17;;;25033;17;25034;10;;;25026.0;0.0
12;24100;ASH_COATED_OSMIUM;9998;15;9995;12;;;10011;30;10013;13;;;10004.5;0.0
12;24100;INTARIAN_PEPPER_ROOT;25017;12;25016;9;25015;12;25029;10;25031;15;25032;8;25023.5;0.0
12;24200;ASH_COATED_OSMIUM;9996;12;9995;11;;;10012;13;10015;13;;;10004.5;0.0
12;24200;INTARIAN_PEPPER_ROOT;25016;12;;;;;25029;8;;;;;25023.0;0.0
12;24300;ASH_COATED_OSMIUM;9991;15;9990;25;9987;15;10007;27;10009;26;10011;11;9999.0;0.0
12;24300;INTARIAN_PEPPER_ROOT;25016;8;25013;11;25011;11;25028;12;25031;10;25033;11;25022.5;0.0
12;24400;ASH_COATED_OSMIUM;9996;15;;;;;10012;14;;;;;10004.5;0.0
12;24400;INTARIAN_PEPPER_ROOT;25016;9;25015;8;25012;11;25029;8;25030;15;25032;10;25023.0;0.0
12;24500;ASH_COATED_OSMIUM;9991;29;;;;;10007;15;;;;;9999.0;0.0
12;24500;INTARIAN_PEPPER_ROOT;25018;11;;;;;25031;11;;;;;25025.0;0.0
12;24600;ASH_COATED_OSMIUM;9994;12;9992;24;;;10004;10;10005;10;;;9999.0;0.0
12;24600;INTARIAN_PEPPER_ROOT;25018;10;25017;10;;;25030;11;25031;15;;;25024.0;0.0
12;24700;ASH_COATED_OSMIUM;9995;12;9993;12;;;10013;12;10014;14;;;10004.5;0.0
12;24700;INTARIAN_PEPPER_ROOT;25019;11;;;;;25032;20;;;;;25026.0;0.0
12;24800;ASH_COATED_OSMIUM;9991;11;;;;;10007;15;;;;;9999.5;0.0
12;24800;INTARIAN_PEPPER_ROOT;25007;11;;;;;25022;10;;;;;25014.5;0.0
12;24900;ASH_COATED_OSMIUM;9988;11;9987;10;;;10009;15;10011;12;;;9999.0;0.0
12;24900;INTARIAN_PEPPER_ROOT;25018;24;25017;8;25014;12;25037;9;25039;10;25041;11;25027.5;0.0
12;25000;ASH_COATED_OSMIUM;9991;12;;;;;10007;30;;;;;9999.5;0.0
12;25000;INTARIAN_PEPPER_ROOT;25016;12;;;;;25033;18;;;;;25025.0;0.0
12;25100;ASH_COATED_OSMIUM;9991;11;9989;13;;;10007;15;10008;14;;;9999.5;0.0
12;25100;INTARIAN_PEPPER_ROOT;25018;8;25016;9;;;25033;10;25036;4;;;25026.0;0.0
12;25200;ASH_COATED_OSMIUM;9990;15;9987;15;9984;14;10008;11;10010;12;10011;15;9999.5;0.0
12;25200;INTARIAN_PEPPER_ROOT;25015;9;;;;;25028;8;;;;;25021.5;0.0
12;25300;ASH_COATED_OSMIUM;9997;20;;;;;10013;15;;;;;10005.0;0.0
12;25300;INTARIAN_PEPPER_ROOT;25020;10;25017;10;25014;8;25034;8;25036;10;25038;9;25027.0;0.0
12;25400;ASH_COATED_OSMIUM;9992;11;9989;12;9988;11;10008;12;10010;14;10013;13;10000.0;0.0
12;25400;INTARIAN_PEPPER_ROOT;25014;10;;;;;25029;9;;;;;25021.5;0.0
12;25500;ASH_COATED_OSMIUM;9989;12;9987;10;;;10010;15;10012;11;;;10000.0;0.0
12;25500;INTARIAN_PEPPER_ROOT;25020;9;;;;;25032;12;;;;;25026.0;0.0
12;25600;ASH_COATED_OSMIUM;9991;10;9990;14;;;10007;14;10010;13;;;9999.5;0.0
12;25600;INTARIAN_PEPPER_ROOT;25020;9;;;;;25032;4;;;;;25026.0;0.0
12;25700;ASH_COATED_OSMIUM;10000;4;;;;;10010;14;;;;;10005.0;0.0
12;25700;INTARIAN_PEPPER_ROOT;25023;8;25021;12;25018;12;25035;12;25038;11;25039;8;25029.0;0.0
12;25800;ASH_COATED_OSMIUM;9996;5;9995;11;9993;20;10012;13;10015;12;10016;11;10004.5;0.0
12;25800;INTARIAN_PEPPER_ROOT;25014;8;25013;8;;;25031;9;25034;9;;;25023.0;0.0
12;25900;ASH_COATED_OSMIUM;9998;12;9997;13;9994;11;10014;14;10016;14;10019;12;10006.0;0.0
12;25900;INTARIAN_PEPPER_ROOT;25019;9;;;;;25031;9;;;;;25025.0;0.0
12;26000;ASH_COATED_OSMIUM;9992;12;;;;;10008;14;;;;;10000.5;0.0
12;26000;INTARIAN_PEPPER_ROOT;25021;11;25019;12;25018;9;25035;11;25037;9;25040;10;25028.5;0.0
12;26100;ASH_COATED_OSMIUM;9997;12;9995;24;;;10015;11;10016;10;;;10006.0;0.0
12;26100;INTARIAN_PEPPER_ROOT;25020;8;;;;;25034;8;;;;;25027.0;0.0
12;26200;ASH_COATED_OSMIUM;10001;4;;;;;10010;10;;;;;10006.0;0.0
12;26200;INTARIAN_PEPPER_ROOT;25021;22;;;;;25034;12;;;;;25028.0;0.0
12;26300;ASH_COATED_OSMIUM;9998;11;9996;11;;;10014;13;10016;15;;;10006.5;0.0
12;26300;INTARIAN_PEPPER_ROOT;25018;10;25017;9;;;25032;9;25035;10;;;25025.5;0.0
12;26400;ASH_COATED_OSMIUM;9998;15;9995;12;;;10014;22;10015;15;;;10006.5;0.0
12;26400;INTARIAN_PEPPER_ROOT;25021;8;25020;8;25018;12;25033;12;25036;12;25038;11;25027.0;0.0
12;26500;ASH_COATED_OSMIUM;9993;28;9992;20;9989;14;10009;28;10012;14;10015;14;10001.0;0.0
12;26500;INTARIAN_PEPPER_ROOT;25019;8;;;;;25032;24;;;;;25026.0;0.0
12;26600;ASH_COATED_OSMIUM;9998;30;9997;15;;;10014;11;10016;11;;;10006.5;0.0
12;26600;INTARIAN_PEPPER_ROOT;25021;25;25020;8;;;25033;12;25035;9;;;25027.0;0.0
12;26700;ASH_COATED_OSMIUM;9997;13;;;;;10013;23;;;;;10005.5;0.0
12;26700;INTARIAN_PEPPER_ROOT;25020;8;25017;8;;;25033;11;25035;12;;;25026.5;0.0
12;26800;ASH_COATED_OSMIUM;9995;12;9992;15;;;10014;13;10017;23;;;10005.0;0.0
12;26800;INTARIAN_PEPPER_ROOT;25023;8;;;;;25035;17;;;;;25029.0;0.0
12;26900;ASH_COATED_OSMIUM;9992;3;;;;;10008;11;;;;;10000.0;0.0
12;26900;INTARIAN_PEPPER_ROOT;25022;12;;;;;25035;8;;;;;25029.0;0.0
12;27000;ASH_COATED_OSMIUM;9996;11;9993;30;;;10012;13;10015;12;;;10004.5;0.0
12;27000;INTARIAN_PEPPER_ROOT;25020;19;;;;;25037;19;;;;;25028.5;0.0
12;27100;ASH_COATED_OSMIUM;9990;11;;;;;10009;10;;;;;9999.5;0.0
12;27100;INTARIAN_PEPPER_ROOT;25023;8;25022;8;25020;11;25035;12;25038;11;25039;11;25029.0;0.0
12;27200;ASH_COATED_OSMIUM;9990;14;9988;13;9986;2;10009;11;10010;15;10013;11;10000.0;0.0
12;27200;INTARIAN_PEPPER_ROOT;25022;11;;;;;25036;11;;;;;25029.5;0.0
12;27300;ASH_COATED_OSMIUM;9997;11;;;;;10013;15;;;;;10005.0;0.0
12;27300;INTARIAN_PEPPER_ROOT;25022;8;25020;9;25018;8;25035;11;25037;11;25040;8;25029.0;0.0
12;27400;ASH_COATED_OSMIUM;9991;29;9988;15;9986;13;10007;12;10008;13;10010;11;9999.5;0.0
12;27400;INTARIAN_PEPPER_ROOT;25018;10;25015;9;;;25031;11;25034;9;;;25025.0;0.0
12;27500;ASH_COATED_OSMIUM;9992;11;9991;14;;;10008;15;10009;4;;;10000.0;0.0
12;27500;INTARIAN_PEPPER_ROOT;25018;8;25015;11;25014;11;25032;8;25033;11;25034;11;25025.5;0.0
12;27600;ASH_COATED_OSMIUM;9990;12;9989;15;;;10009;11;10012;13;;;10000.0;0.0
12;27600;INTARIAN_PEPPER_ROOT;25021;12;25019;8;;;25035;12;25037;11;;;25028.0;0.0
12;27700;ASH_COATED_OSMIUM;9995;13;9992;15;;;10004;12;10007;12;;;10000.0;0.0
12;27700;INTARIAN_PEPPER_ROOT;25016;9;25015;8;;;25034;11;25035;25;;;25025.0;0.0
12;27800;ASH_COATED_OSMIUM;9996;21;;;;;10012;15;;;;;10004.5;0.0
12;27800;INTARIAN_PEPPER_ROOT;25021;12;25018;20;;;25032;10;25034;23;;;25027.0;0.0
12;27900;ASH_COATED_OSMIUM;9997;10;9995;12;9993;30;10013;10;10015;13;10016;12;10005.0;0.0
12;27900;INTARIAN_PEPPER_ROOT;25020;8;;;;;25033;12;;;;;25027.0;0.0
12;28000;ASH_COATED_OSMIUM;9997;4;9994;4;;;10013;10;10014;13;;;10005.0;0.0
12;28000;INTARIAN_PEPPER_ROOT;25021;12;25018;10;;;25035;12;25038;21;;;25028.5;0.0
12;28100;ASH_COATED_OSMIUM;9996;13;;;;;10012;10;;;;;10004.5;0.0
12;28100;INTARIAN_PEPPER_ROOT;25021;8;;;;;25033;11;;;;;25027.5;0.0
12;28200;ASH_COATED_OSMIUM;9991;13;9989;14;9987;10;10007;13;10009;12;10011;11;9999.5;0.0
12;28200;INTARIAN_PEPPER_ROOT;25022;11;25020;21;;;25035;11;25037;12;;;25029.0;0.0
12;28300;ASH_COATED_OSMIUM;9996;3;9995;14;9994;11;10012;14;10014;13;10016;10;10004.5;0.0
12;28300;INTARIAN_PEPPER_ROOT;25020;8;25019;12;25016;10;25036;9;25037;12;25040;11;25028.0;0.0
12;28400;ASH_COATED_OSMIUM;9996;12;;;;;10012;21;;;;;10004.0;0.0
12;28400;INTARIAN_PEPPER_ROOT;25022;12;25020;11;;;25034;12;25035;11;;;25028.5;0.0
12;28500;ASH_COATED_OSMIUM;9989;11;;;;;10008;13;;;;;9999.0;0.0
12;28500;INTARIAN_PEPPER_ROOT;25020;10;;;;;25037;12;;;;;25028.5;0.0
12;28600;ASH_COATED_OSMIUM;9989;11;;;;;10007;12;;;;;9998.5;0.0
12;28600;INTARIAN_PEPPER_ROOT;25024;11;25023;7;;;25036;12;25037;11;;;25030.0;0.0
12;28700;ASH_COATED_OSMIUM;9989;15;9988;28;;;10007;11;10008;20;;;9998.5;0.0
12;28700;INTARIAN_PEPPER_ROOT;25020;12;25018;10;;;25032;10;25033;12;;;25026.0;0.0
12;28800;ASH_COATED_OSMIUM;9990;11;9987;4;9986;11;10006;12;10008;10;10010;13;9998.5;0.0
12;28800;INTARIAN_PEPPER_ROOT;25021;9;25019;12;;;25034;15;25037;11;;;25027.5;0.0
12;28900;ASH_COATED_OSMIUM;9995;12;9993;12;;;10011;14;10012;12;;;10003.5;0.0
12;28900;INTARIAN_PEPPER_ROOT;25018;8;25015;9;25014;16;25035;12;25036;15;25038;23;25026.5;0.0
12;29000;ASH_COATED_OSMIUM;9991;20;;;;;10007;13;;;;;9999.0;0.0
12;29000;INTARIAN_PEPPER_ROOT;25023;19;25022;11;25019;8;25036;9;25039;11;25041;22;25030.0;0.0
12;29100;ASH_COATED_OSMIUM;9990;14;9988;13;;;10006;14;10009;10;;;9998.5;0.0
12;29100;INTARIAN_PEPPER_ROOT;25025;23;;;;;25038;21;;;;;25032.0;0.0
12;29200;ASH_COATED_OSMIUM;9990;13;9988;14;;;10006;10;10007;11;;;9998.0;0.0
12;29200;INTARIAN_PEPPER_ROOT;25021;22;25019;10;25018;19;25035;20;25036;11;25037;9;25028.5;0.0
12;29300;ASH_COATED_OSMIUM;9995;11;;;;;10011;26;;;;;10003.5;0.0
12;29300;INTARIAN_PEPPER_ROOT;25023;9;25021;12;;;25036;10;25038;10;;;25030.0;0.0
12;29400;ASH_COATED_OSMIUM;9990;15;;;;;10006;14;;;;;9998.0;0.0
12;29400;INTARIAN_PEPPER_ROOT;25023;9;25021;10;;;25035;9;25037;15;;;25029.5;0.0
12;29500;ASH_COATED_OSMIUM;9994;15;9992;12;9991;10;10012;15;10014;13;10017;15;10003.0;0.0
12;29500;INTARIAN_PEPPER_ROOT;25024;10;;;;;25037;11;;;;;25031.0;0.0
12;29600;ASH_COATED_OSMIUM;9989;13;9988;13;;;10005;13;10007;13;;;9997.5;0.0
12;29600;INTARIAN_PEPPER_ROOT;25023;9;;;;;25036;22;;;;;25029.5;0.0
12;29700;ASH_COATED_OSMIUM;9994;15;9993;15;9992;11;10000;26;10001;13;10003;12;9997.0;0.0
12;29700;INTARIAN_PEPPER_ROOT;25031;10;25028;10;;;25043;9;25044;12;;;25037.5;0.0
12;29800;ASH_COATED_OSMIUM;9993;14;9991;30;9988;20;10012;14;10013;24;10015;15;10003.0;0.0
12;29800;INTARIAN_PEPPER_ROOT;25027;10;;;;;25037;15;;;;;25032.5;0.0
12;29900;ASH_COATED_OSMIUM;9995;13;9993;22;9990;13;10011;11;10014;15;10016;13;10003.0;0.0
12;29900;INTARIAN_PEPPER_ROOT;25022;12;;;;;25036;10;;;;;25029.0;0.0
12;30000;ASH_COATED_OSMIUM;9993;4;9990;14;;;10011;20;10012;13;;;10002.5;0.0
12;30000;INTARIAN_PEPPER_ROOT;25025;8;;;;;25038;12;;;;;25031.5;0.0
12;30100;ASH_COATED_OSMIUM;9994;13;9993;15;9991;13;10010;14;10012;11;10014;13;10002.5;0.0
12;30100;INTARIAN_PEPPER_ROOT;25019;10;25018;8;25017;10;25036;11;25039;8;25040;9;25028.0;0.0
12;30200;ASH_COATED_OSMIUM;9994;14;9991;13;;;10001;13;10003;27;;;9997.5;0.0
12;30200;INTARIAN_PEPPER_ROOT;25022;9;25020;20;25018;11;25033;12;25036;25;25039;8;25027.5;0.0
12;30300;ASH_COATED_OSMIUM;9995;12;9992;28;9991;11;10011;25;10014;10;10016;14;10003.0;0.0
12;30300;INTARIAN_PEPPER_ROOT;25024;11;25023;11;;;25036;8;25039;10;;;25030.0;0.0
12;30400;ASH_COATED_OSMIUM;9993;10;9992;24;9990;12;10012;10;10014;6;10016;21;10002.5;0.0
12;30400;INTARIAN_PEPPER_ROOT;25024;11;;;;;25037;8;;;;;25030.5;0.0
12;30500;ASH_COATED_OSMIUM;9989;11;9986;15;9983;11;10005;12;10007;12;10008;15;9997.0;0.0
12;30500;INTARIAN_PEPPER_ROOT;25029;10;;;;;25040;10;;;;;25035.0;0.0
12;30600;ASH_COATED_OSMIUM;9997;20;;;;;10008;11;;;;;10002.5;0.0
12;30600;INTARIAN_PEPPER_ROOT;25022;10;25021;8;;;25035;10;25036;9;;;25028.5;0.0
12;30700;ASH_COATED_OSMIUM;9992;10;9990;13;;;10002;13;10004;12;;;9997.5;0.0
12;30700;INTARIAN_PEPPER_ROOT;25027;10;25025;11;25023;11;25038;10;25040;8;25043;10;25033.0;0.0
12;30800;ASH_COATED_OSMIUM;9998;13;9996;15;;;10007;4;10010;12;;;10002.5;0.0
12;30800;INTARIAN_PEPPER_ROOT;25026;12;25025;10;;;25038;9;25039;10;;;25032.5;0.0
12;30900;ASH_COATED_OSMIUM;9988;15;9987;15;;;10007;11;10009;26;;;9997.5;0.0
12;30900;INTARIAN_PEPPER_ROOT;25029;10;;;;;25032;12;;;;;25030.5;0.0
12;31000;ASH_COATED_OSMIUM;9988;11;9985;11;;;10007;10;10010;14;;;9997.5;0.0
12;31000;INTARIAN_PEPPER_ROOT;25024;8;25023;11;;;25040;25;25043;8;;;25032.0;0.0
12;31100;ASH_COATED_OSMIUM;9987;14;9985;10;;;10006;12;10007;15;;;9997.0;0.0
12;31100;INTARIAN_PEPPER_ROOT;25024;9;25022;9;;;25039;11;25042;11;;;25031.5;0.0
12;31200;ASH_COATED_OSMIUM;9995;20;;;;;10011;15;;;;;10003.0;0.0
12;31200;INTARIAN_PEPPER_ROOT;25023;10;25020;21;;;25036;9;25039;10;;;25029.5;0.0
12;31300;ASH_COATED_OSMIUM;9995;10;9994;12;;;10011;10;10013;13;;;10003.0;0.0
12;31300;INTARIAN_PEPPER_ROOT;25023;11;25020;16;;;25036;11;25039;12;;;25030.0;0.0
12;31400;ASH_COATED_OSMIUM;9987;10;9984;15;9983;28;10006;15;10007;10;10008;12;9997.0;0.0
12;31400;INTARIAN_PEPPER_ROOT;25025;8;25023;8;;;25037;24;25039;8;;;25031.0;0.0
12;31500;ASH_COATED_OSMIUM;9996;13;9994;11;9991;11;10009;2;10012;14;10015;29;10002.5;0.0
12;31500;INTARIAN_PEPPER_ROOT;25024;9;;;;;25041;9;;;;;25033.0;0.0
12;31600;ASH_COATED_OSMIUM;9991;10;9989;10;9988;13;10002;10;10004;14;10007;11;9997.0;0.0
12;31600;INTARIAN_PEPPER_ROOT;25018;12;25015;10;;;25038;11;25040;16;;;25028.0;0.0
12;31700;ASH_COATED_OSMIUM;9994;15;;;;;10010;22;;;;;10002.0;0.0
12;31700;INTARIAN_PEPPER_ROOT;25025;16;;;;;25042;22;;;;;25034.0;0.0
12;31800;ASH_COATED_OSMIUM;9993;11;;;;;10009;11;;;;;10001.0;0.0
12;31800;INTARIAN_PEPPER_ROOT;25030;9;25027;9;25026;9;25033;12;25034;10;25035;12;25032.0;0.0
12;31900;ASH_COATED_OSMIUM;9987;14;;;;;10003;14;;;;;9995.5;0.0
12;31900;INTARIAN_PEPPER_ROOT;25024;9;;;;;25041;9;;;;;25032.5;0.0
12;32000;ASH_COATED_OSMIUM;9992;26;9989;14;9987;25;10008;11;10011;10;10012;30;10000.5;0.0
12;32000;INTARIAN_PEPPER_ROOT;25023;10;;;;;25038;8;;;;;25031.0;0.0
12;32100;ASH_COATED_OSMIUM;9991;15;9990;11;;;10009;14;10012;13;;;10000.0;0.0
12;32100;INTARIAN_PEPPER_ROOT;25025;12;25023;12;;;25038;8;25040;11;;;25031.5;0.0
12;32200;ASH_COATED_OSMIUM;9985;15;;;;;10004;15;;;;;9995.0;0.0
12;32200;INTARIAN_PEPPER_ROOT;25024;12;25022;8;;;25040;11;25042;12;;;25032.5;0.0
12;32300;ASH_COATED_OSMIUM;9985;13;9984;23;;;10004;23;10006;10;;;9995.0;0.0
12;32300;INTARIAN_PEPPER_ROOT;25024;12;25021;11;;;25039;16;25042;12;;;25032.0;0.0
12;32400;ASH_COATED_OSMIUM;9990;15;;;;;10009;29;;;;;10000.0;0.0
12;32400;INTARIAN_PEPPER_ROOT;25026;21;25023;12;25021;12;25037;10;25038;10;25041;8;25032.0;0.0
12;32500;ASH_COATED_OSMIUM;9992;30;9991;10;;;10008;14;10009;13;;;10000.0;0.0
12;32500;INTARIAN_PEPPER_ROOT;25023;21;25020;15;;;25037;9;25038;12;;;25030.0;0.0
12;32600;ASH_COATED_OSMIUM;9992;25;9989;11;9986;14;10008;11;10009;4;10012;14;10000.0;0.0
12;32600;INTARIAN_PEPPER_ROOT;25026;12;;;;;25038;10;;;;;25032.0;0.0
12;32700;ASH_COATED_OSMIUM;9987;11;9986;20;;;10003;28;10004;12;;;9995.5;0.0
12;32700;INTARIAN_PEPPER_ROOT;25027;16;25024;8;25023;8;25038;12;25041;17;25044;12;25033.0;0.0
12;32800;ASH_COATED_OSMIUM;9988;14;9986;14;9984;13;10004;14;10007;15;10010;10;9996.0;0.0
12;32800;INTARIAN_PEPPER_ROOT;25024;16;25021;23;;;25037;11;25040;15;;;25030.5;0.0
12;32900;ASH_COATED_OSMIUM;9986;14;;;;;10004;12;;;;;9995.5;0.0
12;32900;INTARIAN_PEPPER_ROOT;25028;11;25026;10;25024;9;25036;12;25037;9;25038;10;25032.5;0.0
12;33000;ASH_COATED_OSMIUM;9988;14;;;;;10004;21;;;;;9996.0;0.0
12;33000;INTARIAN_PEPPER_ROOT;25028;12;25025;19;;;25042;10;25044;11;;;25035.5;0.0
12;33100;ASH_COATED_OSMIUM;9993;15;9990;3;9989;11;10009;13;10012;11;10015;10;10001.0;0.0
12;33100;INTARIAN_PEPPER_ROOT;25024;11;;;;;25039;12;;;;;25032.0;0.0
12;33200;ASH_COATED_OSMIUM;9993;3;;;;;10009;28;;;;;10001.0;0.0
12;33200;INTARIAN_PEPPER_ROOT;25024;11;25021;9;25019;5;25041;23;25043;9;25044;12;25033.0;0.0
12;33300;ASH_COATED_OSMIUM;9988;30;9986;11;9983;13;10004;15;10006;13;10008;15;9996.0;0.0
12;33300;INTARIAN_PEPPER_ROOT;25023;21;;;;;25038;15;;;;;25031.0;0.0
12;33400;ASH_COATED_OSMIUM;9987;23;9984;11;;;10003;15;10004;13;;;9995.5;0.0
12;33400;INTARIAN_PEPPER_ROOT;25026;24;;;;;25037;16;;;;;25032.0;0.0
12;33500;ASH_COATED_OSMIUM;9990;13;9989;15;;;10011;10;10012;10;;;10001.0;0.0
12;33500;INTARIAN_PEPPER_ROOT;25028;9;25025;11;;;25040;8;25042;8;;;25034.0;0.0
12;33600;ASH_COATED_OSMIUM;9993;10;9991;13;;;10009;12;10011;14;;;10001.0;0.0
12;33600;INTARIAN_PEPPER_ROOT;25026;9;;;;;25029;12;;;;;25027.5;0.0
12;33700;ASH_COATED_OSMIUM;9993;11;;;;;10009;15;;;;;10001.0;0.0
12;33700;INTARIAN_PEPPER_ROOT;25024;8;25022;11;25021;11;25038;20;25039;9;25042;12;25031.0;0.0
12;33800;ASH_COATED_OSMIUM;9993;13;;;;;10009;3;;;;;10001.0;0.0
12;33800;INTARIAN_PEPPER_ROOT;25028;12;;;;;25042;12;;;;;25035.0;0.0
12;33900;ASH_COATED_OSMIUM;9995;13;9993;13;;;10008;13;10010;30;;;10001.5;0.0
12;33900;INTARIAN_PEPPER_ROOT;25028;9;25027;9;25024;8;25041;9;25043;25;25044;8;25035.0;0.0
12;34000;ASH_COATED_OSMIUM;9986;12;9985;10;9983;21;10005;10;10007;12;10010;14;9996.0;0.0
12;34000;INTARIAN_PEPPER_ROOT;25028;9;25027;10;;;25040;10;25043;20;;;25034.5;0.0
12;34100;ASH_COATED_OSMIUM;9993;20;9992;27;9991;15;10009;13;10011;15;10012;15;10001.5;0.0
12;34100;INTARIAN_PEPPER_ROOT;25027;9;25026;9;;;25038;8;25040;24;;;25032.5;0.0
12;34200;ASH_COATED_OSMIUM;9993;10;;;;;10009;27;;;;;10001.0;0.0
12;34200;INTARIAN_PEPPER_ROOT;25034;10;25031;11;;;25039;10;25041;11;;;25037.0;0.0
12;34300;ASH_COATED_OSMIUM;9986;12;;;;;10004;13;;;;;9995.5;0.0
12;34300;INTARIAN_PEPPER_ROOT;25027;15;25026;8;;;25039;8;25042;21;;;25033.5;0.0
12;34400;ASH_COATED_OSMIUM;9987;13;9985;13;;;10003;15;10006;13;;;9995.5;0.0
12;34400;INTARIAN_PEPPER_ROOT;25030;9;25029;10;25028;8;25041;11;25042;8;25044;8;25036.0;0.0
12;34500;ASH_COATED_OSMIUM;9992;15;9989;15;;;10010;30;10013;15;;;10001.0;0.0
12;34500;INTARIAN_PEPPER_ROOT;25029;11;25027;9;25026;21;25041;9;25043;12;25044;10;25035.5;0.0
12;34600;ASH_COATED_OSMIUM;9990;10;9987;10;;;10000;11;10003;15;;;9995.5;0.0
12;34600;INTARIAN_PEPPER_ROOT;25028;11;25025;11;25022;9;25043;5;25046;8;25049;8;25035.5;0.0
12;34700;ASH_COATED_OSMIUM;9992;13;9991;15;9990;14;10011;13;10012;13;10015;13;10002.0;0.0
12;34700;INTARIAN_PEPPER_ROOT;25033;11;25030;12;;;25038;9;25040;8;;;25035.5;0.0
12;34800;ASH_COATED_OSMIUM;9989;15;;;;;10005;25;;;;;9997.0;0.0
12;34800;INTARIAN_PEPPER_ROOT;25038;12;;;;;25052;10;;;;;25045.0;0.0
12;34900;ASH_COATED_OSMIUM;9989;12;9987;20;;;10005;12;10006;15;;;9997.0;0.0
12;34900;INTARIAN_PEPPER_ROOT;25036;10;;;;;25049;8;;;;;25043.0;0.0
12;35000;ASH_COATED_OSMIUM;9989;26;;;;;10005;12;;;;;9997.0;0.0
12;35000;INTARIAN_PEPPER_ROOT;25033;11;25031;24;;;25036;9;25037;10;;;25034.5;0.0
12;35100;ASH_COATED_OSMIUM;9993;24;9991;10;;;10011;12;10013;12;;;10002.5;0.0
12;35100;INTARIAN_PEPPER_ROOT;25027;12;25025;11;;;25044;25;25045;9;;;25035.5;0.0
12;35200;ASH_COATED_OSMIUM;9989;28;9987;10;;;10005;11;10007;15;;;9997.5;0.0
12;35200;INTARIAN_PEPPER_ROOT;25031;11;;;;;25044;9;;;;;25038.0;0.0
12;35300;ASH_COATED_OSMIUM;9994;22;9993;10;;;10012;13;10014;14;;;10003.0;0.0
12;35300;INTARIAN_PEPPER_ROOT;25027;10;25026;8;;;25039;9;25041;9;;;25033.5;0.0
12;35400;ASH_COATED_OSMIUM;9990;14;9989;13;9988;10;10006;13;10007;15;10010;11;9998.0;0.0
12;35400;INTARIAN_PEPPER_ROOT;25031;25;25028;8;;;25042;9;25044;12;;;25036.5;0.0
12;35500;ASH_COATED_OSMIUM;9995;5;9994;12;9993;29;10011;15;10014;10;10016;12;10003.0;0.0
12;35500;INTARIAN_PEPPER_ROOT;25029;9;25027;8;25026;11;25041;9;25044;12;25045;10;25035.5;0.0
12;35600;ASH_COATED_OSMIUM;9998;15;9997;10;9995;10;10008;27;10011;12;10014;12;10003.5;0.0
12;35600;INTARIAN_PEPPER_ROOT;25026;9;25024;11;;;25043;10;25045;10;;;25035.0;0.0
12;35700;ASH_COATED_OSMIUM;9994;12;;;;;10012;14;;;;;10003.0;0.0
12;35700;INTARIAN_PEPPER_ROOT;25030;9;;;;;25045;15;;;;;25038.0;0.0
12;35800;ASH_COATED_OSMIUM;9995;12;9994;20;;;10011;30;10014;11;;;10003.0;0.0
12;35800;INTARIAN_PEPPER_ROOT;25029;9;;;;;25041;12;;;;;25035.0;0.0
12;35900;ASH_COATED_OSMIUM;9995;27;;;;;10001;10;;;;;9998.0;0.0
12;35900;INTARIAN_PEPPER_ROOT;25027;12;25024;10;;;25042;11;25043;12;;;25035.0;0.0
12;36000;ASH_COATED_OSMIUM;9995;14;9992;26;9991;24;10011;10;10012;30;10013;13;10003.5;0.0
12;36000;INTARIAN_PEPPER_ROOT;25029;8;25028;25;25026;10;25042;9;25044;11;25047;18;25035.5;0.0
12;36100;ASH_COATED_OSMIUM;9995;11;9993;13;9992;10;10011;13;10014;27;10015;10;10003.0;0.0
12;36100;INTARIAN_PEPPER_ROOT;25030;8;;;;;25046;18;;;;;25038.5;0.0
12;36200;ASH_COATED_OSMIUM;9994;4;9991;12;9988;14;10003;26;10004;30;10005;12;9998.5;0.0
12;36200;INTARIAN_PEPPER_ROOT;25032;11;25030;9;25027;22;25045;9;25048;11;25050;10;25039.0;0.0
12;36300;ASH_COATED_OSMIUM;9993;24;9992;15;;;10003;14;10006;13;;;9998.5;0.0
12;36300;INTARIAN_PEPPER_ROOT;25031;10;;;;;25043;16;;;;;25037.0;0.0
12;36400;ASH_COATED_OSMIUM;9989;8;;;;;10007;10;;;;;9998.0;0.0
12;36400;INTARIAN_PEPPER_ROOT;25029;12;;;;;25043;9;;;;;25036.5;0.0
12;36500;ASH_COATED_OSMIUM;9990;10;;;;;10006;4;;;;;9998.0;0.0
12;36500;INTARIAN_PEPPER_ROOT;25029;9;25026;23;;;25041;9;25044;9;;;25035.5;0.0
12;36600;ASH_COATED_OSMIUM;9989;12;;;;;10005;13;;;;;9997.5;0.0
12;36600;INTARIAN_PEPPER_ROOT;25029;11;25027;11;;;25043;8;25044;8;;;25036.0;0.0
12;36700;ASH_COATED_OSMIUM;9988;13;;;;;10006;11;;;;;9997.5;0.0
12;36700;INTARIAN_PEPPER_ROOT;25029;8;25026;15;25025;10;25041;9;25042;9;25045;21;25035.0;0.0
12;36800;ASH_COATED_OSMIUM;9989;11;9988;12;9985;13;10005;12;10006;14;10007;10;9997.5;0.0
12;36800;INTARIAN_PEPPER_ROOT;25031;8;25030;10;;;25043;12;25044;12;;;25037.5;0.0
12;36900;ASH_COATED_OSMIUM;9987;11;;;;;10006;10;;;;;9997.0;0.0
12;36900;INTARIAN_PEPPER_ROOT;25025;21;25024;21;25022;10;25044;11;25047;11;25050;22;25034.5;0.0
12;37000;ASH_COATED_OSMIUM;9994;14;9991;15;;;10010;11;10012;13;;;10002.5;0.0
12;37000;INTARIAN_PEPPER_ROOT;25038;12;;;;;25044;4;;;;;25041.0;0.0
12;37100;ASH_COATED_OSMIUM;9995;15;9992;15;9991;13;10011;11;10013;12;10015;13;10003.0;0.0
12;37100;INTARIAN_PEPPER_ROOT;25034;8;25032;21;;;25046;9;25047;11;;;25040.0;0.0
12;37200;ASH_COATED_OSMIUM;9994;14;9992;12;;;10010;20;10011;13;;;10002.5;0.0
12;37200;INTARIAN_PEPPER_ROOT;25029;10;25027;12;;;25043;12;25044;9;;;25036.5;0.0
12;37300;ASH_COATED_OSMIUM;9989;11;9986;10;9983;7;10005;12;10006;15;10008;29;9997.0;0.0
12;37300;INTARIAN_PEPPER_ROOT;25029;8;25026;12;;;25049;8;25051;12;;;25039.5;0.0
12;37400;ASH_COATED_OSMIUM;9989;11;9986;11;;;10005;14;10006;14;;;9997.0;0.0
12;37400;INTARIAN_PEPPER_ROOT;25031;11;25029;9;;;25043;11;25044;21;;;25037.5;0.0
12;37500;ASH_COATED_OSMIUM;9994;28;;;;;10010;14;;;;;10002.5;0.0
12;37500;INTARIAN_PEPPER_ROOT;25031;10;25029;8;;;25045;8;25047;19;;;25038.0;0.0
12;37600;ASH_COATED_OSMIUM;9988;10;9987;21;;;10007;11;10008;15;;;9997.5;0.0
12;37600;INTARIAN_PEPPER_ROOT;25029;24;25028;9;25026;12;25046;11;25047;11;25049;11;25038.0;0.0
12;37700;ASH_COATED_OSMIUM;9987;10;9984;12;9982;23;10008;14;10011;12;10013;23;9997.5;0.0
12;37700;INTARIAN_PEPPER_ROOT;25031;11;;;;;25042;5;;;;;25037.0;0.0
12;37800;ASH_COATED_OSMIUM;9988;10;9987;12;;;10006;14;10007;12;;;9997.0;0.0
12;37800;INTARIAN_PEPPER_ROOT;25030;22;25027;19;25024;11;25044;9;25047;11;25048;8;25037.0;0.0
12;37900;ASH_COATED_OSMIUM;9994;27;9992;13;9990;22;10010;30;10012;20;10013;25;10002.5;0.0
12;37900;INTARIAN_PEPPER_ROOT;25035;8;25032;11;;;25046;10;25048;11;;;25041.0;0.0
12;38000;ASH_COATED_OSMIUM;9989;14;;;;;10005;10;;;;;9997.0;0.0
12;38000;INTARIAN_PEPPER_ROOT;25034;10;;;;;25046;12;;;;;25040.0;0.0
12;38100;ASH_COATED_OSMIUM;9989;10;9986;12;;;10005;12;10006;12;;;9997.0;0.0
12;38100;INTARIAN_PEPPER_ROOT;25028;12;25025;12;;;25042;9;25043;10;;;25035.5;0.0
12;38200;ASH_COATED_OSMIUM;9994;15;9993;30;9992;25;10009;13;10012;25;10015;15;10002.0;0.0
12;38200;INTARIAN_PEPPER_ROOT;25033;9;25032;9;;;25044;12;25045;19;;;25039.0;0.0
12;38300;ASH_COATED_OSMIUM;9993;13;9991;13;;;10009;11;10011;12;;;10001.5;0.0
12;38300;INTARIAN_PEPPER_ROOT;25030;8;;;;;25043;8;;;;;25036.5;0.0
12;38400;ASH_COATED_OSMIUM;9988;15;9986;10;9985;27;10004;12;10006;15;10007;10;9996.5;0.0
12;38400;INTARIAN_PEPPER_ROOT;25029;10;25027;12;25025;11;25045;11;25047;11;25048;10;25037.0;0.0
12;38500;ASH_COATED_OSMIUM;9988;14;9987;15;;;10004;22;10006;15;;;9996.0;0.0
12;38500;INTARIAN_PEPPER_ROOT;25032;9;;;;;25044;19;;;;;25038.0;0.0
12;38600;ASH_COATED_OSMIUM;9993;10;9991;25;9990;14;10009;14;10011;25;10012;14;10001.5;0.0
12;38600;INTARIAN_PEPPER_ROOT;25032;10;;;;;25045;10;;;;;25039.0;0.0
12;38700;ASH_COATED_OSMIUM;9988;13;;;;;10004;15;;;;;9996.5;0.0
12;38700;INTARIAN_PEPPER_ROOT;25031;8;;;;;25045;18;;;;;25038.0;0.0
12;38800;ASH_COATED_OSMIUM;9991;30;9990;14;;;10012;13;10015;23;;;10001.5;0.0
12;38800;INTARIAN_PEPPER_ROOT;25033;10;;;;;25042;12;;;;;25037.5;0.0
12;38900;ASH_COATED_OSMIUM;9993;14;9991;15;9988;21;10009;14;10011;12;10014;11;10001.5;0.0
12;38900;INTARIAN_PEPPER_ROOT;25029;9;25026;11;25025;12;25041;11;25044;11;25045;21;25035.5;0.0
12;39000;ASH_COATED_OSMIUM;9994;15;9993;12;;;10010;14;10013;13;;;10002.5;0.0
12;39000;INTARIAN_PEPPER_ROOT;25029;10;25027;8;;;25044;11;25045;11;;;25037.0;0.0
12;39100;ASH_COATED_OSMIUM;9994;14;;;;;10010;25;;;;;10002.0;0.0
12;39100;INTARIAN_PEPPER_ROOT;25031;8;25028;12;;;25043;8;25044;9;;;25037.5;0.0
12;39200;ASH_COATED_OSMIUM;9986;11;9985;21;;;10005;10;10007;12;;;9996.0;0.0
12;39200;INTARIAN_PEPPER_ROOT;25034;11;;;;;25043;11;;;;;25038.5;0.0
12;39300;ASH_COATED_OSMIUM;9993;15;9991;12;;;10009;10;10010;15;;;10001.5;0.0
12;39300;INTARIAN_PEPPER_ROOT;25032;9;25031;8;25029;11;25048;8;25049;8;25052;25;25040.0;0.0
12;39400;ASH_COATED_OSMIUM;9992;27;;;;;10008;26;;;;;10000.5;0.0
12;39400;INTARIAN_PEPPER_ROOT;25036;9;25035;8;25032;23;25053;22;25054;11;25057;9;25045.0;0.0
12;39500;ASH_COATED_OSMIUM;9992;13;;;;;10008;2;;;;;10000.5;0.0
12;39500;INTARIAN_PEPPER_ROOT;25030;11;;;;;25045;8;;;;;25038.0;0.0
12;39600;ASH_COATED_OSMIUM;9986;14;;;;;10002;15;;;;;9994.5;0.0
12;39600;INTARIAN_PEPPER_ROOT;25033;9;25030;9;25027;9;25045;8;25046;11;25049;8;25039.0;0.0
12;39700;ASH_COATED_OSMIUM;9985;12;;;;;10003;11;;;;;9994.0;0.0
12;39700;INTARIAN_PEPPER_ROOT;25034;9;25031;9;;;25045;11;25048;11;;;25039.5;0.0
12;39800;ASH_COATED_OSMIUM;9997;12;;;;;10002;11;;;;;9999.5;0.0
12;39800;INTARIAN_PEPPER_ROOT;25032;9;25030;11;;;25043;10;25045;9;;;25037.5;0.0
12;39900;ASH_COATED_OSMIUM;9986;11;;;;;10002;15;;;;;9994.5;0.0
12;39900;INTARIAN_PEPPER_ROOT;25033;9;;;;;25046;12;;;;;25040.0;0.0
12;40000;ASH_COATED_OSMIUM;9986;11;9984;29;;;10002;12;10005;25;;;9994.5;0.0
12;40000;INTARIAN_PEPPER_ROOT;25031;12;25030;10;;;25046;11;25049;10;;;25038.5;0.0
12;40100;ASH_COATED_OSMIUM;9984;12;9983;11;9980;10;10003;20;10005;12;10006;10;9994.0;0.0
12;40100;INTARIAN_PEPPER_ROOT;25035;12;;;;;25048;12;;;;;25042.0;0.0
12;40200;ASH_COATED_OSMIUM;9990;12;9989;12;9986;13;10009;10;10012;2;10013;10;9999.5;0.0
12;40200;INTARIAN_PEPPER_ROOT;25036;17;25033;9;25032;12;25049;11;25050;10;25052;11;25043.0;0.0
12;40300;ASH_COATED_OSMIUM;9986;13;9985;15;;;10002;10;10003;13;;;9994.5;0.0
12;40300;INTARIAN_PEPPER_ROOT;25032;9;25030;8;25029;17;25045;9;25047;22;25048;10;25039.0;0.0
12;40400;ASH_COATED_OSMIUM;9987;25;9986;10;;;10003;20;10006;15;;;9995.0;0.0
12;40400;INTARIAN_PEPPER_ROOT;25035;23;;;;;25048;9;;;;;25042.0;0.0
12;40500;ASH_COATED_OSMIUM;9987;14;9984;10;9981;15;10003;10;10005;13;10008;24;9995.0;0.0
12;40500;INTARIAN_PEPPER_ROOT;25037;11;25035;12;25034;8;25051;12;25052;12;25055;12;25044.5;0.0
12;40600;ASH_COATED_OSMIUM;9990;13;9987;11;9984;15;10011;22;10013;12;10014;15;10000.5;0.0
12;40600;INTARIAN_PEPPER_ROOT;25031;12;25029;21;;;25045;23;25048;9;;;25038.0;0.0
12;40700;ASH_COATED_OSMIUM;9992;27;9991;29;;;10008;12;10011;13;;;10000.0;0.0
12;40700;INTARIAN_PEPPER_ROOT;25038;23;25035;7;25033;10;25049;19;25052;12;25055;11;25043.5;0.0
12;40800;ASH_COATED_OSMIUM;9992;15;9991;11;9990;13;10008;10;10011;13;10014;13;10000.5;0.0
12;40800;INTARIAN_PEPPER_ROOT;25030;15;;;;;25046;11;;;;;25038.0;0.0
12;40900;ASH_COATED_OSMIUM;9986;10;;;;;10004;13;;;;;9995.5;0.0
12;40900;INTARIAN_PEPPER_ROOT;25032;11;25030;8;25029;16;25047;10;25049;9;25050;9;25039.5;0.0
12;41000;ASH_COATED_OSMIUM;9986;12;9985;14;9982;13;10005;12;10008;12;10011;10;9995.5;0.0
12;41000;INTARIAN_PEPPER_ROOT;25038;16;25037;9;;;25040;12;25041;5;;;25039.5;0.0
12;41100;ASH_COATED_OSMIUM;9987;28;9984;25;;;10003;11;10005;13;;;9995.5;0.0
12;41100;INTARIAN_PEPPER_ROOT;25038;4;25037;23;;;25040;11;25042;11;;;25039.0;0.0
12;41200;ASH_COATED_OSMIUM;9993;10;9991;11;;;10009;10;10010;13;;;10001.0;0.0
12;41200;INTARIAN_PEPPER_ROOT;25033;9;25030;9;25027;18;25046;10;25049;15;25051;12;25040.0;0.0
12;41300;ASH_COATED_OSMIUM;9987;10;9984;14;;;10003;5;10005;10;;;9995.5;0.0
12;41300;INTARIAN_PEPPER_ROOT;25034;12;25033;17;;;25051;8;25052;10;;;25043.0;0.0
12;41400;ASH_COATED_OSMIUM;9989;27;9987;12;9985;14;10002;14;10003;14;10005;22;9995.5;0.0
12;41400;INTARIAN_PEPPER_ROOT;25034;10;25033;12;;;25046;23;25049;10;;;25040.0;0.0
12;41500;ASH_COATED_OSMIUM;9991;12;;;;;10010;13;;;;;10000.5;0.0
12;41500;INTARIAN_PEPPER_ROOT;25036;23;25034;10;;;25048;8;25051;12;;;25042.0;0.0
12;41600;ASH_COATED_OSMIUM;9993;14;9990;24;9988;22;10009;15;10010;15;10011;12;10001.0;0.0
12;41600;INTARIAN_PEPPER_ROOT;25038;12;25036;17;25034;9;25050;8;25051;11;25052;8;25044.0;0.0
12;41700;ASH_COATED_OSMIUM;9987;30;9986;10;;;10003;12;10004;10;;;9995.5;0.0
12;41700;INTARIAN_PEPPER_ROOT;25032;12;;;;;25046;11;;;;;25039.5;0.0
12;41800;ASH_COATED_OSMIUM;9991;11;;;;;10010;11;;;;;10000.5;0.0
12;41800;INTARIAN_PEPPER_ROOT;25030;23;25029;12;;;25043;9;25044;10;;;25037.0;0.0
12;41900;ASH_COATED_OSMIUM;9991;15;9990;20;9988;27;10009;13;10010;14;10011;13;10000.5;0.0
12;41900;INTARIAN_PEPPER_ROOT;25037;10;25034;11;25031;20;25049;21;25052;10;25055;16;25043.0;0.0
12;42000;ASH_COATED_OSMIUM;9992;11;9991;13;;;10008;15;10010;15;;;10000.0;0.0
12;42000;INTARIAN_PEPPER_ROOT;25036;10;25035;10;25033;10;25052;18;25054;8;25057;8;25044.5;0.0
12;42100;ASH_COATED_OSMIUM;9987;14;9986;14;;;10003;14;10004;4;;;9995.0;0.0
12;42100;INTARIAN_PEPPER_ROOT;25037;10;25034;8;;;25050;8;25052;18;;;25043.5;0.0
12;42200;ASH_COATED_OSMIUM;9992;10;9989;11;;;10008;13;10011;23;;;10000.0;0.0
12;42200;INTARIAN_PEPPER_ROOT;25041;10;;;;;25053;11;;;;;25047.5;0.0
12;42300;ASH_COATED_OSMIUM;9992;13;9990;14;;;10008;12;10009;2;;;10000.5;0.0
12;42300;INTARIAN_PEPPER_ROOT;25034;11;25032;11;25029;9;25047;19;25048;11;25051;12;25040.5;0.0
12;42400;ASH_COATED_OSMIUM;9987;11;9984;24;9983;14;10003;10;10005;10;10008;14;9995.5;0.0
12;42400;INTARIAN_PEPPER_ROOT;25035;10;25033;9;;;25052;12;25055;8;;;25044.0;0.0
12;42500;ASH_COATED_OSMIUM;9992;15;;;;;10008;15;;;;;10000.5;0.0
12;42500;INTARIAN_PEPPER_ROOT;25037;15;;;;;25049;10;;;;;25043.0;0.0
12;42600;ASH_COATED_OSMIUM;9992;20;9991;12;9988;11;10008;15;10009;15;10011;10;10000.0;0.0
12;42600;INTARIAN_PEPPER_ROOT;25033;12;25030;11;25028;9;25049;12;25051;8;25052;10;25041.5;0.0
12;42700;ASH_COATED_OSMIUM;9987;13;9984;30;;;10003;26;10005;13;;;9995.0;0.0
12;42700;INTARIAN_PEPPER_ROOT;25032;20;;;;;25049;11;;;;;25041.0;0.0
12;42800;ASH_COATED_OSMIUM;9985;13;9983;30;9982;10;10004;14;10005;10;10008;13;9994.5;0.0
12;42800;INTARIAN_PEPPER_ROOT;25034;9;25033;10;25032;19;25047;12;25048;11;25051;8;25041.0;0.0
12;42900;ASH_COATED_OSMIUM;9991;14;9989;15;;;10007;10;10008;11;;;9999.0;0.0
12;42900;INTARIAN_PEPPER_ROOT;25036;11;25035;17;;;25048;10;25049;12;;;25042.5;0.0
12;43000;ASH_COATED_OSMIUM;9983;12;9982;6;9980;15;10004;10;10005;15;10007;14;9993.5;0.0
12;43000;INTARIAN_PEPPER_ROOT;25032;17;25029;10;;;25049;8;25052;11;;;25041.0;0.0
12;43100;ASH_COATED_OSMIUM;9990;12;9989;12;;;10008;13;10009;13;;;9999.0;0.0
12;43100;INTARIAN_PEPPER_ROOT;25038;12;25035;15;;;25050;9;25053;8;;;25044.0;0.0
12;43200;ASH_COATED_OSMIUM;9991;12;9990;23;;;10007;13;10009;13;;;9999.0;0.0
12;43200;INTARIAN_PEPPER_ROOT;25036;10;25035;8;25032;12;25049;11;25050;17;25052;8;25042.5;0.0
12;43300;ASH_COATED_OSMIUM;9984;10;9981;15;9978;13;10002;20;10005;11;10007;14;9993.0;0.0
12;43300;INTARIAN_PEPPER_ROOT;25037;8;25034;8;;;25049;7;25050;11;;;25043.5;0.0
12;43400;ASH_COATED_OSMIUM;9990;10;9987;10;;;10006;10;10009;10;;;9998.5;0.0
12;43400;INTARIAN_PEPPER_ROOT;25038;12;;;;;25049;8;;;;;25044.0;0.0
12;43500;ASH_COATED_OSMIUM;9993;15;9990;10;9987;15;10003;11;10004;12;10005;10;9998.5;0.0
12;43500;INTARIAN_PEPPER_ROOT;25033;10;25030;12;;;25044;10;25046;9;;;25038.5;0.0
12;43600;ASH_COATED_OSMIUM;9990;14;9989;11;;;10006;12;10009;13;;;9998.5;0.0
12;43600;INTARIAN_PEPPER_ROOT;25037;9;;;;;25051;6;;;;;25044.0;0.0
12;43700;ASH_COATED_OSMIUM;9985;10;;;;;10001;12;;;;;9993.5;0.0
12;43700;INTARIAN_PEPPER_ROOT;25039;20;;;;;25053;19;;;;;25046.5;0.0
12;43800;ASH_COATED_OSMIUM;9990;13;9987;24;9985;14;10006;14;10008;14;10011;14;9998.0;0.0
12;43800;INTARIAN_PEPPER_ROOT;25038;11;;;;;25049;9;;;;;25043.5;0.0
12;43900;ASH_COATED_OSMIUM;9990;11;9989;10;9986;12;10006;24;10008;20;10010;12;9998.0;0.0
12;43900;INTARIAN_PEPPER_ROOT;25036;9;25035;10;25033;8;25053;21;25055;9;25056;11;25044.5;0.0
12;44000;ASH_COATED_OSMIUM;9983;12;9981;15;9978;10;10002;21;10003;11;10005;15;9992.5;0.0
12;44000;INTARIAN_PEPPER_ROOT;25039;8;25036;8;25034;8;25051;8;25053;8;25056;17;25045.0;0.0
12;44100;ASH_COATED_OSMIUM;9989;15;;;;;10005;12;;;;;9997.5;0.0
12;44100;INTARIAN_PEPPER_ROOT;25035;11;25033;12;;;25049;24;25051;11;;;25042.0;0.0
12;44200;ASH_COATED_OSMIUM;9984;10;9981;10;9978;12;10000;11;10001;12;10004;11;9992.5;0.0
12;44200;INTARIAN_PEPPER_ROOT;25050;10;25047;10;25045;24;25062;11;25064;9;25066;8;25056.0;0.0
12;44300;ASH_COATED_OSMIUM;9984;11;9982;10;;;10000;12;10002;20;;;9992.5;0.0
12;44300;INTARIAN_PEPPER_ROOT;25037;11;;;;;25049;10;;;;;25043.5;0.0
12;44400;ASH_COATED_OSMIUM;9990;10;9988;10;;;10006;10;10007;12;;;9998.0;0.0
12;44400;INTARIAN_PEPPER_ROOT;25038;11;;;;;25051;11;;;;;25045.0;0.0
12;44500;ASH_COATED_OSMIUM;9983;11;9982;14;;;10002;15;10005;14;;;9993.0;0.0
12;44500;INTARIAN_PEPPER_ROOT;25037;8;25036;10;;;25051;9;25052;20;;;25044.0;0.0
12;44600;ASH_COATED_OSMIUM;9989;14;9988;29;;;9995;13;9996;12;;;9992.5;0.0
12;44600;INTARIAN_PEPPER_ROOT;25038;10;;;;;25051;8;;;;;25044.5;0.0
12;44700;ASH_COATED_OSMIUM;9984;13;9982;10;9981;27;10000;11;10002;12;10003;11;9992.5;0.0
12;44700;INTARIAN_PEPPER_ROOT;25035;10;;;;;25049;16;;;;;25042.0;0.0
12;44800;ASH_COATED_OSMIUM;9983;14;9981;14;9978;11;10002;11;10005;12;10007;15;9992.5;0.0
12;44800;INTARIAN_PEPPER_ROOT;25043;23;25040;9;25039;8;25054;9;25057;9;25059;17;25048.5;0.0
12;44900;ASH_COATED_OSMIUM;9985;24;9984;10;;;10001;12;10003;12;;;9993.0;0.0
12;44900;INTARIAN_PEPPER_ROOT;25038;10;25035;12;;;25052;8;25053;10;;;25045.5;0.0
12;45000;ASH_COATED_OSMIUM;9989;26;9988;26;;;10008;11;10010;12;;;9998.5;0.0
12;45000;INTARIAN_PEPPER_ROOT;25036;9;;;;;25048;12;;;;;25042.5;0.0
12;45100;ASH_COATED_OSMIUM;9991;11;;;;;10007;2;;;;;9999.0;0.0
12;45100;INTARIAN_PEPPER_ROOT;25039;12;;;;;25052;12;;;;;25045.5;0.0
12;45200;ASH_COATED_OSMIUM;9991;12;9988;15;;;10007;14;10010;13;;;9999.5;0.0
12;45200;INTARIAN_PEPPER_ROOT;25035;10;;;;;25053;11;;;;;25044.0;0.0
12;45300;ASH_COATED_OSMIUM;9991;10;;;;;10007;21;;;;;9999.0;0.0
12;45300;INTARIAN_PEPPER_ROOT;25044;19;25041;11;;;25048;9;25051;9;;;25046.5;0.0
12;45400;ASH_COATED_OSMIUM;9991;10;9990;11;;;10007;14;10010;26;;;9999.5;0.0
12;45400;INTARIAN_PEPPER_ROOT;25039;9;25038;8;25036;9;25051;17;25054;8;25057;24;25045.0;0.0
12;45500;ASH_COATED_OSMIUM;9985;15;;;;;10004;3;;;;;9994.5;0.0
12;45500;INTARIAN_PEPPER_ROOT;25037;11;25034;10;;;25051;10;25053;8;;;25044.0;0.0
12;45600;ASH_COATED_OSMIUM;9992;11;9990;26;;;10008;14;10011;11;;;10000.0;0.0
12;45600;INTARIAN_PEPPER_ROOT;25042;8;25040;12;;;25055;10;25058;8;;;25048.5;0.0
12;45700;ASH_COATED_OSMIUM;9995;11;9993;12;;;10004;15;10006;12;;;10000.0;0.0
12;45700;INTARIAN_PEPPER_ROOT;25034;19;;;;;25051;12;;;;;25042.5;0.0
12;45800;ASH_COATED_OSMIUM;9992;11;9990;10;;;10008;14;10010;13;;;10000.5;0.0
12;45800;INTARIAN_PEPPER_ROOT;25038;8;25037;11;25034;12;25049;10;25051;10;25054;8;25043.5;0.0
12;45900;ASH_COATED_OSMIUM;9987;11;9985;13;9982;13;10003;15;10005;14;10006;15;9995.5;0.0
12;45900;INTARIAN_PEPPER_ROOT;25039;25;25038;8;;;25054;10;25055;11;;;25047.0;0.0
12;46000;ASH_COATED_OSMIUM;9993;15;9992;22;9990;10;10009;12;10011;14;10013;12;10001.0;0.0
12;46000;INTARIAN_PEPPER_ROOT;25041;8;25038;12;25035;8;25056;11;25058;11;25061;12;25048.5;0.0
12;46100;ASH_COATED_OSMIUM;9993;14;9991;11;9989;13;10009;27;10010;13;10013;11;10001.0;0.0
12;46100;INTARIAN_PEPPER_ROOT;25040;22;;;;;25053;12;;;;;25047.0;0.0
12;46200;ASH_COATED_OSMIUM;9988;13;9987;11;;;10004;12;10006;28;;;9996.0;0.0
12;46200;INTARIAN_PEPPER_ROOT;25042;12;;;;;25054;22;;;;;25048.5;0.0
12;46300;ASH_COATED_OSMIUM;9988;14;9985;11;;;10004;12;10005;12;;;9996.5;0.0
12;46300;INTARIAN_PEPPER_ROOT;25037;16;25036;12;;;25053;9;25055;9;;;25045.5;0.0
12;46400;ASH_COATED_OSMIUM;9987;13;;;;;10005;15;;;;;9996.5;0.0
12;46400;INTARIAN_PEPPER_ROOT;25038;21;25036;8;;;25051;9;25053;12;;;25044.5;0.0
12;46500;ASH_COATED_OSMIUM;9997;10;9995;11;;;10007;22;10010;11;;;10002.0;0.0
12;46500;INTARIAN_PEPPER_ROOT;25045;12;25042;8;25039;23;25048;8;25049;8;25051;10;25046.5;0.0
12;46600;ASH_COATED_OSMIUM;9987;10;;;;;10005;12;;;;;9996.5;0.0
12;46600;INTARIAN_PEPPER_ROOT;25043;22;25040;9;25037;9;25054;22;25057;12;25058;10;25048.5;0.0
12;46700;ASH_COATED_OSMIUM;9993;29;9990;10;;;10009;12;10012;13;;;10001.5;0.0
12;46700;INTARIAN_PEPPER_ROOT;25039;11;25037;12;;;25051;9;25054;9;;;25045.0;0.0
12;46800;ASH_COATED_OSMIUM;9988;14;;;;;10004;11;;;;;9996.5;0.0
12;46800;INTARIAN_PEPPER_ROOT;25044;21;25041;11;;;25056;11;25057;11;;;25050.5;0.0
12;46900;ASH_COATED_OSMIUM;9994;14;9993;27;;;10010;13;10011;15;;;10002.5;0.0
12;46900;INTARIAN_PEPPER_ROOT;25037;8;;;;;25051;11;;;;;25044.5;0.0
12;47000;ASH_COATED_OSMIUM;9988;12;;;;;10004;20;;;;;9996.5;0.0
12;47000;INTARIAN_PEPPER_ROOT;25039;11;25037;8;25035;8;25056;10;25058;10;25059;21;25047.5;0.0
12;47100;ASH_COATED_OSMIUM;9993;11;9992;4;;;10009;12;10011;12;;;10001.5;0.0
12;47100;INTARIAN_PEPPER_ROOT;25039;10;25037;21;25035;10;25052;11;25054;6;25057;10;25045.5;0.0
12;47200;ASH_COATED_OSMIUM;9988;12;;;;;10007;6;;;;;9997.5;0.0
12;47200;INTARIAN_PEPPER_ROOT;25044;11;25043;23;25042;8;25059;15;25060;11;25061;9;25051.5;0.0
12;47300;ASH_COATED_OSMIUM;9994;14;9993;12;9991;12;10010;10;10011;14;10014;22;10002.5;0.0
12;47300;INTARIAN_PEPPER_ROOT;25039;9;25036;10;;;25054;10;25056;8;;;25047.0;0.0
12;47400;ASH_COATED_OSMIUM;9994;12;9992;14;9989;11;10010;11;10011;12;10013;12;10002.5;0.0
12;47400;INTARIAN_PEPPER_ROOT;25041;20;;;;;25053;12;;;;;25047.5;0.0
12;47500;ASH_COATED_OSMIUM;9989;13;;;;;10005;13;;;;;9997.0;0.0
12;47500;INTARIAN_PEPPER_ROOT;25041;12;25039;10;25037;11;25057;22;25058;11;25061;9;25049.0;0.0
12;47600;ASH_COATED_OSMIUM;9994;11;9993;10;;;10010;10;10012;10;;;10002.5;0.0
12;47600;INTARIAN_PEPPER_ROOT;25041;11;25039;10;25037;8;25054;9;25057;12;25058;11;25047.5;0.0
12;47700;ASH_COATED_OSMIUM;9995;2;;;;;10011;14;;;;;10003.5;0.0
12;47700;INTARIAN_PEPPER_ROOT;25041;8;25039;12;;;25054;10;25056;16;;;25047.5;0.0
12;47800;ASH_COATED_OSMIUM;9990;14;;;;;10006;13;;;;;9998.5;0.0
12;47800;INTARIAN_PEPPER_ROOT;25039;25;25038;12;25036;9;25054;10;25056;12;25058;8;25047.0;0.0
12;47900;ASH_COATED_OSMIUM;9989;13;;;;;10005;11;;;;;9997.5;0.0
12;47900;INTARIAN_PEPPER_ROOT;25045;10;;;;;25052;12;;;;;25049.0;0.0
12;48000;ASH_COATED_OSMIUM;9987;12;9984;11;9981;27;10008;26;10009;10;10011;12;9997.5;0.0
12;48000;INTARIAN_PEPPER_ROOT;25040;24;;;;;25054;9;;;;;25047.5;0.0
12;48100;ASH_COATED_OSMIUM;9989;11;9987;11;;;10005;28;10007;11;;;9997.5;0.0
12;48100;INTARIAN_PEPPER_ROOT;25043;8;;;;;25057;9;;;;;25050.5;0.0
12;48200;ASH_COATED_OSMIUM;9989;12;9988;11;;;10005;11;10008;14;;;9997.5;0.0
12;48200;INTARIAN_PEPPER_ROOT;25037;24;;;;;25053;8;;;;;25045.0;0.0
12;48300;ASH_COATED_OSMIUM;9994;15;9992;15;9990;10;10010;11;10013;13;10014;12;10002.0;0.0
12;48300;INTARIAN_PEPPER_ROOT;25035;8;;;;;25048;11;;;;;25042.0;0.0
12;48400;ASH_COATED_OSMIUM;9992;12;9989;25;9988;10;10001;10;10004;14;10006;22;9996.5;0.0
12;48400;INTARIAN_PEPPER_ROOT;25047;11;;;;;25060;8;;;;;25053.5;0.0
12;48500;ASH_COATED_OSMIUM;9991;14;9989;8;9986;27;10012;15;10015;14;10017;10;10002.0;0.0
12;48500;INTARIAN_PEPPER_ROOT;25042;10;25041;12;;;25054;9;25057;10;;;25048.0;0.0
12;48600;ASH_COATED_OSMIUM;9994;14;9991;11;9988;25;10010;15;10012;12;10014;20;10002.0;0.0
12;48600;INTARIAN_PEPPER_ROOT;25044;18;25041;8;;;25056;12;25058;9;;;25050.0;0.0
12;48700;ASH_COATED_OSMIUM;9986;11;;;;;10005;15;;;;;9996.0;0.0
12;48700;INTARIAN_PEPPER_ROOT;25040;11;;;;;25056;12;;;;;25048.0;0.0
12;48800;ASH_COATED_OSMIUM;9988;14;9986;12;9985;12;10004;5;10006;13;10007;25;9996.0;0.0
12;48800;INTARIAN_PEPPER_ROOT;25044;10;25041;19;25038;10;25056;12;25057;8;25060;11;25050.5;0.0
12;48900;ASH_COATED_OSMIUM;9993;12;;;;;10009;20;;;;;10001.5;0.0
12;48900;INTARIAN_PEPPER_ROOT;25043;8;25040;10;;;25054;20;25057;8;;;25048.5;0.0
12;49000;ASH_COATED_OSMIUM;9991;13;9988;14;9985;29;10010;15;10013;11;10015;13;10000.5;0.0
12;49000;INTARIAN_PEPPER_ROOT;25040;8;;;;;25052;11;;;;;25046.0;0.0
12;49100;ASH_COATED_OSMIUM;9992;10;9989;30;9986;20;10008;10;10009;13;10012;26;10000.5;0.0
12;49100;INTARIAN_PEPPER_ROOT;25041;18;25040;12;;;25057;10;25058;19;;;25049.5;0.0
12;49200;ASH_COATED_OSMIUM;9987;14;;;;;10005;10;;;;;9996.0;0.0
12;49200;INTARIAN_PEPPER_ROOT;25045;24;25044;10;25041;8;25057;10;25058;11;25061;8;25051.0;0.0
12;49300;ASH_COATED_OSMIUM;9987;30;;;;;10003;12;;;;;9995.5;0.0
12;49300;INTARIAN_PEPPER_ROOT;25042;8;25039;9;;;25057;8;25060;25;;;25050.0;0.0
12;49400;ASH_COATED_OSMIUM;9993;14;9992;15;;;10009;25;10011;25;;;10001.0;0.0
12;49400;INTARIAN_PEPPER_ROOT;25040;23;25039;9;25036;10;25056;10;25059;8;25062;8;25048.5;0.0
12;49500;ASH_COATED_OSMIUM;9987;11;9984;5;9981;12;10005;14;10008;12;10009;15;9996.0;0.0
12;49500;INTARIAN_PEPPER_ROOT;25044;10;25043;9;;;25057;8;25060;12;;;25051.0;0.0
12;49600;ASH_COATED_OSMIUM;9988;11;9985;7;;;10004;14;10005;15;;;9996.5;0.0
12;49600;INTARIAN_PEPPER_ROOT;25039;8;25038;10;;;25055;8;25058;12;;;25047.5;0.0
12;49700;ASH_COATED_OSMIUM;9988;22;9985;12;9982;11;10004;21;10007;12;10009;10;9996.5;0.0
12;49700;INTARIAN_PEPPER_ROOT;25041;9;25040;20;;;25056;12;25059;10;;;25049.0;0.0
12;49800;ASH_COATED_OSMIUM;9989;13;;;;;10005;28;;;;;9997.0;0.0
12;49800;INTARIAN_PEPPER_ROOT;25045;10;;;;;25059;11;;;;;25052.5;0.0
12;49900;ASH_COATED_OSMIUM;9989;11;9987;14;;;10005;2;10008;26;;;9997.0;0.0
12;49900;INTARIAN_PEPPER_ROOT;25040;9;25037;24;25035;20;25056;21;25058;11;25061;11;25048.0;0.0
12;50000;ASH_COATED_OSMIUM;9989;21;;;;;10005;14;;;;;9997.5;0.0
12;50000;INTARIAN_PEPPER_ROOT;25044;9;25041;9;;;25058;11;25061;12;;;25051.0;0.0
12;50100;ASH_COATED_OSMIUM;9995;10;9993;14;;;10011;13;10014;12;;;10003.0;0.0
12;50100;INTARIAN_PEPPER_ROOT;25040;21;25037;9;;;25056;10;25057;11;;;25048.5;0.0
12;50200;ASH_COATED_OSMIUM;9988;14;9986;28;;;10006;22;10009;15;;;9997.5;0.0
12;50200;INTARIAN_PEPPER_ROOT;25043;8;25041;23;25038;12;25059;4;25062;10;25063;25;25051.5;0.0
12;50300;ASH_COATED_OSMIUM;9991;11;9989;13;;;10007;10;10008;15;;;9999.0;0.0
12;50300;INTARIAN_PEPPER_ROOT;25040;9;;;;;25052;9;;;;;25046.5;0.0
12;50400;ASH_COATED_OSMIUM;9991;10;9989;29;;;10007;15;10008;12;;;9999.5;0.0
12;50400;INTARIAN_PEPPER_ROOT;25043;10;25042;8;;;25058;9;25061;8;;;25050.5;0.0
12;50500;ASH_COATED_OSMIUM;9989;13;;;;;10010;15;;;;;10000.0;0.0
12;50500;INTARIAN_PEPPER_ROOT;25040;11;25037;10;25035;8;25057;10;25059;10;25060;12;25049.0;0.0
12;50600;ASH_COATED_OSMIUM;9992;14;;;;;10008;13;;;;;10000.5;0.0
12;50600;INTARIAN_PEPPER_ROOT;25045;8;25042;22;;;25058;9;25061;8;;;25052.0;0.0
12;50700;ASH_COATED_OSMIUM;9992;14;9990;12;;;10008;10;10009;23;;;10000.0;0.0
12;50700;INTARIAN_PEPPER_ROOT;25042;12;25041;10;;;25057;10;25060;11;;;25050.0;0.0
12;50800;ASH_COATED_OSMIUM;9997;22;;;;;10013;14;;;;;10005.0;0.0
12;50800;INTARIAN_PEPPER_ROOT;25045;8;25042;23;;;25057;9;25058;10;;;25051.0;0.0
12;50900;ASH_COATED_OSMIUM;9990;30;;;;;10009;28;;;;;9999.5;0.0
12;50900;INTARIAN_PEPPER_ROOT;25046;12;25044;11;;;25058;10;25060;9;;;25052.5;0.0
12;51000;ASH_COATED_OSMIUM;10000;10;;;;;10009;10;;;;;10005.0;0.0
12;51000;INTARIAN_PEPPER_ROOT;25043;8;;;;;25056;22;;;;;25050.0;0.0
12;51100;ASH_COATED_OSMIUM;9992;15;9990;21;9987;10;10008;10;10010;15;10012;12;10000.0;0.0
12;51100;INTARIAN_PEPPER_ROOT;25045;15;25043;12;25041;11;25058;8;25060;10;25063;9;25051.5;0.0
12;51200;ASH_COATED_OSMIUM;9992;29;9991;22;;;10008;12;10011;14;;;10000.0;0.0
12;51200;INTARIAN_PEPPER_ROOT;25043;10;25041;12;25039;10;25054;9;25055;11;25057;10;25049.0;0.0
12;51300;ASH_COATED_OSMIUM;9992;27;9991;11;9989;10;10008;23;10011;12;10014;13;10000.0;0.0
12;51300;INTARIAN_PEPPER_ROOT;25044;9;25042;8;25040;10;25058;8;25059;8;25061;19;25051.0;0.0
12;51400;ASH_COATED_OSMIUM;9991;10;;;;;10007;13;;;;;9999.5;0.0
12;51400;INTARIAN_PEPPER_ROOT;25045;8;25042;10;;;25058;9;25060;9;;;25051.5;0.0
12;51500;ASH_COATED_OSMIUM;9992;20;;;;;10008;14;;;;;10000.0;0.0
12;51500;INTARIAN_PEPPER_ROOT;25046;9;;;;;25049;12;;;;;25048.0;0.0
12;51600;ASH_COATED_OSMIUM;9990;13;9988;14;;;10009;15;10010;13;;;10000.0;0.0
12;51600;INTARIAN_PEPPER_ROOT;25046;8;25043;11;;;25060;11;25062;10;;;25053.5;0.0
12;51700;ASH_COATED_OSMIUM;9997;12;;;;;10013;12;;;;;10005.0;0.0
12;51700;INTARIAN_PEPPER_ROOT;25046;18;25044;11;;;25060;9;25061;9;;;25053.0;0.0
12;51800;ASH_COATED_OSMIUM;9993;14;9992;28;;;10005;11;10007;13;;;9999.5;0.0
12;51800;INTARIAN_PEPPER_ROOT;25043;20;25041;10;25039;10;25054;18;25057;8;25058;9;25049.0;0.0
12;51900;ASH_COATED_OSMIUM;9990;14;9989;15;;;10008;10;10011;29;;;9999.5;0.0
12;51900;INTARIAN_PEPPER_ROOT;25054;8;25052;11;25049;12;25057;21;25058;11;25059;8;25055.5;0.0
12;52000;ASH_COATED_OSMIUM;9996;11;9995;12;;;10012;10;10015;14;;;10004.5;0.0
12;52000;INTARIAN_PEPPER_ROOT;25043;9;25041;10;25040;11;25060;10;25061;8;25064;9;25052.0;0.0
12;52100;ASH_COATED_OSMIUM;9991;14;;;;;10007;14;;;;;9999.5;0.0
12;52100;INTARIAN_PEPPER_ROOT;25050;9;25047;10;;;25062;9;25064;8;;;25056.5;0.0
12;52200;ASH_COATED_OSMIUM;10002;12;10001;22;;;10008;12;10010;11;;;10005.0;0.0
12;52200;INTARIAN_PEPPER_ROOT;25047;10;25044;11;;;25064;17;25066;11;;;25055.5;0.0
12;52300;ASH_COATED_OSMIUM;9995;15;;;;;10014;10;;;;;10004.5;0.0
12;52300;INTARIAN_PEPPER_ROOT;25047;9;25046;7;25043;9;25058;12;25059;10;25062;8;25052.5;0.0
12;52400;ASH_COATED_OSMIUM;9990;21;9989;14;9988;22;10008;11;10011;10;10014;11;9999.5;0.0
12;52400;INTARIAN_PEPPER_ROOT;25047;9;25045;10;25044;12;25060;12;25061;11;25063;12;25053.5;0.0
12;52500;ASH_COATED_OSMIUM;9996;10;9994;12;;;10012;14;10014;15;;;10004.0;0.0
12;52500;INTARIAN_PEPPER_ROOT;25045;9;25043;12;25040;18;25059;24;25060;12;25062;9;25052.0;0.0
12;52600;ASH_COATED_OSMIUM;9989;14;;;;;10008;14;;;;;9998.5;0.0
12;52600;INTARIAN_PEPPER_ROOT;25044;8;;;;;25061;12;;;;;25053.0;0.0
12;52700;ASH_COATED_OSMIUM;9996;11;9995;15;;;10014;13;10015;11;;;10005.0;0.0
12;52700;INTARIAN_PEPPER_ROOT;25046;22;25045;21;;;25058;9;25061;12;;;25052.0;0.0
12;52800;ASH_COATED_OSMIUM;9992;10;9991;11;9988;11;10008;13;10009;12;10011;12;10000.0;0.0
12;52800;INTARIAN_PEPPER_ROOT;25047;9;25045;9;;;25059;10;25062;10;;;25053.0;0.0
12;52900;ASH_COATED_OSMIUM;9996;12;9993;11;9992;12;10014;21;10017;7;10019;26;10005.0;0.0
12;52900;INTARIAN_PEPPER_ROOT;25051;9;25049;10;;;25062;12;25063;10;;;25056.5;0.0
12;53000;ASH_COATED_OSMIUM;9997;14;9995;13;9993;11;10012;10;10013;5;10015;11;10005.0;0.0
12;53000;INTARIAN_PEPPER_ROOT;25045;11;25042;23;;;25057;8;25058;20;;;25051.5;0.0
12;53100;ASH_COATED_OSMIUM;9992;10;;;;;10008;12;;;;;10000.0;0.0
12;53100;INTARIAN_PEPPER_ROOT;25046;8;;;;;25059;10;;;;;25052.5;0.0
12;53200;ASH_COATED_OSMIUM;9996;29;9993;14;;;10014;10;10017;25;;;10005.5;0.0
12;53200;INTARIAN_PEPPER_ROOT;25047;12;25046;23;25044;21;25062;16;25065;10;25066;10;25054.5;0.0
12;53300;ASH_COATED_OSMIUM;9996;15;9994;23;;;10014;10;10016;9;;;10005.5;0.0
12;53300;INTARIAN_PEPPER_ROOT;25045;12;;;;;25058;9;;;;;25052.0;0.0
12;53400;ASH_COATED_OSMIUM;9993;14;9991;15;;;10009;13;10012;21;;;10001.0;0.0
12;53400;INTARIAN_PEPPER_ROOT;25046;9;25044;17;;;25059;11;25061;9;;;25053.0;0.0
12;53500;ASH_COATED_OSMIUM;9993;10;9992;14;9989;15;10009;28;10010;15;10013;13;10001.0;0.0
12;53500;INTARIAN_PEPPER_ROOT;25049;22;25048;23;;;25061;9;25063;9;;;25055.0;0.0
12;53600;ASH_COATED_OSMIUM;9991;13;9990;10;9987;12;10010;11;10012;14;10013;13;10001.0;0.0
12;53600;INTARIAN_PEPPER_ROOT;25050;21;;;;;25063;8;;;;;25057.0;0.0
12;53700;ASH_COATED_OSMIUM;9996;12;;;;;10006;29;;;;;10001.0;0.0
12;53700;INTARIAN_PEPPER_ROOT;25047;25;25046;10;25045;18;25061;22;25062;11;25065;8;25054.5;0.0
12;53800;ASH_COATED_OSMIUM;9997;14;9994;13;9991;24;10015;10;10016;25;10019;12;10006.5;0.0
12;53800;INTARIAN_PEPPER_ROOT;25050;22;25048;10;;;25052;8;25055;9;;;25051.0;0.0
12;53900;ASH_COATED_OSMIUM;9997;12;9996;13;9993;14;10016;15;10018;3;10020;21;10007.0;0.0
12;53900;INTARIAN_PEPPER_ROOT;25048;5;25047;18;;;25063;9;25065;25;;;25055.5;0.0
12;54000;ASH_COATED_OSMIUM;9993;26;;;;;10009;11;;;;;10001.5;0.0
12;54000;INTARIAN_PEPPER_ROOT;25046;8;25043;12;;;25059;22;25062;8;;;25052.5;0.0
12;54100;ASH_COATED_OSMIUM;9993;10;9991;12;;;10009;4;10012;13;;;10001.0;0.0
12;54100;INTARIAN_PEPPER_ROOT;25047;18;25044;8;;;25061;12;25063;8;;;25054.5;0.0
12;54200;ASH_COATED_OSMIUM;9995;11;9994;11;;;10005;23;10006;14;;;10000.0;0.0
12;54200;INTARIAN_PEPPER_ROOT;25051;10;25049;12;;;25063;8;25064;8;;;25057.5;0.0
12;54300;ASH_COATED_OSMIUM;9996;14;;;;;10015;29;;;;;10005.5;0.0
12;54300;INTARIAN_PEPPER_ROOT;25048;8;25045;10;25044;20;25056;8;25057;10;25060;10;25052.5;0.0
12;54400;ASH_COATED_OSMIUM;9997;27;9996;23;9994;14;10013;12;10014;12;10016;13;10005.0;0.0
12;54400;INTARIAN_PEPPER_ROOT;25049;11;;;;;25061;11;;;;;25055.5;0.0
12;54500;ASH_COATED_OSMIUM;9990;11;9987;14;;;10009;13;10010;15;;;9999.5;0.0
12;54500;INTARIAN_PEPPER_ROOT;25048;8;25046;9;;;25060;16;25062;9;;;25054.0;0.0
12;54600;ASH_COATED_OSMIUM;9997;28;9995;10;9992;15;10013;10;10016;12;10018;14;10005.0;0.0
12;54600;INTARIAN_PEPPER_ROOT;25050;9;25048;17;;;25062;8;25065;20;;;25056.5;0.0
12;54700;ASH_COATED_OSMIUM;9991;15;9988;15;9987;10;10007;10;10009;12;10011;10;9999.5;0.0
12;54700;INTARIAN_PEPPER_ROOT;25050;18;25047;12;;;25061;11;25064;12;;;25055.5;0.0
12;54800;ASH_COATED_OSMIUM;9992;13;;;;;10008;14;;;;;10000.0;0.0
12;54800;INTARIAN_PEPPER_ROOT;25048;6;25045;22;;;25062;10;25063;9;;;25055.0;0.0
12;54900;ASH_COATED_OSMIUM;9991;14;9988;13;9987;14;10007;15;10010;11;10012;14;9999.5;0.0
12;54900;INTARIAN_PEPPER_ROOT;25046;12;25043;16;;;25060;11;25061;10;;;25053.0;0.0
12;55000;ASH_COATED_OSMIUM;9996;14;;;;;10014;24;;;;;10005.0;0.0
12;55000;INTARIAN_PEPPER_ROOT;25050;9;25048;10;;;25064;11;25065;10;;;25057.0;0.0
12;55100;ASH_COATED_OSMIUM;9991;12;9988;12;;;10010;14;10012;2;;;10000.5;0.0
12;55100;INTARIAN_PEPPER_ROOT;25050;24;;;;;25064;9;;;;;25057.5;0.0
12;55200;ASH_COATED_OSMIUM;9990;14;9988;15;;;10009;22;10012;15;;;10000.0;0.0
12;55200;INTARIAN_PEPPER_ROOT;25050;12;;;;;25062;9;;;;;25056.0;0.0
12;55300;ASH_COATED_OSMIUM;9996;11;9993;11;9990;10;10015;10;10018;24;10019;29;10005.5;0.0
12;55300;INTARIAN_PEPPER_ROOT;25046;11;25045;10;25044;25;25062;8;25065;9;25067;11;25054.5;0.0
12;55400;ASH_COATED_OSMIUM;9993;15;9990;12;9988;12;10009;23;10010;12;10012;25;10001.0;0.0
12;55400;INTARIAN_PEPPER_ROOT;25055;9;25052;9;25050;12;25067;22;25068;10;25070;19;25061.0;0.0
12;55500;ASH_COATED_OSMIUM;9998;15;9997;23;9995;15;10014;29;10015;11;10016;27;10006.0;0.0
12;55500;INTARIAN_PEPPER_ROOT;25045;10;25043;9;;;25059;11;25062;9;;;25052.0;0.0
12;55600;ASH_COATED_OSMIUM;9998;14;9997;12;9996;14;10014;12;10016;20;10017;25;10006.5;0.0
12;55600;INTARIAN_PEPPER_ROOT;25053;22;25050;9;25047;9;25058;9;25060;10;25062;16;25055.5;0.0
12;55700;ASH_COATED_OSMIUM;9999;15;9997;14;9995;4;10015;13;10016;29;10018;21;10007.0;0.0
12;55700;INTARIAN_PEPPER_ROOT;25047;12;25045;11;25044;10;25064;9;25067;12;25070;8;25055.5;0.0
12;55800;ASH_COATED_OSMIUM;9999;10;9998;12;9995;15;10015;11;10017;28;10019;11;10007.0;0.0
12;55800;INTARIAN_PEPPER_ROOT;25048;8;25045;18;;;25060;8;25061;20;;;25054.0;0.0
12;55900;ASH_COATED_OSMIUM;9997;3;9996;10;9993;15;10016;13;10019;11;10021;12;10006.5;0.0
12;55900;INTARIAN_PEPPER_ROOT;25053;9;25050;11;;;25065;9;25066;11;;;25059.0;0.0
12;56000;ASH_COATED_OSMIUM;9997;12;9996;12;;;10016;11;10019;15;;;10006.5;0.0
12;56000;INTARIAN_PEPPER_ROOT;25045;12;25044;9;;;25062;11;25064;19;;;25054.0;0.0
12;56100;ASH_COATED_OSMIUM;9998;13;;;;;10014;11;;;;;10006.5;0.0
12;56100;INTARIAN_PEPPER_ROOT;25056;10;25055;11;;;25068;22;25071;10;;;25062.5;0.0
12;56200;ASH_COATED_OSMIUM;9992;12;9991;12;;;10010;14;10012;13;;;10001.0;0.0
12;56200;INTARIAN_PEPPER_ROOT;25049;8;;;;;25061;11;;;;;25055.0;0.0
12;56300;ASH_COATED_OSMIUM;9993;27;9991;11;9988;14;10009;10;10010;12;10012;11;10001.0;0.0
12;56300;INTARIAN_PEPPER_ROOT;25052;19;25049;11;;;25064;11;25066;8;;;25058.5;0.0
12;56400;ASH_COATED_OSMIUM;9998;13;9995;12;9993;11;10014;12;10017;13;10020;13;10006.0;0.0
12;56400;INTARIAN_PEPPER_ROOT;25048;9;25045;11;25042;8;25062;10;25065;9;25068;10;25055.5;0.0
12;56500;ASH_COATED_OSMIUM;9997;10;9995;12;;;10016;13;10017;10;;;10006.5;0.0
12;56500;INTARIAN_PEPPER_ROOT;25050;16;25047;22;;;25061;20;25064;9;;;25055.5;0.0
12;56600;ASH_COATED_OSMIUM;9991;23;;;;;10010;26;;;;;10001.0;0.0
12;56600;INTARIAN_PEPPER_ROOT;25049;22;25046;9;25043;10;25066;9;25067;23;25070;11;25057.5;0.0
12;56700;ASH_COATED_OSMIUM;9998;10;9996;12;;;10014;25;10017;13;;;10006.0;0.0
12;56700;INTARIAN_PEPPER_ROOT;25047;8;25046;8;;;25063;11;25064;16;;;25055.5;0.0
12;56800;ASH_COATED_OSMIUM;10000;29;;;;;10011;11;;;;;10005.5;0.0
12;56800;INTARIAN_PEPPER_ROOT;25040;8;;;;;25054;11;;;;;25047.0;0.0
12;56900;ASH_COATED_OSMIUM;9992;2;9991;15;9988;26;10008;11;10010;13;10011;29;10000.5;0.0
12;56900;INTARIAN_PEPPER_ROOT;25046;8;;;;;25059;9;;;;;25053.0;0.0
12;57000;ASH_COATED_OSMIUM;9993;15;;;;;10009;30;;;;;10001.0;0.0
12;57000;INTARIAN_PEPPER_ROOT;25052;10;25050;10;;;25065;8;25067;25;;;25058.5;0.0
12;57100;ASH_COATED_OSMIUM;9992;2;9991;3;9988;11;10011;10;10013;13;10016;4;10001.5;0.0
12;57100;INTARIAN_PEPPER_ROOT;25051;11;;;;;25063;16;;;;;25057.5;0.0
12;57200;ASH_COATED_OSMIUM;9999;13;9998;11;;;10015;13;10016;14;;;10007.0;0.0
12;57200;INTARIAN_PEPPER_ROOT;25050;15;25049;12;;;25064;9;25065;10;;;25057.5;0.0
12;57300;ASH_COATED_OSMIUM;9991;14;9989;15;;;10009;21;10012;14;;;10000.0;0.0
12;57300;INTARIAN_PEPPER_ROOT;25053;8;25052;8;25049;12;25067;12;25070;9;25072;11;25060.0;0.0
12;57400;ASH_COATED_OSMIUM;9997;21;9995;12;9992;4;10013;14;10016;15;10018;15;10005.0;0.0
12;57400;INTARIAN_PEPPER_ROOT;25050;10;25048;11;25045;19;25064;8;25067;20;25069;8;25057.0;0.0
12;57500;ASH_COATED_OSMIUM;9995;14;9994;14;9992;4;10013;10;10016;21;10019;14;10004.5;0.0
12;57500;INTARIAN_PEPPER_ROOT;25052;10;25051;11;;;25066;8;25069;11;;;25059.5;0.0
12;57600;ASH_COATED_OSMIUM;9990;22;9987;11;9986;12;10009;11;10010;14;10013;10;10000.0;0.0
12;57600;INTARIAN_PEPPER_ROOT;25050;25;;;;;25061;11;;;;;25056.0;0.0
12;57700;ASH_COATED_OSMIUM;9991;10;9989;11;9987;10;10007;10;10010;15;10013;4;9999.5;0.0
12;57700;INTARIAN_PEPPER_ROOT;25050;8;25049;11;;;25061;11;25062;12;;;25056.0;0.0
12;57800;ASH_COATED_OSMIUM;9995;29;;;;;10014;14;;;;;10004.5;0.0
12;57800;INTARIAN_PEPPER_ROOT;25050;10;25049;9;;;25063;9;25066;12;;;25057.0;0.0
12;57900;ASH_COATED_OSMIUM;9996;14;9994;13;;;10012;29;10013;12;;;10004.0;0.0
12;57900;INTARIAN_PEPPER_ROOT;25047;15;;;;;25063;12;;;;;25055.0;0.0
12;58000;ASH_COATED_OSMIUM;9996;13;9993;11;;;10012;10;10015;15;;;10004.5;0.0
12;58000;INTARIAN_PEPPER_ROOT;25046;20;25043;12;;;25061;12;25062;11;;;25054.0;0.0
12;58100;ASH_COATED_OSMIUM;9995;23;9992;15;;;10013;14;10014;12;;;10004.5;0.0
12;58100;INTARIAN_PEPPER_ROOT;25050;9;25047;11;;;25063;8;25065;10;;;25057.0;0.0
12;58200;ASH_COATED_OSMIUM;9991;10;9990;15;;;10007;12;10009;11;;;9999.0;0.0
12;58200;INTARIAN_PEPPER_ROOT;25050;12;25048;11;;;25066;10;25069;9;;;25058.5;0.0
12;58300;ASH_COATED_OSMIUM;9995;12;;;;;10011;15;;;;;10003.5;0.0
12;58300;INTARIAN_PEPPER_ROOT;25052;25;25049;12;25048;16;25063;12;25064;11;25066;10;25058.0;0.0
12;58400;ASH_COATED_OSMIUM;9990;30;9987;11;;;10006;11;10009;14;;;9998.5;0.0
12;58400;INTARIAN_PEPPER_ROOT;25052;8;25049;8;25048;25;25067;9;25070;9;25072;8;25060.0;0.0
12;58500;ASH_COATED_OSMIUM;9991;11;9990;10;9989;13;10007;29;10010;11;10012;15;9999.0;0.0
12;58500;INTARIAN_PEPPER_ROOT;25053;9;25052;8;;;25069;10;25071;11;;;25061.0;0.0
12;58600;ASH_COATED_OSMIUM;9991;15;;;;;10007;13;;;;;9999.5;0.0
12;58600;INTARIAN_PEPPER_ROOT;25051;12;25050;11;;;25063;10;25066;11;;;25057.5;0.0
12;58700;ASH_COATED_OSMIUM;9995;12;9994;12;;;10004;12;10005;11;;;10000.0;0.0
12;58700;INTARIAN_PEPPER_ROOT;25054;8;25052;12;;;25066;12;25068;11;;;25060.5;0.0
12;58800;ASH_COATED_OSMIUM;9991;12;9990;14;;;10007;15;10009;27;;;9999.5;0.0
12;58800;INTARIAN_PEPPER_ROOT;25053;11;25052;12;;;25064;8;25067;18;;;25058.5;0.0
12;58900;ASH_COATED_OSMIUM;9991;13;9990;11;9987;13;10007;14;10010;12;10012;4;9999.5;0.0
12;58900;INTARIAN_PEPPER_ROOT;25055;9;25054;11;;;25068;11;25069;11;;;25062.0;0.0
12;59000;ASH_COATED_OSMIUM;9992;11;9989;12;9986;10;10008;13;10009;10;10011;14;10000.0;0.0
12;59000;INTARIAN_PEPPER_ROOT;25056;10;25055;22;25052;22;25067;22;25069;10;25071;8;25062.0;0.0
12;59100;ASH_COATED_OSMIUM;9991;10;;;;;10009;13;;;;;10000.0;0.0
12;59100;INTARIAN_PEPPER_ROOT;25046;10;25043;12;25040;10;25059;11;25062;16;25063;10;25053.0;0.0
12;59200;ASH_COATED_OSMIUM;9992;27;9989;12;;;10008;12;10011;13;;;10000.5;0.0
12;59200;INTARIAN_PEPPER_ROOT;25051;12;;;;;25064;9;;;;;25058.0;0.0
12;59300;ASH_COATED_OSMIUM;9991;14;9989;10;9986;12;10007;15;10010;11;10011;14;9999.5;0.0
12;59300;INTARIAN_PEPPER_ROOT;25053;10;;;;;25066;12;;;;;25060.0;0.0
12;59400;ASH_COATED_OSMIUM;9996;13;9994;14;;;10014;14;10016;8;;;10005.0;0.0
12;59400;INTARIAN_PEPPER_ROOT;25053;10;25051;8;;;25068;11;25070;11;;;25061.0;0.0
12;59500;ASH_COATED_OSMIUM;9997;10;9995;14;9992;10;10013;14;10016;13;10018;13;10005.0;0.0
12;59500;INTARIAN_PEPPER_ROOT;25053;11;25051;24;25049;11;25070;11;25073;10;25074;11;25062.0;0.0
12;59600;ASH_COATED_OSMIUM;9991;11;9988;14;;;10009;15;10011;10;;;10000.0;0.0
12;59600;INTARIAN_PEPPER_ROOT;25057;9;25055;9;;;25068;10;25070;12;;;25063.0;0.0
12;59700;ASH_COATED_OSMIUM;9991;12;9989;14;9987;12;10009;10;10012;13;10014;13;10000.5;0.0
12;59700;INTARIAN_PEPPER_ROOT;25053;8;;;;;25070;11;;;;;25061.5;0.0
12;59800;ASH_COATED_OSMIUM;9992;9;9989;15;;;10010;30;10011;11;;;10001.0;0.0
12;59800;INTARIAN_PEPPER_ROOT;25056;9;25054;12;;;25070;11;25072;10;;;25063.5;0.0
12;59900;ASH_COATED_OSMIUM;9998;12;9996;28;9994;15;10014;25;10017;22;10019;12;10006.0;0.0
12;59900;INTARIAN_PEPPER_ROOT;25050;20;25049;12;;;25067;8;25068;7;;;25059.0;0.0
12;60000;ASH_COATED_OSMIUM;9996;12;9993;15;;;10005;14;10007;10;;;10001.0;0.0
12;60000;INTARIAN_PEPPER_ROOT;25054;10;25051;9;25049;10;25066;8;25068;15;25071;11;25060.5;0.0
12;60100;ASH_COATED_OSMIUM;9997;15;;;;;10015;10;;;;;10006.5;0.0
12;60100;INTARIAN_PEPPER_ROOT;25051;17;25050;8;25047;10;25066;10;25067;9;25070;12;25058.5;0.0
12;60200;ASH_COATED_OSMIUM;9998;11;9997;13;;;10014;10;10017;23;;;10006.0;0.0
12;60200;INTARIAN_PEPPER_ROOT;25055;9;25054;11;;;25069;10;25072;25;;;25062.0;0.0
12;60300;ASH_COATED_OSMIUM;9992;12;9990;12;9987;10;10008;10;10010;10;10012;10;10000.5;0.0
12;60300;INTARIAN_PEPPER_ROOT;25050;11;25049;22;;;25067;9;25068;24;;;25059.0;0.0
12;60400;ASH_COATED_OSMIUM;9992;14;;;;;10008;12;;;;;10000.0;0.0
12;60400;INTARIAN_PEPPER_ROOT;25054;11;25053;8;25050;11;25067;11;25069;12;25072;9;25060.5;0.0
12;60500;ASH_COATED_OSMIUM;9996;24;9994;13;9993;15;10012;12;10015;3;10017;14;10004.5;0.0
12;60500;INTARIAN_PEPPER_ROOT;25051;10;25050;10;;;25067;17;25068;11;;;25059.5;0.0
12;60600;ASH_COATED_OSMIUM;9991;10;9988;11;;;10009;10;10011;13;;;10000.0;0.0
12;60600;INTARIAN_PEPPER_ROOT;25053;10;25050;12;25047;9;25066;11;25067;16;25070;10;25059.5;0.0
12;60700;ASH_COATED_OSMIUM;9997;12;9995;11;9992;13;10013;12;10014;11;10016;15;10005.0;0.0
12;60700;INTARIAN_PEPPER_ROOT;25056;9;;;;;25070;15;;;;;25063.5;0.0
12;60800;ASH_COATED_OSMIUM;9991;10;;;;;10009;15;;;;;10000.0;0.0
12;60800;INTARIAN_PEPPER_ROOT;25055;11;;;;;25069;12;;;;;25062.5;0.0
12;60900;ASH_COATED_OSMIUM;9995;14;9992;12;;;10005;10;10008;15;;;10000.0;0.0
12;60900;INTARIAN_PEPPER_ROOT;25059;9;;;;;25071;11;;;;;25065.0;0.0
12;61000;ASH_COATED_OSMIUM;9992;10;9989;23;;;10008;13;10010;27;;;10000.0;0.0
12;61000;INTARIAN_PEPPER_ROOT;25056;20;25055;10;;;25072;12;25074;10;;;25064.0;0.0
12;61100;ASH_COATED_OSMIUM;9991;10;9989;12;9987;14;10009;15;10012;12;10013;15;10000.0;0.0
12;61100;INTARIAN_PEPPER_ROOT;25055;10;25052;8;;;25071;11;25074;18;;;25063.5;0.0
12;61200;ASH_COATED_OSMIUM;9991;20;9988;2;;;10009;11;10012;11;;;10000.0;0.0
12;61200;INTARIAN_PEPPER_ROOT;25054;12;25051;8;;;25066;12;25069;11;;;25060.0;0.0
12;61300;ASH_COATED_OSMIUM;9992;12;9990;12;;;10008;15;10010;29;;;10000.5;0.0
12;61300;INTARIAN_PEPPER_ROOT;25054;6;25053;8;25050;11;25068;16;25070;25;25073;8;25061.0;0.0
12;61400;ASH_COATED_OSMIUM;9992;12;9990;15;9988;12;10008;11;10009;12;10010;13;10000.5;0.0
12;61400;INTARIAN_PEPPER_ROOT;25054;10;;;;;25066;18;;;;;25060.5;0.0
12;61500;ASH_COATED_OSMIUM;9997;15;9994;12;;;10015;15;10018;13;;;10006.0;0.0
12;61500;INTARIAN_PEPPER_ROOT;25057;9;25054;25;;;25068;8;25070;23;;;25062.5;0.0
12;61600;ASH_COATED_OSMIUM;9997;12;9996;14;9994;11;10016;15;10017;10;10020;10;10006.5;0.0
12;61600;INTARIAN_PEPPER_ROOT;25050;12;25049;8;;;25067;10;25069;11;;;25058.5;0.0
12;61700;ASH_COATED_OSMIUM;9993;24;9991;11;9990;11;10009;10;10012;23;10015;20;10001.5;0.0
12;61700;INTARIAN_PEPPER_ROOT;25060;12;25058;12;25055;15;25072;23;25074;11;25075;11;25066.5;0.0
12;61800;ASH_COATED_OSMIUM;9999;13;;;;;10015;11;;;;;10007.0;0.0
12;61800;INTARIAN_PEPPER_ROOT;25056;11;25055;10;;;25068;12;25069;9;;;25062.0;0.0
12;61900;ASH_COATED_OSMIUM;9999;15;9997;12;;;10015;14;10017;10;;;10007.0;0.0
12;61900;INTARIAN_PEPPER_ROOT;25057;12;25055;11;25053;8;25073;9;25074;8;25075;10;25065.0;0.0
12;62000;ASH_COATED_OSMIUM;9992;10;9989;12;;;10011;23;10012;20;;;10001.5;0.0
12;62000;INTARIAN_PEPPER_ROOT;25057;9;25055;12;25052;9;25071;8;25072;9;25074;12;25064.5;0.0
12;62100;ASH_COATED_OSMIUM;9997;13;;;;;10016;10;;;;;10006.5;0.0
12;62100;INTARIAN_PEPPER_ROOT;25057;25;25054;8;25052;17;25068;11;25071;12;25074;12;25063.0;0.0
12;62200;ASH_COATED_OSMIUM;9993;14;;;;;10009;10;;;;;10001.0;0.0
12;62200;INTARIAN_PEPPER_ROOT;25051;8;;;;;25067;8;;;;;25059.5;0.0
12;62300;ASH_COATED_OSMIUM;9993;10;9992;21;;;10009;5;10010;11;;;10001.5;0.0
12;62300;INTARIAN_PEPPER_ROOT;25055;17;25053;11;;;25069;12;25072;10;;;25062.0;0.0
12;62400;ASH_COATED_OSMIUM;9998;10;9995;12;;;10014;14;10015;14;;;10006.5;0.0
12;62400;INTARIAN_PEPPER_ROOT;25055;8;25053;9;;;25068;10;25070;8;;;25061.5;0.0
12;62500;ASH_COATED_OSMIUM;9993;23;9990;27;9987;12;10009;11;10011;26;10014;10;10001.0;0.0
12;62500;INTARIAN_PEPPER_ROOT;25055;11;25054;11;25053;25;25066;12;25068;10;25071;8;25061.0;0.0
12;62600;ASH_COATED_OSMIUM;9998;15;9996;13;;;10014;10;10015;12;;;10006.5;0.0
12;62600;INTARIAN_PEPPER_ROOT;25056;9;25053;20;;;25071;25;25073;8;;;25064.0;0.0
12;62700;ASH_COATED_OSMIUM;9993;14;9992;11;9989;15;10009;13;10012;10;10013;14;10001.5;0.0
12;62700;INTARIAN_PEPPER_ROOT;25056;8;25054;11;;;25068;8;25071;9;;;25062.5;0.0
12;62800;ASH_COATED_OSMIUM;9993;10;9991;15;9989;29;10009;11;10012;10;10015;12;10001.5;0.0
12;62800;INTARIAN_PEPPER_ROOT;25054;12;;;;;25066;8;;;;;25060.5;0.0
12;62900;ASH_COATED_OSMIUM;9992;10;;;;;10011;12;;;;;10001.5;0.0
12;62900;INTARIAN_PEPPER_ROOT;25058;8;;;;;25072;11;;;;;25065.0;0.0
12;63000;ASH_COATED_OSMIUM;9993;13;9991;15;;;10009;22;10010;15;;;10001.0;0.0
12;63000;INTARIAN_PEPPER_ROOT;25056;11;;;;;25068;8;;;;;25062.5;0.0
12;63100;ASH_COATED_OSMIUM;9998;12;9997;10;9995;12;10014;13;10016;4;10019;10;10006.0;0.0
12;63100;INTARIAN_PEPPER_ROOT;25057;11;25055;24;25054;11;25069;7;25071;10;25074;19;25063.5;0.0
12;63200;ASH_COATED_OSMIUM;9996;15;;;;;10015;11;;;;;10006.0;0.0
12;63200;INTARIAN_PEPPER_ROOT;25057;12;;;;;25069;9;;;;;25063.0;0.0
12;63300;ASH_COATED_OSMIUM;9993;12;9991;10;;;10009;10;10012;12;;;10001.0;0.0
12;63300;INTARIAN_PEPPER_ROOT;25061;10;25059;8;25057;11;25073;12;25074;8;25075;9;25067.0;0.0
12;63400;ASH_COATED_OSMIUM;9992;12;9989;15;9986;13;10008;10;10011;13;10013;12;10000.5;0.0
12;63400;INTARIAN_PEPPER_ROOT;25058;12;25056;12;;;25069;7;25072;9;;;25064.0;0.0
12;63500;ASH_COATED_OSMIUM;9992;13;9989;12;;;10008;13;10010;12;;;10000.5;0.0
12;63500;INTARIAN_PEPPER_ROOT;25058;9;;;;;25071;10;;;;;25064.5;0.0
