day;timestamp;product;bid_price_1;bid_volume_1;bid_price_2;bid_volume_2;bid_price_3;bid_volume_3;ask_price_1;ask_volume_1;ask_price_2;ask_volume_2;ask_price_3;ask_volume_3;mid_price;profit_and_loss
14;0;ASH_COATED_OSMIUM;9987;10;;;;;10003;26;;;;;9995.5;0.0
14;0;INTARIAN_PEPPER_ROOT;26995;8;26992;10;;;27007;11;27008;12;;;27001.0;0.0
14;100;ASH_COATED_OSMIUM;9992;27;;;;;10008;14;;;;;10000.5;0.0
14;100;INTARIAN_PEPPER_ROOT;26985;9;26983;12;26980;10;26999;10;27001;9;27002;12;26992.5;0.0
14;200;ASH_COATED_OSMIUM;9990;25;;;;;10009;13;;;;;10000.0;0.0
14;200;INTARIAN_PEPPER_ROOT;26994;10;26992;9;;;27007;12;27008;25;;;27000.5;0.0
14;300;ASH_COATED_OSMIUM;9992;22;9989;15;;;10008;10;10010;28;;;10000.5;0.0
14;300;INTARIAN_PEPPER_ROOT;26992;12;;;;;27004;12;;;;;26998.5;0.0
14;400;ASH_COATED_OSMIUM;9992;11;9990;5;9989;11;10008;13;10011;14;10013;10;10000.5;0.0
14;400;INTARIAN_PEPPER_ROOT;26995;10;;;;;27011;8;;;;;27003.5;0.0
14;500;ASH_COATED_OSMIUM;9995;11;9994;13;;;10005;15;10008;15;;;10000.0;0.0
14;500;INTARIAN_PEPPER_ROOT;26991;12;26988;12;26986;9;27007;11;27008;21;27010;9;26999.0;0.0
14;600;ASH_COATED_OSMIUM;9997;28;;;;;10002;13;;;;;10000.0;0.0
14;600;INTARIAN_PEPPER_ROOT;26996;11;26995;10;;;27009;22;27012;9;;;27002.5;0.0
14;700;ASH_COATED_OSMIUM;9987;15;9985;27;;;10003;15;10004;13;;;9995.0;0.0
14;700;INTARIAN_PEPPER_ROOT;26992;15;;;;;27008;10;;;;;27000.5;0.0
14;800;ASH_COATED_OSMIUM;9987;12;;;;;10003;29;;;;;9995.0;0.0
14;800;INTARIAN_PEPPER_ROOT;26994;8;;;;;27006;12;;;;;27000.0;0.0
14;900;ASH_COATED_OSMIUM;9986;13;9985;13;9982;10;10002;11;10003;13;10004;13;9994.5;0.0
14;900;INTARIAN_PEPPER_ROOT;26988;10;;;;;27002;12;;;;;26995.0;0.0
14;1000;ASH_COATED_OSMIUM;9989;28;9986;28;;;9998;11;10001;12;;;9994.0;0.0
14;1000;INTARIAN_PEPPER_ROOT;26997;9;26996;8;26995;8;27009;9;27011;8;27014;12;27003.0;0.0
14;1100;ASH_COATED_OSMIUM;9984;14;9981;11;9979;29;10003;26;10006;15;10007;27;9994.0;0.0
14;1100;INTARIAN_PEPPER_ROOT;26994;11;;;;;27008;11;;;;;27001.0;0.0
14;1200;ASH_COATED_OSMIUM;9991;12;;;;;10007;12;;;;;9999.0;0.0
14;1200;INTARIAN_PEPPER_ROOT;26997;10;26995;20;;;27000;9;27003;12;;;26998.5;0.0
14;1300;ASH_COATED_OSMIUM;9996;11;9995;13;9994;11;10004;20;10005;13;10006;11;10000.0;0.0
14;1300;INTARIAN_PEPPER_ROOT;26994;12;26993;12;;;27007;9;27010;10;;;27001.0;0.0
14;1400;ASH_COATED_OSMIUM;9985;14;9984;10;9982;12;10004;13;10006;5;10008;14;9994.5;0.0
14;1400;INTARIAN_PEPPER_ROOT;26994;12;26991;12;;;27009;10;27011;9;;;27001.5;0.0
14;1500;ASH_COATED_OSMIUM;9991;11;9989;14;;;10007;29;10009;10;;;9999.0;0.0
14;1500;INTARIAN_PEPPER_ROOT;26995;9;26994;11;;;27007;9;27008;15;;;27001.5;0.0
14;1600;ASH_COATED_OSMIUM;9990;10;9988;11;;;10006;25;10008;13;;;9998.5;0.0
14;1600;INTARIAN_PEPPER_ROOT;26992;17;26989;10;;;27007;11;27009;10;;;27000.0;0.0
14;1700;ASH_COATED_OSMIUM;9985;10;9983;12;;;10001;13;10003;11;;;9993.5;0.0
14;1700;INTARIAN_PEPPER_ROOT;26992;8;26991;15;26989;9;27007;11;27008;21;27009;17;27000.0;0.0
14;1800;ASH_COATED_OSMIUM;9985;21;;;;;10001;10;;;;;9993.0;0.0
14;1800;INTARIAN_PEPPER_ROOT;26995;9;;;;;27009;8;;;;;27002.0;0.0
14;1900;ASH_COATED_OSMIUM;9988;10;9985;3;9982;14;10009;14;10012;12;10015;15;9998.5;0.0
14;1900;INTARIAN_PEPPER_ROOT;26989;18;26986;9;;;27006;12;27009;11;;;26998.0;0.0
14;2000;ASH_COATED_OSMIUM;9985;12;9982;13;9979;4;10001;5;10002;13;10005;15;9993.5;0.0
14;2000;INTARIAN_PEPPER_ROOT;26999;8;;;;;27010;11;;;;;27005.0;0.0
14;2100;ASH_COATED_OSMIUM;9990;13;9988;14;;;10006;12;10007;12;;;9998.5;0.0
14;2100;INTARIAN_PEPPER_ROOT;26995;12;26993;8;26992;9;27009;12;27012;11;27015;12;27002.5;0.0
14;2200;ASH_COATED_OSMIUM;9982;14;9979;12;;;10003;9;10006;14;;;9993.0;0.0
14;2200;INTARIAN_PEPPER_ROOT;27000;12;;;;;27012;8;;;;;27006.0;0.0
14;2300;ASH_COATED_OSMIUM;9983;12;9981;11;9978;13;10002;12;10003;13;10006;12;9993.0;0.0
14;2300;INTARIAN_PEPPER_ROOT;27002;25;26999;12;26996;21;27005;12;27007;11;27010;12;27004.0;0.0
14;2400;ASH_COATED_OSMIUM;9989;12;;;;;10007;12;;;;;9998.0;0.0
14;2400;INTARIAN_PEPPER_ROOT;27001;11;27000;10;26999;8;27012;11;27014;12;27015;8;27007.0;0.0
14;2500;ASH_COATED_OSMIUM;9985;15;9984;14;;;10001;13;10003;22;;;9993.0;0.0
14;2500;INTARIAN_PEPPER_ROOT;26998;11;;;;;27010;10;;;;;27004.5;0.0
14;2600;ASH_COATED_OSMIUM;9990;11;9989;14;;;10006;13;10009;15;;;9998.5;0.0
14;2600;INTARIAN_PEPPER_ROOT;26999;11;26996;10;;;27014;8;27016;11;;;27007.0;0.0
14;2700;ASH_COATED_OSMIUM;9983;15;9980;28;;;10002;23;10004;10;;;9993.0;0.0
14;2700;INTARIAN_PEPPER_ROOT;26997;8;;;;;27011;10;;;;;27004.0;0.0
14;2800;ASH_COATED_OSMIUM;9990;13;;;;;10006;10;;;;;9998.5;0.0
14;2800;INTARIAN_PEPPER_ROOT;26996;10;26995;6;;;27008;12;27009;8;;;27002.0;0.0
14;2900;ASH_COATED_OSMIUM;9985;24;9982;14;9979;12;10001;14;10004;15;10005;23;9993.5;0.0
14;2900;INTARIAN_PEPPER_ROOT;26994;11;;;;;27010;9;;;;;27002.5;0.0
14;3000;ASH_COATED_OSMIUM;9985;15;;;;;10001;11;;;;;9993.0;0.0
14;3000;INTARIAN_PEPPER_ROOT;26997;9;;;;;27011;22;;;;;27004.5;0.0
14;3100;ASH_COATED_OSMIUM;9989;12;9988;26;;;10008;13;10010;12;;;9998.5;0.0
14;3100;INTARIAN_PEPPER_ROOT;26997;8;;;;;27011;12;;;;;27004.0;0.0
14;3200;ASH_COATED_OSMIUM;9991;4;9990;14;9988;14;10007;11;10009;13;10011;11;9999.0;0.0
14;3200;INTARIAN_PEPPER_ROOT;26992;11;26991;9;;;27010;20;27011;8;;;27001.5;0.0
14;3300;ASH_COATED_OSMIUM;9986;12;9985;14;;;10002;3;10003;10;;;9994.0;0.0
14;3300;INTARIAN_PEPPER_ROOT;26994;10;;;;;27011;12;;;;;27003.0;0.0
14;3400;ASH_COATED_OSMIUM;9986;12;9984;13;;;10002;20;10003;2;;;9994.0;0.0
14;3400;INTARIAN_PEPPER_ROOT;26997;11;26996;11;;;27011;10;27014;8;;;27004.5;0.0
14;3500;ASH_COATED_OSMIUM;9986;14;9985;13;9982;14;10002;12;10004;23;10006;27;9994.0;0.0
14;3500;INTARIAN_PEPPER_ROOT;26992;17;26991;8;26989;8;27008;9;27009;8;27011;9;27000.5;0.0
14;3600;ASH_COATED_OSMIUM;9991;28;9988;14;;;10007;15;10009;22;;;9999.0;0.0
14;3600;INTARIAN_PEPPER_ROOT;27002;11;26999;12;26996;9;27005;12;27006;9;27007;10;27004.0;0.0
14;3700;ASH_COATED_OSMIUM;9984;15;9983;14;;;10005;12;10008;10;;;9994.5;0.0
14;3700;INTARIAN_PEPPER_ROOT;26999;11;;;;;27012;10;;;;;27005.5;0.0
14;3800;ASH_COATED_OSMIUM;9986;13;9984;10;;;10002;22;10005;14;;;9994.0;0.0
14;3800;INTARIAN_PEPPER_ROOT;27000;19;26999;9;26997;12;27013;9;27015;12;27018;10;27006.5;0.0
14;3900;ASH_COATED_OSMIUM;9986;10;;;;;10002;11;;;;;9994.5;0.0
14;3900;INTARIAN_PEPPER_ROOT;26997;8;26996;20;;;27008;8;27009;12;;;27003.0;0.0
14;4000;ASH_COATED_OSMIUM;9989;10;9988;4;9986;25;10000;11;10001;12;10004;14;9994.5;0.0
14;4000;INTARIAN_PEPPER_ROOT;26995;24;26993;12;;;27009;11;27010;9;;;27002.0;0.0
14;4100;ASH_COATED_OSMIUM;9985;12;;;;;10003;15;;;;;9994.5;0.0
14;4100;INTARIAN_PEPPER_ROOT;26994;10;;;;;27010;22;;;;;27002.0;0.0
14;4200;ASH_COATED_OSMIUM;9986;23;9984;12;;;10002;30;10004;13;;;9994.5;0.0
14;4200;INTARIAN_PEPPER_ROOT;26997;11;26995;11;;;27012;8;27015;10;;;27004.5;0.0
14;4300;ASH_COATED_OSMIUM;9983;14;9982;14;;;10004;15;10007;23;;;9994.0;0.0
14;4300;INTARIAN_PEPPER_ROOT;26997;17;;;;;27011;12;;;;;27004.5;0.0
14;4400;ASH_COATED_OSMIUM;9991;13;9988;14;;;10007;2;10010;14;;;9999.5;0.0
14;4400;INTARIAN_PEPPER_ROOT;26999;15;26996;12;26995;22;27013;21;27015;9;27017;10;27006.5;0.0
14;4500;ASH_COATED_OSMIUM;9991;13;9989;15;9986;10;9997;13;10000;14;10001;13;9994.5;0.0
14;4500;INTARIAN_PEPPER_ROOT;26998;11;;;;;27010;10;;;;;27004.5;0.0
14;4600;ASH_COATED_OSMIUM;9984;13;9983;11;;;10005;3;10006;15;;;9995.0;0.0
14;4600;INTARIAN_PEPPER_ROOT;26997;10;26994;8;;;27010;9;27011;9;;;27004.0;0.0
14;4700;ASH_COATED_OSMIUM;9992;15;9990;13;;;10008;13;10011;14;;;10000.0;0.0
14;4700;INTARIAN_PEPPER_ROOT;27001;9;26998;11;26996;8;27012;9;27013;9;27014;6;27006.5;0.0
14;4800;ASH_COATED_OSMIUM;9993;13;9991;12;;;10009;5;10012;28;;;10001.0;0.0
14;4800;INTARIAN_PEPPER_ROOT;26994;11;;;;;27012;12;;;;;27003.0;0.0
14;4900;ASH_COATED_OSMIUM;9987;11;9984;29;;;10003;14;10004;10;;;9995.5;0.0
14;4900;INTARIAN_PEPPER_ROOT;26998;11;;;;;27011;11;;;;;27005.0;0.0
14;5000;ASH_COATED_OSMIUM;9987;15;9986;13;9983;29;10003;10;10006;12;10008;10;9995.5;0.0
14;5000;INTARIAN_PEPPER_ROOT;26998;11;;;;;27012;10;;;;;27005.5;0.0
14;5100;ASH_COATED_OSMIUM;9992;30;;;;;9998;13;;;;;9995.5;0.0
14;5100;INTARIAN_PEPPER_ROOT;26998;11;26997;10;;;27014;12;27016;12;;;27006.0;0.0
14;5200;ASH_COATED_OSMIUM;9987;22;;;;;10003;15;;;;;9995.5;0.0
14;5200;INTARIAN_PEPPER_ROOT;26999;12;;;;;27011;10;;;;;27005.0;0.0
14;5300;ASH_COATED_OSMIUM;9987;13;;;;;10003;11;;;;;9995.5;0.0
14;5300;INTARIAN_PEPPER_ROOT;26998;11;26996;22;26995;11;27011;20;27013;11;27015;8;27005.0;0.0
14;5400;ASH_COATED_OSMIUM;9996;13;9993;11;;;10006;14;10007;21;;;10001.0;0.0
14;5400;INTARIAN_PEPPER_ROOT;26999;8;26996;9;;;27013;9;27014;9;;;27006.5;0.0
14;5500;ASH_COATED_OSMIUM;9987;15;;;;;10003;10;;;;;9995.5;0.0
14;5500;INTARIAN_PEPPER_ROOT;26996;9;26993;8;;;27009;10;27010;3;;;27003.0;0.0
14;5600;ASH_COATED_OSMIUM;9988;13;;;;;10004;14;;;;;9996.0;0.0
14;5600;INTARIAN_PEPPER_ROOT;27004;20;27002;16;27000;25;27017;10;27019;9;27021;8;27011.0;0.0
14;5700;ASH_COATED_OSMIUM;9991;13;9989;14;9987;13;10010;15;10012;13;10013;10;10001.0;0.0
14;5700;INTARIAN_PEPPER_ROOT;27004;12;27001;9;26999;8;27011;15;27013;12;27015;8;27007.5;0.0
14;5800;ASH_COATED_OSMIUM;9993;12;9991;14;;;10009;12;10010;12;;;10001.5;0.0
14;5800;INTARIAN_PEPPER_ROOT;26999;20;26997;10;;;27013;10;27015;11;;;27006.0;0.0
14;5900;ASH_COATED_OSMIUM;9988;13;;;;;10004;15;;;;;9996.0;0.0
14;5900;INTARIAN_PEPPER_ROOT;26997;11;26996;10;;;27009;10;27011;9;;;27003.0;0.0
14;6000;ASH_COATED_OSMIUM;9987;14;9984;10;;;10003;13;10005;10;;;9995.5;0.0
14;6000;INTARIAN_PEPPER_ROOT;27003;8;27002;9;;;27017;11;27019;10;;;27010.0;0.0
14;6100;ASH_COATED_OSMIUM;9992;12;9991;15;9988;11;10008;14;10010;12;10012;15;10000.0;0.0
14;6100;INTARIAN_PEPPER_ROOT;26996;11;;;;;27010;10;;;;;27003.0;0.0
14;6200;ASH_COATED_OSMIUM;9991;11;9988;11;;;10007;13;10008;14;;;9999.5;0.0
14;6200;INTARIAN_PEPPER_ROOT;27005;8;27004;9;27003;10;27018;10;27019;8;27020;12;27012.0;0.0
14;6300;ASH_COATED_OSMIUM;9990;14;9988;12;;;10009;24;10011;13;;;10000.0;0.0
14;6300;INTARIAN_PEPPER_ROOT;26996;8;26993;12;;;27010;10;27011;12;;;27003.5;0.0
14;6400;ASH_COATED_OSMIUM;9992;10;9990;14;9987;14;10008;11;10010;20;10013;10;10000.5;0.0
14;6400;INTARIAN_PEPPER_ROOT;27001;8;26998;11;26997;11;27015;8;27016;9;27019;10;27008.0;0.0
14;6500;ASH_COATED_OSMIUM;9987;10;9984;25;;;10003;11;10006;14;;;9995.0;0.0
14;6500;INTARIAN_PEPPER_ROOT;27004;10;27002;12;26999;10;27011;8;27012;8;27015;11;27008.0;0.0
14;6600;ASH_COATED_OSMIUM;9986;11;9985;15;;;10002;15;10003;11;;;9994.5;0.0
14;6600;INTARIAN_PEPPER_ROOT;27002;8;27000;12;26998;19;27018;11;27019;12;27022;23;27010.0;0.0
14;6700;ASH_COATED_OSMIUM;9992;10;;;;;10008;10;;;;;10000.0;0.0
14;6700;INTARIAN_PEPPER_ROOT;26999;24;26996;10;;;27014;10;27016;8;;;27006.5;0.0
14;6800;ASH_COATED_OSMIUM;9992;15;;;;;10008;11;;;;;10000.0;0.0
14;6800;INTARIAN_PEPPER_ROOT;27002;11;27001;10;26998;9;27013;19;27015;11;27017;11;27008.0;0.0
14;6900;ASH_COATED_OSMIUM;9990;27;;;;;10009;12;;;;;9999.5;0.0
14;6900;INTARIAN_PEPPER_ROOT;26998;4;;;;;27011;10;;;;;27005.0;0.0
14;7000;ASH_COATED_OSMIUM;9990;11;9987;11;;;10006;14;10009;12;;;9998.5;0.0
14;7000;INTARIAN_PEPPER_ROOT;27001;11;27000;8;26999;11;27013;12;27015;12;27017;9;27007.5;0.0
14;7100;ASH_COATED_OSMIUM;9989;13;;;;;10008;10;;;;;9998.5;0.0
14;7100;INTARIAN_PEPPER_ROOT;27002;11;;;;;27016;20;;;;;27009.5;0.0
14;7200;ASH_COATED_OSMIUM;9991;10;9988;12;9986;12;10007;5;10009;11;10011;12;9999.0;0.0
14;7200;INTARIAN_PEPPER_ROOT;27000;17;26997;12;;;27014;9;27016;11;;;27007.5;0.0
14;7300;ASH_COATED_OSMIUM;9985;11;9984;14;;;10001;14;10002;11;;;9993.0;0.0
14;7300;INTARIAN_PEPPER_ROOT;26998;17;;;;;27010;9;;;;;27004.5;0.0
14;7400;ASH_COATED_OSMIUM;9985;12;9984;27;;;10001;10;10003;10;;;9993.0;0.0
14;7400;INTARIAN_PEPPER_ROOT;27004;12;;;;;27015;24;;;;;27009.5;0.0
14;7500;ASH_COATED_OSMIUM;9984;12;9982;12;9980;11;10000;15;10003;4;10005;10;9992.5;0.0
14;7500;INTARIAN_PEPPER_ROOT;27002;8;27001;10;;;27015;9;27016;8;;;27008.5;0.0
14;7600;ASH_COATED_OSMIUM;9989;15;;;;;10005;14;;;;;9997.5;0.0
14;7600;INTARIAN_PEPPER_ROOT;27004;20;27003;11;;;27015;10;27017;10;;;27009.5;0.0
14;7700;ASH_COATED_OSMIUM;9984;11;;;;;10000;13;;;;;9992.5;0.0
14;7700;INTARIAN_PEPPER_ROOT;27005;8;;;;;27016;10;;;;;27010.5;0.0
14;7800;ASH_COATED_OSMIUM;9987;29;;;;;10006;10;;;;;9997.0;0.0
14;7800;INTARIAN_PEPPER_ROOT;26997;8;;;;;27009;11;;;;;27003.0;0.0
14;7900;ASH_COATED_OSMIUM;9989;14;9986;12;9983;14;10005;14;10008;15;10009;12;9997.0;0.0
14;7900;INTARIAN_PEPPER_ROOT;27002;25;27001;9;27000;9;27015;11;27016;11;27017;11;27008.5;0.0
14;8000;ASH_COATED_OSMIUM;9981;10;9978;15;9977;12;10000;15;10001;15;10004;10;9990.5;0.0
14;8000;INTARIAN_PEPPER_ROOT;26998;9;26996;8;;;27015;12;27018;12;;;27006.5;0.0
14;8100;ASH_COATED_OSMIUM;9988;11;;;;;10004;11;;;;;9996.5;0.0
14;8100;INTARIAN_PEPPER_ROOT;27002;8;27001;10;;;27015;12;27018;12;;;27008.5;0.0
14;8200;ASH_COATED_OSMIUM;9982;29;9979;28;;;10000;14;10002;26;;;9991.5;0.0
14;8200;INTARIAN_PEPPER_ROOT;26999;9;;;;;27012;8;;;;;27006.0;0.0
14;8300;ASH_COATED_OSMIUM;9988;14;9986;13;;;10004;14;10007;11;;;9996.5;0.0
14;8300;INTARIAN_PEPPER_ROOT;27001;11;27000;12;26998;9;27015;16;27018;12;27021;10;27008.5;0.0
14;8400;ASH_COATED_OSMIUM;9989;14;9988;14;9986;11;10005;10;10007;12;10008;22;9997.0;0.0
14;8400;INTARIAN_PEPPER_ROOT;27004;8;;;;;27020;12;;;;;27012.0;0.0
14;8500;ASH_COATED_OSMIUM;9989;12;9986;14;;;10005;10;10006;25;;;9997.0;0.0
14;8500;INTARIAN_PEPPER_ROOT;27008;15;27005;12;27002;12;27010;12;27013;8;27014;22;27009.5;0.0
14;8600;ASH_COATED_OSMIUM;9987;15;;;;;10006;13;;;;;9996.5;0.0
14;8600;INTARIAN_PEPPER_ROOT;27000;9;26997;8;26995;12;27016;8;27018;12;27020;10;27008.0;0.0
14;8700;ASH_COATED_OSMIUM;9985;14;9983;15;9981;12;10006;14;10009;13;10012;5;9996.0;0.0
14;8700;INTARIAN_PEPPER_ROOT;27000;16;;;;;27013;11;;;;;27006.5;0.0
14;8800;ASH_COATED_OSMIUM;9992;11;9990;12;;;9999;13;10002;13;;;9995.5;0.0
14;8800;INTARIAN_PEPPER_ROOT;27000;10;;;;;27017;8;;;;;27009.0;0.0
14;8900;ASH_COATED_OSMIUM;9982;10;9980;14;;;9998;11;10001;10;;;9990.5;0.0
14;8900;INTARIAN_PEPPER_ROOT;27000;12;;;;;27016;12;;;;;27008.5;0.0
14;9000;ASH_COATED_OSMIUM;9988;27;9985;25;9984;15;10004;10;10007;15;10010;12;9996.0;0.0
14;9000;INTARIAN_PEPPER_ROOT;27000;9;;;;;27016;10;;;;;27008.0;0.0
14;9100;ASH_COATED_OSMIUM;9988;14;;;;;10004;11;;;;;9996.0;0.0
14;9100;INTARIAN_PEPPER_ROOT;27001;12;26999;9;26998;17;27014;9;27015;12;27018;10;27007.5;0.0
14;9200;ASH_COATED_OSMIUM;9983;12;;;;;9999;10;;;;;9991.0;0.0
14;9200;INTARIAN_PEPPER_ROOT;27004;11;27002;11;;;27018;12;27021;11;;;27011.5;0.0
14;9300;ASH_COATED_OSMIUM;9981;29;9980;10;;;9999;20;10001;11;;;9990.5;0.0
14;9300;INTARIAN_PEPPER_ROOT;27003;10;;;;;27016;16;;;;;27009.5;0.0
14;9400;ASH_COATED_OSMIUM;9980;24;;;;;10001;12;;;;;9991.0;0.0
14;9400;INTARIAN_PEPPER_ROOT;27005;11;27004;11;27002;9;27017;8;27020;9;27021;11;27011.0;0.0
14;9500;ASH_COATED_OSMIUM;9988;15;9986;12;;;10004;14;10005;13;;;9996.5;0.0
14;9500;INTARIAN_PEPPER_ROOT;27010;10;27007;8;27004;9;27013;9;27016;11;27018;8;27011.5;0.0
14;9600;ASH_COATED_OSMIUM;9982;10;9980;25;9978;15;10000;10;10003;25;10004;10;9991.5;0.0
14;9600;INTARIAN_PEPPER_ROOT;26999;10;;;;;27012;9;;;;;27006.0;0.0
14;9700;ASH_COATED_OSMIUM;9988;10;9987;14;9986;12;10004;11;10005;13;10008;13;9996.5;0.0
14;9700;INTARIAN_PEPPER_ROOT;27004;8;27002;23;27001;11;27016;8;27017;8;27020;9;27010.0;0.0
14;9800;ASH_COATED_OSMIUM;9982;13;9980;29;9979;13;10001;5;10004;27;10005;11;9991.5;0.0
14;9800;INTARIAN_PEPPER_ROOT;26999;10;26997;12;;;27016;10;27018;22;;;27008.0;0.0
14;9900;ASH_COATED_OSMIUM;9989;12;9986;11;9985;12;10005;13;10008;14;10010;10;9997.0;0.0
14;9900;INTARIAN_PEPPER_ROOT;27002;19;27001;8;;;27015;9;27016;9;;;27008.5;0.0
14;10000;ASH_COATED_OSMIUM;9987;11;9984;20;9983;14;10006;10;10009;15;10011;14;9996.5;0.0
14;10000;INTARIAN_PEPPER_ROOT;27002;10;27001;11;;;27015;8;27018;9;;;27008.5;0.0
14;10100;ASH_COATED_OSMIUM;9983;15;;;;;9999;14;;;;;9991.5;0.0
14;10100;INTARIAN_PEPPER_ROOT;27004;12;27001;12;;;27017;11;27019;12;;;27010.5;0.0
14;10200;ASH_COATED_OSMIUM;9983;22;9980;20;;;10001;12;10003;12;;;9992.0;0.0
14;10200;INTARIAN_PEPPER_ROOT;27000;8;;;;;27017;10;;;;;27009.0;0.0
14;10300;ASH_COATED_OSMIUM;9982;2;9980;15;;;10000;22;10001;27;;;9991.0;0.0
14;10300;INTARIAN_PEPPER_ROOT;27003;9;;;;;27016;23;;;;;27009.5;0.0
14;10400;ASH_COATED_OSMIUM;9983;27;9982;10;9979;11;9999;11;10001;3;10004;15;9991.0;0.0
14;10400;INTARIAN_PEPPER_ROOT;26999;10;26996;9;;;27016;9;27017;8;;;27007.5;0.0
14;10500;ASH_COATED_OSMIUM;9983;14;9982;10;9981;23;9999;15;10000;10;10003;11;9991.5;0.0
14;10500;INTARIAN_PEPPER_ROOT;27005;8;27003;10;27000;10;27019;9;27022;10;27023;9;27012.5;0.0
14;10600;ASH_COATED_OSMIUM;9989;13;9988;10;;;10005;11;10006;12;;;9997.0;0.0
14;10600;INTARIAN_PEPPER_ROOT;27004;8;27002;12;;;27016;8;27017;10;;;27010.0;0.0
14;10700;ASH_COATED_OSMIUM;9984;30;9981;15;;;10000;11;10002;11;;;9992.0;0.0
14;10700;INTARIAN_PEPPER_ROOT;27001;8;27000;10;26997;8;27017;12;27019;24;27022;9;27009.5;0.0
14;10800;ASH_COATED_OSMIUM;9989;21;9986;14;;;10005;13;10007;30;;;9997.5;0.0
14;10800;INTARIAN_PEPPER_ROOT;27002;20;27001;10;;;27016;23;27019;18;;;27009.5;0.0
14;10900;ASH_COATED_OSMIUM;9983;15;;;;;9999;22;;;;;9991.5;0.0
14;10900;INTARIAN_PEPPER_ROOT;27003;19;27001;8;27000;11;27015;9;27018;10;27020;12;27009.0;0.0
14;11000;ASH_COATED_OSMIUM;9983;15;9982;14;;;9999;15;10002;11;;;9991.5;0.0
14;11000;INTARIAN_PEPPER_ROOT;26999;9;26996;10;;;27014;10;27017;17;;;27007.0;0.0
14;11100;ASH_COATED_OSMIUM;9983;15;9982;15;;;9999;12;10001;13;;;9991.0;0.0
14;11100;INTARIAN_PEPPER_ROOT;27005;17;27003;10;27001;22;27022;25;27023;20;27025;15;27014.0;0.0
14;11200;ASH_COATED_OSMIUM;9988;20;9985;14;9984;12;10004;13;10007;14;10010;14;9996.5;0.0
14;11200;INTARIAN_PEPPER_ROOT;27003;12;;;;;27015;9;;;;;27009.0;0.0
14;11300;ASH_COATED_OSMIUM;9989;14;;;;;10005;21;;;;;9997.0;0.0
14;11300;INTARIAN_PEPPER_ROOT;27000;10;26999;15;;;27015;11;27017;15;;;27008.0;0.0
14;11400;ASH_COATED_OSMIUM;9989;12;9986;15;;;10005;10;10007;10;;;9997.0;0.0
14;11400;INTARIAN_PEPPER_ROOT;27005;12;27002;10;27001;11;27019;11;27022;11;27023;11;27012.0;0.0
14;11500;ASH_COATED_OSMIUM;9989;14;9986;15;9984;22;10005;22;10008;12;10011;10;9997.0;0.0
14;11500;INTARIAN_PEPPER_ROOT;27006;12;27004;12;27003;15;27018;10;27020;8;27023;12;27012.5;0.0
14;11600;ASH_COATED_OSMIUM;9984;24;9982;13;9979;4;10000;12;10002;28;10004;10;9992.0;0.0
14;11600;INTARIAN_PEPPER_ROOT;27006;8;;;;;27018;8;;;;;27012.5;0.0
14;11700;ASH_COATED_OSMIUM;9989;11;9988;12;;;10005;12;10006;20;;;9997.0;0.0
14;11700;INTARIAN_PEPPER_ROOT;27003;8;27000;17;26997;10;27014;21;27017;21;27020;11;27009.0;0.0
14;11800;ASH_COATED_OSMIUM;9984;10;9982;15;;;10000;26;10001;27;;;9992.0;0.0
14;11800;INTARIAN_PEPPER_ROOT;27009;12;27006;9;;;27023;11;27025;12;;;27016.0;0.0
14;11900;ASH_COATED_OSMIUM;9982;10;9981;11;9978;12;10001;13;10003;15;10004;10;9992.0;0.0
14;11900;INTARIAN_PEPPER_ROOT;27003;9;;;;;27020;9;;;;;27011.5;0.0
14;12000;ASH_COATED_OSMIUM;9989;15;;;;;10005;11;;;;;9997.5;0.0
14;12000;INTARIAN_PEPPER_ROOT;27009;11;27008;11;27007;22;27011;12;27013;8;27015;11;27010.0;0.0
14;12100;ASH_COATED_OSMIUM;9990;22;;;;;10006;21;;;;;9998.0;0.0
14;12100;INTARIAN_PEPPER_ROOT;27003;11;27000;10;;;27019;9;27022;17;;;27011.5;0.0
14;12200;ASH_COATED_OSMIUM;9985;14;9983;10;9980;15;10001;10;10004;15;10007;28;9993.5;0.0
14;12200;INTARIAN_PEPPER_ROOT;27006;10;;;;;27019;12;;;;;27013.0;0.0
14;12300;ASH_COATED_OSMIUM;9989;14;9987;12;;;10007;11;10008;2;;;9998.5;0.0
14;12300;INTARIAN_PEPPER_ROOT;27012;9;27010;11;;;27015;8;27017;11;;;27014.0;0.0
14;12400;ASH_COATED_OSMIUM;9988;8;;;;;9998;10;;;;;9993.5;0.0
14;12400;INTARIAN_PEPPER_ROOT;27013;10;;;;;27019;9;;;;;27016.5;0.0
14;12500;ASH_COATED_OSMIUM;9994;12;9992;13;;;10004;15;10005;10;;;9999.0;0.0
14;12500;INTARIAN_PEPPER_ROOT;27003;11;27000;5;;;27018;8;27020;11;;;27011.0;0.0
14;12600;ASH_COATED_OSMIUM;9985;10;9983;30;;;10001;11;10002;21;;;9993.0;0.0
14;12600;INTARIAN_PEPPER_ROOT;27003;25;27002;9;27000;8;27015;9;27017;11;27019;8;27009.5;0.0
14;12700;ASH_COATED_OSMIUM;9990;14;9989;14;;;10006;11;10009;13;;;9998.0;0.0
14;12700;INTARIAN_PEPPER_ROOT;27005;8;27003;12;;;27022;20;27023;12;;;27013.5;0.0
14;12800;ASH_COATED_OSMIUM;9983;13;;;;;10002;27;;;;;9993.0;0.0
14;12800;INTARIAN_PEPPER_ROOT;27006;19;27003;10;;;27016;11;27017;10;;;27011.5;0.0
14;12900;ASH_COATED_OSMIUM;9986;15;9984;15;;;10002;11;10003;28;;;9994.5;0.0
14;12900;INTARIAN_PEPPER_ROOT;27002;11;;;;;27019;12;;;;;27011.0;0.0
14;13000;ASH_COATED_OSMIUM;9990;10;;;;;10009;11;;;;;10000.0;0.0
14;13000;INTARIAN_PEPPER_ROOT;27003;8;27000;10;;;27017;11;27019;10;;;27010.5;0.0
14;13100;ASH_COATED_OSMIUM;9986;13;9983;13;;;10002;10;10003;10;;;9994.5;0.0
14;13100;INTARIAN_PEPPER_ROOT;27006;10;27003;12;27001;11;27019;23;27021;9;27022;9;27013.0;0.0
14;13200;ASH_COATED_OSMIUM;9986;11;9983;15;9980;10;10002;14;10005;10;10006;10;9994.5;0.0
14;13200;INTARIAN_PEPPER_ROOT;27007;8;;;;;27020;8;;;;;27013.5;0.0
14;13300;ASH_COATED_OSMIUM;9991;22;;;;;10010;8;;;;;10000.5;0.0
14;13300;INTARIAN_PEPPER_ROOT;27006;11;27003;11;;;27020;12;27022;12;;;27013.5;0.0
14;13400;ASH_COATED_OSMIUM;9997;4;;;;;10003;15;;;;;10000.5;0.0
14;13400;INTARIAN_PEPPER_ROOT;27009;10;27007;8;27005;11;27020;9;27023;12;27026;8;27015.0;0.0
14;13500;ASH_COATED_OSMIUM;9987;27;9984;11;9983;11;10003;13;10005;10;10006;12;9995.0;0.0
14;13500;INTARIAN_PEPPER_ROOT;27009;10;27007;9;;;27021;9;27024;12;;;27015.5;0.0
14;13600;ASH_COATED_OSMIUM;9990;10;;;;;10009;10;;;;;10000.0;0.0
14;13600;INTARIAN_PEPPER_ROOT;27008;21;27007;9;;;27020;10;27021;8;;;27014.0;0.0
14;13700;ASH_COATED_OSMIUM;9986;14;9983;21;9981;23;10002;13;10003;14;10004;27;9994.5;0.0
14;13700;INTARIAN_PEPPER_ROOT;27009;8;27006;3;;;27020;12;27022;9;;;27014.5;0.0
14;13800;ASH_COATED_OSMIUM;9991;5;9989;29;;;10007;12;10010;10;;;9999.0;0.0
14;13800;INTARIAN_PEPPER_ROOT;27003;22;27002;9;;;27014;8;27017;8;;;27009.0;0.0
14;13900;ASH_COATED_OSMIUM;9986;14;9983;21;;;10002;14;10004;10;;;9994.0;0.0
14;13900;INTARIAN_PEPPER_ROOT;27008;10;27007;10;;;27021;10;27023;9;;;27015.0;0.0
14;14000;ASH_COATED_OSMIUM;9991;13;9988;13;;;10007;14;10009;29;;;9999.0;0.0
14;14000;INTARIAN_PEPPER_ROOT;27005;9;27003;12;;;27019;10;27020;10;;;27012.5;0.0
14;14100;ASH_COATED_OSMIUM;9984;12;9981;11;9980;14;10003;13;10004;3;10007;15;9993.5;0.0
14;14100;INTARIAN_PEPPER_ROOT;27006;12;;;;;27018;11;;;;;27012.0;0.0
14;14200;ASH_COATED_OSMIUM;9985;12;9982;13;;;10001;29;10003;12;;;9993.5;0.0
14;14200;INTARIAN_PEPPER_ROOT;27012;10;27011;15;27010;10;27030;8;27033;12;27035;9;27021.5;0.0
14;14300;ASH_COATED_OSMIUM;9984;10;9983;20;9982;14;10002;24;10003;13;10004;14;9993.5;0.0
14;14300;INTARIAN_PEPPER_ROOT;27007;24;27006;9;;;27026;15;27029;12;;;27016.5;0.0
14;14400;ASH_COATED_OSMIUM;9986;11;;;;;10002;10;;;;;9994.0;0.0
14;14400;INTARIAN_PEPPER_ROOT;27008;10;27006;8;;;27022;8;27024;16;;;27015.5;0.0
14;14500;ASH_COATED_OSMIUM;9991;10;9990;15;;;10007;10;10010;12;;;9999.0;0.0
14;14500;INTARIAN_PEPPER_ROOT;27007;16;27005;15;;;27023;12;27024;20;;;27015.5;0.0
14;14600;ASH_COATED_OSMIUM;9991;12;;;;;10007;15;;;;;9999.5;0.0
14;14600;INTARIAN_PEPPER_ROOT;27004;9;27002;12;;;27019;11;27021;11;;;27012.0;0.0
14;14700;ASH_COATED_OSMIUM;9986;13;9983;13;9980;20;10002;3;10005;4;10007;15;9994.5;0.0
14;14700;INTARIAN_PEPPER_ROOT;27005;12;27003;12;;;27019;11;27021;8;;;27012.0;0.0
14;14800;ASH_COATED_OSMIUM;9991;13;;;;;10009;11;;;;;10000.0;0.0
14;14800;INTARIAN_PEPPER_ROOT;27011;8;27009;20;27006;10;27014;11;27015;10;27017;10;27012.5;0.0
14;14900;ASH_COATED_OSMIUM;9992;10;9991;15;;;10008;8;10009;14;;;10000.0;0.0
14;14900;INTARIAN_PEPPER_ROOT;27002;8;27001;11;;;27019;11;27021;12;;;27011.0;0.0
14;15000;ASH_COATED_OSMIUM;9995;15;9994;12;;;10005;13;10006;13;;;10000.5;0.0
14;15000;INTARIAN_PEPPER_ROOT;27010;9;;;;;27023;25;;;;;27016.5;0.0
14;15100;ASH_COATED_OSMIUM;9987;11;9985;26;;;10003;25;10006;10;;;9995.5;0.0
14;15100;INTARIAN_PEPPER_ROOT;27007;9;27005;20;;;27020;11;27021;10;;;27014.0;0.0
14;15200;ASH_COATED_OSMIUM;9986;12;;;;;10005;13;;;;;9996.0;0.0
14;15200;INTARIAN_PEPPER_ROOT;27006;8;27003;10;;;27022;9;27024;10;;;27014.5;0.0
14;15300;ASH_COATED_OSMIUM;9988;10;9987;11;9985;13;10004;13;10006;12;10008;11;9996.0;0.0
14;15300;INTARIAN_PEPPER_ROOT;27006;10;;;;;27022;9;;;;;27014.5;0.0
14;15400;ASH_COATED_OSMIUM;9988;12;9985;13;9982;27;10004;12;10007;14;10009;30;9996.0;0.0
14;15400;INTARIAN_PEPPER_ROOT;27009;8;;;;;27024;9;;;;;27016.5;0.0
14;15500;ASH_COATED_OSMIUM;9986;12;9985;13;9982;12;10005;10;10006;15;10008;15;9996.0;0.0
14;15500;INTARIAN_PEPPER_ROOT;27010;8;27008;9;;;27022;9;27025;12;;;27016.5;0.0
14;15600;ASH_COATED_OSMIUM;9986;10;9984;11;;;10005;15;10006;13;;;9996.0;0.0
14;15600;INTARIAN_PEPPER_ROOT;27011;10;;;;;27023;21;;;;;27017.5;0.0
14;15700;ASH_COATED_OSMIUM;9988;14;9987;10;;;10004;11;10007;11;;;9996.0;0.0
14;15700;INTARIAN_PEPPER_ROOT;27005;8;27002;21;;;27018;12;27021;18;;;27012.0;0.0
14;15800;ASH_COATED_OSMIUM;9993;14;9991;11;;;10009;24;10010;10;;;10001.5;0.0
14;15800;INTARIAN_PEPPER_ROOT;27011;8;;;;;27023;11;;;;;27017.5;0.0
14;15900;ASH_COATED_OSMIUM;9988;13;9985;15;;;10004;12;10005;2;;;9996.5;0.0
14;15900;INTARIAN_PEPPER_ROOT;27011;11;27009;17;27008;11;27023;11;27025;8;27028;8;27017.5;0.0
14;16000;ASH_COATED_OSMIUM;9991;10;9990;5;9987;13;10010;10;10011;24;10014;25;10001.0;0.0
14;16000;INTARIAN_PEPPER_ROOT;27009;9;;;;;27024;4;;;;;27016.5;0.0
14;16100;ASH_COATED_OSMIUM;9987;25;;;;;10005;14;;;;;9996.0;0.0
14;16100;INTARIAN_PEPPER_ROOT;27012;9;27011;12;;;27024;8;27027;9;;;27018.0;0.0
14;16200;ASH_COATED_OSMIUM;9986;15;9985;12;;;10005;13;10008;13;;;9996.0;0.0
14;16200;INTARIAN_PEPPER_ROOT;27018;10;;;;;27020;10;;;;;27019.0;0.0
14;16300;ASH_COATED_OSMIUM;9989;14;9987;10;;;10001;12;10003;15;;;9995.0;0.0
14;16300;INTARIAN_PEPPER_ROOT;27006;12;;;;;27021;10;;;;;27014.0;0.0
14;16400;ASH_COATED_OSMIUM;9985;14;;;;;10003;11;;;;;9994.5;0.0
14;16400;INTARIAN_PEPPER_ROOT;27007;10;27006;8;;;27021;11;27023;9;;;27014.5;0.0
14;16500;ASH_COATED_OSMIUM;9991;13;9989;11;;;10007;15;10009;12;;;9999.5;0.0
14;16500;INTARIAN_PEPPER_ROOT;27006;9;27005;8;27004;12;27023;21;27025;23;27026;9;27015.0;0.0
14;16600;ASH_COATED_OSMIUM;9986;15;9985;24;;;10002;24;10004;22;;;9994.0;0.0
14;16600;INTARIAN_PEPPER_ROOT;27008;8;;;;;27023;21;;;;;27015.5;0.0
14;16700;ASH_COATED_OSMIUM;9992;23;9989;15;;;10003;14;10006;25;;;9998.0;0.0
14;16700;INTARIAN_PEPPER_ROOT;27012;17;27010;10;;;27025;25;27027;9;;;27019.0;0.0
14;16800;ASH_COATED_OSMIUM;9989;14;9986;14;;;10005;15;10006;27;;;9997.5;0.0
14;16800;INTARIAN_PEPPER_ROOT;27010;10;;;;;27021;9;;;;;27015.5;0.0
14;16900;ASH_COATED_OSMIUM;9988;26;;;;;10004;14;;;;;9996.5;0.0
14;16900;INTARIAN_PEPPER_ROOT;27011;10;27010;8;27007;9;27023;8;27024;9;27027;8;27017.5;0.0
14;17000;ASH_COATED_OSMIUM;9983;15;9982;13;9979;15;9999;2;10002;13;10005;10;9991.0;0.0
14;17000;INTARIAN_PEPPER_ROOT;27006;8;27004;9;27003;16;27020;11;27023;11;27024;10;27013.5;0.0
14;17100;ASH_COATED_OSMIUM;9984;15;;;;;9999;13;;;;;9991.5;0.0
14;17100;INTARIAN_PEPPER_ROOT;27018;12;;;;;27031;10;;;;;27024.5;0.0
14;17200;ASH_COATED_OSMIUM;9987;21;9984;12;9983;20;10006;15;10008;13;10011;26;9997.0;0.0
14;17200;INTARIAN_PEPPER_ROOT;27017;11;;;;;27030;10;;;;;27023.5;0.0
14;17300;ASH_COATED_OSMIUM;9984;12;9983;10;;;10002;11;10004;10;;;9993.0;0.0
14;17300;INTARIAN_PEPPER_ROOT;27015;16;27014;8;27013;11;27028;11;27029;12;27032;11;27022.0;0.0
14;17400;ASH_COATED_OSMIUM;9991;24;;;;;10007;11;;;;;9999.0;0.0
14;17400;INTARIAN_PEPPER_ROOT;27010;16;;;;;27022;12;;;;;27016.0;0.0
14;17500;ASH_COATED_OSMIUM;9985;12;;;;;10001;15;;;;;9993.0;0.0
14;17500;INTARIAN_PEPPER_ROOT;27009;10;;;;;27021;10;;;;;27015.5;0.0
14;17600;ASH_COATED_OSMIUM;9984;13;9982;14;;;10000;15;10001;11;;;9992.0;0.0
14;17600;INTARIAN_PEPPER_ROOT;27007;9;27004;12;;;27021;24;27022;12;;;27014.0;0.0
14;17700;ASH_COATED_OSMIUM;9989;15;9987;11;;;10005;13;10007;10;;;9997.5;0.0
14;17700;INTARIAN_PEPPER_ROOT;27007;10;27004;18;;;27022;9;27024;11;;;27014.5;0.0
14;17800;ASH_COATED_OSMIUM;9988;15;9985;10;;;10007;14;10009;15;;;9997.5;0.0
14;17800;INTARIAN_PEPPER_ROOT;27007;8;;;;;27024;23;;;;;27016.0;0.0
14;17900;ASH_COATED_OSMIUM;9988;15;9987;10;;;10006;5;10009;13;;;9997.5;0.0
14;17900;INTARIAN_PEPPER_ROOT;27013;12;;;;;27025;20;;;;;27019.5;0.0
14;18000;ASH_COATED_OSMIUM;9983;15;9980;11;9977;10;10002;14;10004;15;10007;10;9992.5;0.0
14;18000;INTARIAN_PEPPER_ROOT;27011;11;27010;9;27009;19;27022;12;27025;12;27028;10;27016.5;0.0
14;18100;ASH_COATED_OSMIUM;9989;12;9986;15;;;10007;24;10009;24;;;9998.5;0.0
14;18100;INTARIAN_PEPPER_ROOT;27013;10;27012;10;;;27024;25;27026;24;;;27018.5;0.0
14;18200;ASH_COATED_OSMIUM;9984;12;;;;;10000;13;;;;;9992.5;0.0
14;18200;INTARIAN_PEPPER_ROOT;27015;10;;;;;27028;10;;;;;27021.5;0.0
14;18300;ASH_COATED_OSMIUM;9992;10;9989;14;9987;14;10003;11;10005;11;10006;15;9997.5;0.0
14;18300;INTARIAN_PEPPER_ROOT;27012;11;27009;11;;;27024;10;27025;10;;;27018.5;0.0
14;18400;ASH_COATED_OSMIUM;9984;12;9981;12;;;10000;13;10001;12;;;9992.5;0.0
14;18400;INTARIAN_PEPPER_ROOT;27011;10;27010;12;;;27027;10;27028;21;;;27019.0;0.0
14;18500;ASH_COATED_OSMIUM;9988;11;9986;10;;;9998;10;10000;13;;;9993.0;0.0
14;18500;INTARIAN_PEPPER_ROOT;27014;10;27012;12;;;27026;10;27029;12;;;27020.0;0.0
14;18600;ASH_COATED_OSMIUM;9985;26;;;;;10001;12;;;;;9993.0;0.0
14;18600;INTARIAN_PEPPER_ROOT;27012;20;27010;12;;;27026;9;27028;10;;;27019.0;0.0
14;18700;ASH_COATED_OSMIUM;9985;29;;;;;10001;14;;;;;9993.5;0.0
14;18700;INTARIAN_PEPPER_ROOT;27016;12;27015;10;;;27029;9;27030;12;;;27022.5;0.0
14;18800;ASH_COATED_OSMIUM;9989;14;;;;;10008;10;;;;;9999.0;0.0
14;18800;INTARIAN_PEPPER_ROOT;27012;8;;;;;27026;17;;;;;27019.5;0.0
14;18900;ASH_COATED_OSMIUM;9988;13;;;;;10009;15;;;;;9998.5;0.0
14;18900;INTARIAN_PEPPER_ROOT;27013;12;27010;12;27009;22;27030;16;27033;8;27035;19;27021.5;0.0
14;19000;ASH_COATED_OSMIUM;9985;13;;;;;10001;15;;;;;9993.0;0.0
14;19000;INTARIAN_PEPPER_ROOT;27011;24;27010;9;;;27023;10;27026;8;;;27017.5;0.0
14;19100;ASH_COATED_OSMIUM;9990;11;9987;10;;;10006;12;10008;12;;;9998.5;0.0
14;19100;INTARIAN_PEPPER_ROOT;27009;9;;;;;27022;9;;;;;27015.5;0.0
14;19200;ASH_COATED_OSMIUM;9987;13;;;;;9999;11;;;;;9993.5;0.0
14;19200;INTARIAN_PEPPER_ROOT;27013;8;27011;10;27010;10;27027;8;27029;10;27032;11;27020.5;0.0
14;19300;ASH_COATED_OSMIUM;9985;13;9984;10;;;10001;10;10003;23;;;9993.5;0.0
14;19300;INTARIAN_PEPPER_ROOT;27012;9;27011;12;27008;12;27026;9;27028;12;27030;10;27019.0;0.0
14;19400;ASH_COATED_OSMIUM;9990;12;9987;25;;;10006;10;10008;10;;;9998.5;0.0
14;19400;INTARIAN_PEPPER_ROOT;27020;9;27018;8;;;27023;16;27024;18;;;27022.0;0.0
14;19500;ASH_COATED_OSMIUM;9984;15;;;;;10003;15;;;;;9993.5;0.0
14;19500;INTARIAN_PEPPER_ROOT;27009;10;27008;12;;;27025;9;27028;12;;;27017.5;0.0
14;19600;ASH_COATED_OSMIUM;9989;14;;;;;10008;13;;;;;9999.0;0.0
14;19600;INTARIAN_PEPPER_ROOT;27014;12;;;;;27024;11;;;;;27019.5;0.0
14;19700;ASH_COATED_OSMIUM;9985;22;9982;13;;;10001;4;10004;10;;;9993.5;0.0
14;19700;INTARIAN_PEPPER_ROOT;27014;9;27013;8;27012;11;27026;8;27027;8;27030;10;27020.5;0.0
14;19800;ASH_COATED_OSMIUM;9984;11;9982;12;;;10002;15;10003;15;;;9993.5;0.0
14;19800;INTARIAN_PEPPER_ROOT;27010;11;27009;9;;;27024;17;27027;11;;;27017.5;0.0
14;19900;ASH_COATED_OSMIUM;9985;10;;;;;10001;12;;;;;9993.0;0.0
14;19900;INTARIAN_PEPPER_ROOT;27012;10;;;;;27027;11;;;;;27020.0;0.0
14;20000;ASH_COATED_OSMIUM;9989;10;9987;15;9985;11;10007;13;10010;12;10013;10;9998.5;0.0
14;20000;INTARIAN_PEPPER_ROOT;27013;9;;;;;27027;23;;;;;27020.0;0.0
14;20100;ASH_COATED_OSMIUM;9984;13;9982;15;9979;14;10002;15;10005;12;10007;10;9993.5;0.0
14;20100;INTARIAN_PEPPER_ROOT;27018;24;;;;;27031;9;;;;;27025.0;0.0
14;20200;ASH_COATED_OSMIUM;9985;11;9982;14;9981;10;10001;12;10004;13;10005;24;9993.5;0.0
14;20200;INTARIAN_PEPPER_ROOT;27009;17;27006;18;;;27028;25;27030;10;;;27019.0;0.0
14;20300;ASH_COATED_OSMIUM;9984;13;;;;;10003;14;;;;;9994.0;0.0
14;20300;INTARIAN_PEPPER_ROOT;27014;9;;;;;27027;12;;;;;27021.0;0.0
14;20400;ASH_COATED_OSMIUM;9991;14;9989;15;;;10007;11;10008;11;;;9999.0;0.0
14;20400;INTARIAN_PEPPER_ROOT;27014;8;27012;10;27011;8;27030;12;27032;11;27033;17;27022.0;0.0
14;20500;ASH_COATED_OSMIUM;9985;21;9983;23;9981;12;10004;15;10005;12;10007;10;9995.0;0.0
14;20500;INTARIAN_PEPPER_ROOT;27010;25;27007;9;27004;8;27025;11;27026;11;27028;11;27017.5;0.0
14;20600;ASH_COATED_OSMIUM;9992;15;9990;14;9987;15;10008;20;10009;15;10010;11;10000.5;0.0
14;20600;INTARIAN_PEPPER_ROOT;27017;17;27014;10;;;27028;21;27031;25;;;27022.5;0.0
14;20700;ASH_COATED_OSMIUM;9993;13;9991;12;;;10009;12;10011;11;;;10001.0;0.0
14;20700;INTARIAN_PEPPER_ROOT;27014;10;27011;10;27008;9;27027;9;27028;9;27031;11;27021.0;0.0
14;20800;ASH_COATED_OSMIUM;9987;9;9986;12;9983;14;10003;11;10006;14;10008;14;9995.5;0.0
14;20800;INTARIAN_PEPPER_ROOT;27016;9;27013;11;27010;10;27029;9;27031;10;27034;10;27022.5;0.0
14;20900;ASH_COATED_OSMIUM;9987;10;9985;10;9983;11;10003;13;10004;11;10005;14;9995.5;0.0
14;20900;INTARIAN_PEPPER_ROOT;27011;9;27009;8;;;27025;10;27026;11;;;27018.5;0.0
14;21000;ASH_COATED_OSMIUM;9987;14;;;;;10003;15;;;;;9995.5;0.0
14;21000;INTARIAN_PEPPER_ROOT;27014;12;27013;17;;;27028;9;27031;10;;;27021.5;0.0
14;21100;ASH_COATED_OSMIUM;9993;10;9990;29;9989;13;10009;15;10011;14;10013;11;10001.0;0.0
14;21100;INTARIAN_PEPPER_ROOT;27012;15;;;;;27025;12;;;;;27019.0;0.0
14;21200;ASH_COATED_OSMIUM;9987;13;;;;;10003;29;;;;;9995.5;0.0
14;21200;INTARIAN_PEPPER_ROOT;27017;8;27014;8;;;27031;25;27032;10;;;27024.0;0.0
14;21300;ASH_COATED_OSMIUM;9987;11;;;;;10003;15;;;;;9995.5;0.0
14;21300;INTARIAN_PEPPER_ROOT;27016;8;27015;8;;;27030;9;27031;12;;;27023.5;0.0
14;21400;ASH_COATED_OSMIUM;9993;14;;;;;10009;10;;;;;10001.0;0.0
14;21400;INTARIAN_PEPPER_ROOT;27014;9;27011;24;;;27028;11;27030;11;;;27021.5;0.0
14;21500;ASH_COATED_OSMIUM;9987;15;9986;14;;;10003;10;10004;10;;;9995.5;0.0
14;21500;INTARIAN_PEPPER_ROOT;27016;16;27014;10;;;27028;8;27029;12;;;27022.5;0.0
14;21600;ASH_COATED_OSMIUM;9991;30;;;;;10012;10;;;;;10001.5;0.0
14;21600;INTARIAN_PEPPER_ROOT;27016;12;27013;21;27011;10;27026;8;27027;9;27029;20;27021.5;0.0
14;21700;ASH_COATED_OSMIUM;9986;12;;;;;10005;20;;;;;9996.0;0.0
14;21700;INTARIAN_PEPPER_ROOT;27019;9;27016;8;27015;8;27031;8;27033;10;27034;8;27025.0;0.0
14;21800;ASH_COATED_OSMIUM;9988;12;;;;;10004;15;;;;;9996.5;0.0
14;21800;INTARIAN_PEPPER_ROOT;27016;12;27013;10;27011;8;27029;12;27031;10;27034;3;27023.0;0.0
14;21900;ASH_COATED_OSMIUM;9991;11;9989;27;;;10010;11;10011;12;;;10001.0;0.0
14;21900;INTARIAN_PEPPER_ROOT;27014;9;27013;9;27011;9;27026;9;27027;11;27028;9;27020.5;0.0
14;22000;ASH_COATED_OSMIUM;9991;15;9990;24;;;10010;14;10011;15;;;10000.5;0.0
14;22000;INTARIAN_PEPPER_ROOT;27018;12;;;;;27030;9;;;;;27024.0;0.0
14;22100;ASH_COATED_OSMIUM;9986;14;;;;;10004;13;;;;;9995.0;0.0
14;22100;INTARIAN_PEPPER_ROOT;27017;9;;;;;27028;10;;;;;27022.5;0.0
14;22200;ASH_COATED_OSMIUM;9987;13;;;;;10003;15;;;;;9995.5;0.0
14;22200;INTARIAN_PEPPER_ROOT;27016;8;27015;17;27012;22;27028;8;27029;10;27032;11;27022.5;0.0
14;22300;ASH_COATED_OSMIUM;9997;26;9995;15;9993;11;10003;13;10006;13;10008;14;10000.5;0.0
14;22300;INTARIAN_PEPPER_ROOT;27017;20;27014;9;;;27033;8;27035;17;;;27025.0;0.0
14;22400;ASH_COATED_OSMIUM;9987;20;9986;12;;;10003;10;10006;10;;;9995.0;0.0
14;22400;INTARIAN_PEPPER_ROOT;27017;8;;;;;27029;8;;;;;27023.5;0.0
14;22500;ASH_COATED_OSMIUM;9987;11;9984;10;;;10003;11;10004;12;;;9995.5;0.0
14;22500;INTARIAN_PEPPER_ROOT;27014;20;27011;8;;;27031;11;27033;16;;;27022.5;0.0
14;22600;ASH_COATED_OSMIUM;9992;22;;;;;10008;14;;;;;10000.5;0.0
14;22600;INTARIAN_PEPPER_ROOT;27014;12;27013;12;27011;11;27030;11;27031;21;27033;10;27022.5;0.0
14;22700;ASH_COATED_OSMIUM;9987;11;9986;13;9983;15;10003;11;10006;12;10008;13;9995.5;0.0
14;22700;INTARIAN_PEPPER_ROOT;27016;12;27015;9;;;27029;11;27031;11;;;27023.0;0.0
14;22800;ASH_COATED_OSMIUM;9990;13;;;;;10001;11;;;;;9995.5;0.0
14;22800;INTARIAN_PEPPER_ROOT;27014;18;27012;12;;;27030;11;27033;11;;;27022.5;0.0
14;22900;ASH_COATED_OSMIUM;9986;12;9983;14;9982;15;10005;11;10006;11;10008;25;9996.0;0.0
14;22900;INTARIAN_PEPPER_ROOT;27015;16;;;;;27028;8;;;;;27022.0;0.0
14;23000;ASH_COATED_OSMIUM;9993;14;;;;;10009;10;;;;;10001.5;0.0
14;23000;INTARIAN_PEPPER_ROOT;27015;11;27013;10;27011;8;27027;19;27029;23;27031;19;27021.0;0.0
14;23100;ASH_COATED_OSMIUM;9993;12;;;;;10009;3;;;;;10001.5;0.0
14;23100;INTARIAN_PEPPER_ROOT;27015;22;;;;;27029;11;;;;;27022.0;0.0
14;23200;ASH_COATED_OSMIUM;9987;10;;;;;10003;13;;;;;9995.5;0.0
14;23200;INTARIAN_PEPPER_ROOT;27015;19;;;;;27028;23;;;;;27022.0;0.0
14;23300;ASH_COATED_OSMIUM;9986;13;;;;;10005;14;;;;;9996.0;0.0
14;23300;INTARIAN_PEPPER_ROOT;27017;9;27016;10;;;27032;8;27034;12;;;27025.0;0.0
14;23400;ASH_COATED_OSMIUM;9993;12;9991;13;9989;13;10009;12;10012;13;10015;12;10001.5;0.0
14;23400;INTARIAN_PEPPER_ROOT;27020;12;;;;;27032;11;;;;;27026.5;0.0
14;23500;ASH_COATED_OSMIUM;9993;20;9991;12;9988;10;10011;10;10012;11;10015;15;10002.0;0.0
14;23500;INTARIAN_PEPPER_ROOT;27012;10;27010;18;;;27028;12;27031;9;;;27020.0;0.0
14;23600;ASH_COATED_OSMIUM;9993;28;;;;;10011;2;;;;;10002.0;0.0
14;23600;INTARIAN_PEPPER_ROOT;27021;12;27020;11;;;27033;10;27036;11;;;27027.0;0.0
14;23700;ASH_COATED_OSMIUM;9988;13;9985;14;;;10004;12;10007;13;;;9996.5;0.0
14;23700;INTARIAN_PEPPER_ROOT;27015;10;;;;;27028;10;;;;;27021.5;0.0
14;23800;ASH_COATED_OSMIUM;9994;13;;;;;10010;10;;;;;10002.0;0.0
14;23800;INTARIAN_PEPPER_ROOT;27021;12;;;;;27034;10;;;;;27028.0;0.0
14;23900;ASH_COATED_OSMIUM;9994;27;9993;10;;;10010;26;10013;25;;;10002.5;0.0
14;23900;INTARIAN_PEPPER_ROOT;27016;12;;;;;27031;8;;;;;27023.5;0.0
14;24000;ASH_COATED_OSMIUM;10000;11;9998;15;;;10005;12;10008;21;;;10003.0;0.0
14;24000;INTARIAN_PEPPER_ROOT;27018;8;;;;;27030;8;;;;;27024.5;0.0
14;24100;ASH_COATED_OSMIUM;9990;15;9987;14;;;10006;13;10007;11;;;9998.5;0.0
14;24100;INTARIAN_PEPPER_ROOT;27017;8;27015;11;;;27033;11;27034;8;;;27025.0;0.0
14;24200;ASH_COATED_OSMIUM;9993;13;9992;11;;;10011;11;10013;13;;;10002.5;0.0
14;24200;INTARIAN_PEPPER_ROOT;27016;8;;;;;27033;12;;;;;27024.5;0.0
14;24300;ASH_COATED_OSMIUM;9995;10;9994;10;;;10011;12;10012;13;;;10003.0;0.0
14;24300;INTARIAN_PEPPER_ROOT;27014;10;27011;8;27009;11;27030;8;27032;10;27034;10;27022.5;0.0
14;24400;ASH_COATED_OSMIUM;9994;26;9993;13;;;10010;10;10011;12;;;10002.5;0.0
14;24400;INTARIAN_PEPPER_ROOT;27018;12;;;;;27033;10;;;;;27025.5;0.0
14;24500;ASH_COATED_OSMIUM;9990;23;;;;;10006;11;;;;;9998.0;0.0
14;24500;INTARIAN_PEPPER_ROOT;27019;11;27016;21;27013;12;27030;8;27031;9;27034;19;27025.0;0.0
14;24600;ASH_COATED_OSMIUM;9995;13;;;;;10011;10;;;;;10003.0;0.0
14;24600;INTARIAN_PEPPER_ROOT;27018;12;27016;11;;;27030;19;27033;12;;;27024.5;0.0
14;24700;ASH_COATED_OSMIUM;9994;4;9991;15;9988;10;10010;20;10011;12;10013;13;10002.5;0.0
14;24700;INTARIAN_PEPPER_ROOT;27016;10;27015;12;;;27032;12;27033;9;;;27024.5;0.0
14;24800;ASH_COATED_OSMIUM;9989;12;;;;;10005;15;;;;;9997.5;0.0
14;24800;INTARIAN_PEPPER_ROOT;27018;11;27015;10;27012;10;27031;12;27033;9;27034;25;27025.0;0.0
14;24900;ASH_COATED_OSMIUM;9994;30;;;;;10010;15;;;;;10002.0;0.0
14;24900;INTARIAN_PEPPER_ROOT;27017;12;27016;11;;;27034;10;27037;11;;;27026.0;0.0
14;25000;ASH_COATED_OSMIUM;9993;22;9990;13;;;10011;14;10012;13;;;10002.5;0.0
14;25000;INTARIAN_PEPPER_ROOT;27021;11;;;;;27032;9;;;;;27026.5;0.0
14;25100;ASH_COATED_OSMIUM;9992;28;9989;3;;;10010;11;10012;25;;;10001.0;0.0
14;25100;INTARIAN_PEPPER_ROOT;27019;8;27018;23;;;27031;9;27033;8;;;27025.5;0.0
14;25200;ASH_COATED_OSMIUM;9992;7;9989;13;;;10008;14;10009;15;;;10000.0;0.0
14;25200;INTARIAN_PEPPER_ROOT;27019;12;27017;11;;;27033;9;27036;8;;;27026.0;0.0
14;25300;ASH_COATED_OSMIUM;9994;11;9993;10;;;10004;29;10006;23;;;9999.5;0.0
14;25300;INTARIAN_PEPPER_ROOT;27022;11;27021;8;;;27035;11;27038;12;;;27028.5;0.0
14;25400;ASH_COATED_OSMIUM;9991;11;9990;12;;;10007;15;10008;22;;;9999.5;0.0
14;25400;INTARIAN_PEPPER_ROOT;27015;11;27013;10;;;27031;15;27033;25;;;27023.5;0.0
14;25500;ASH_COATED_OSMIUM;9991;29;9988;15;;;10007;9;10008;15;;;9999.5;0.0
14;25500;INTARIAN_PEPPER_ROOT;27020;11;27019;9;;;27031;11;27033;10;;;27025.5;0.0
14;25600;ASH_COATED_OSMIUM;9986;11;9984;13;;;10002;14;10005;10;;;9994.0;0.0
14;25600;INTARIAN_PEPPER_ROOT;27021;9;;;;;27034;25;;;;;27028.0;0.0
14;25700;ASH_COATED_OSMIUM;9986;10;9985;12;;;10002;24;10005;10;;;9994.0;0.0
14;25700;INTARIAN_PEPPER_ROOT;27023;10;;;;;27037;12;;;;;27030.0;0.0
14;25800;ASH_COATED_OSMIUM;9986;12;9983;13;;;10002;15;10005;11;;;9994.5;0.0
14;25800;INTARIAN_PEPPER_ROOT;27022;21;27020;18;;;27035;8;27036;8;;;27029.0;0.0
14;25900;ASH_COATED_OSMIUM;9985;12;;;;;10004;12;;;;;9995.0;0.0
14;25900;INTARIAN_PEPPER_ROOT;27017;11;27015;11;;;27034;10;27037;8;;;27026.0;0.0
14;26000;ASH_COATED_OSMIUM;9987;13;9984;11;;;10003;24;10006;2;;;9995.0;0.0
14;26000;INTARIAN_PEPPER_ROOT;27021;12;27019;12;27018;9;27035;25;27036;8;27039;8;27028.0;0.0
14;26100;ASH_COATED_OSMIUM;9985;13;9984;12;9981;27;10004;24;10005;13;10008;14;9995.0;0.0
14;26100;INTARIAN_PEPPER_ROOT;27018;10;;;;;27034;10;;;;;27026.5;0.0
14;26200;ASH_COATED_OSMIUM;9994;11;;;;;10005;25;;;;;10000.0;0.0
14;26200;INTARIAN_PEPPER_ROOT;27018;10;27016;10;;;27032;12;27034;12;;;27025.5;0.0
14;26300;ASH_COATED_OSMIUM;9991;12;9989;13;;;10009;11;10010;14;;;10000.5;0.0
14;26300;INTARIAN_PEPPER_ROOT;27020;8;;;;;27028;10;;;;;27024.5;0.0
14;26400;ASH_COATED_OSMIUM;9992;15;;;;;10008;21;;;;;10000.0;0.0
14;26400;INTARIAN_PEPPER_ROOT;27022;11;27021;5;27020;12;27035;9;27037;20;27040;11;27029.0;0.0
14;26500;ASH_COATED_OSMIUM;9992;11;9989;30;;;10008;30;10011;15;;;10000.5;0.0
14;26500;INTARIAN_PEPPER_ROOT;27023;22;27021;9;;;27034;8;27035;11;;;27028.5;0.0
14;26600;ASH_COATED_OSMIUM;9984;12;9983;11;;;10005;13;10007;14;;;9995.0;0.0
14;26600;INTARIAN_PEPPER_ROOT;27020;15;;;;;27035;15;;;;;27027.5;0.0
14;26700;ASH_COATED_OSMIUM;9986;3;9983;4;;;10002;15;10004;23;;;9994.5;0.0
14;26700;INTARIAN_PEPPER_ROOT;27023;11;27022;18;27019;23;27037;9;27040;10;27042;9;27030.5;0.0
14;26800;ASH_COATED_OSMIUM;9986;13;9985;12;;;10002;26;10004;14;;;9994.5;0.0
14;26800;INTARIAN_PEPPER_ROOT;27017;20;;;;;27030;10;;;;;27024.0;0.0
14;26900;ASH_COATED_OSMIUM;9986;10;9985;15;;;10002;25;10003;12;;;9994.5;0.0
14;26900;INTARIAN_PEPPER_ROOT;27024;24;27022;11;;;27035;11;27036;10;;;27029.5;0.0
14;27000;ASH_COATED_OSMIUM;9986;10;9983;14;9980;10;10002;15;10004;23;10007;10;9994.0;0.0
14;27000;INTARIAN_PEPPER_ROOT;27021;10;;;;;27035;8;;;;;27028.0;0.0
14;27100;ASH_COATED_OSMIUM;9991;14;9989;29;9988;12;10007;13;10010;15;10011;10;9999.5;0.0
14;27100;INTARIAN_PEPPER_ROOT;27023;8;27021;12;;;27039;9;27042;10;;;27031.0;0.0
14;27200;ASH_COATED_OSMIUM;9992;25;9990;13;9988;13;10008;13;10009;11;10010;15;10000.0;0.0
14;27200;INTARIAN_PEPPER_ROOT;27016;9;27015;20;27012;9;27029;10;27031;12;27033;10;27022.5;0.0
14;27300;ASH_COATED_OSMIUM;9987;15;9985;12;;;10003;20;10005;11;;;9995.0;0.0
14;27300;INTARIAN_PEPPER_ROOT;27019;8;;;;;27039;10;;;;;27029.0;0.0
14;27400;ASH_COATED_OSMIUM;9985;11;9982;13;;;10004;13;10006;15;;;9994.5;0.0
14;27400;INTARIAN_PEPPER_ROOT;27020;12;27019;12;27018;8;27036;9;27037;12;27039;8;27028.0;0.0
14;27500;ASH_COATED_OSMIUM;9986;10;9984;15;;;10005;12;10007;12;;;9995.5;0.0
14;27500;INTARIAN_PEPPER_ROOT;27019;8;;;;;27030;8;;;;;27024.5;0.0
14;27600;ASH_COATED_OSMIUM;9987;15;9985;14;9982;2;10003;12;10004;23;10006;12;9995.0;0.0
14;27600;INTARIAN_PEPPER_ROOT;27023;11;27021;11;27020;16;27035;8;27036;12;27039;8;27029.0;0.0
14;27700;ASH_COATED_OSMIUM;9992;11;9991;12;;;10008;5;10011;10;;;10000.0;0.0
14;27700;INTARIAN_PEPPER_ROOT;27023;9;27021;10;;;27036;11;27039;12;;;27029.5;0.0
14;27800;ASH_COATED_OSMIUM;9985;26;9982;14;;;10003;12;10006;7;;;9994.5;0.0
14;27800;INTARIAN_PEPPER_ROOT;27017;12;;;;;27031;8;;;;;27024.0;0.0
14;27900;ASH_COATED_OSMIUM;9990;15;9989;14;;;9997;22;10000;15;;;9994.0;0.0
14;27900;INTARIAN_PEPPER_ROOT;27015;8;27012;9;;;27031;24;27032;10;;;27023.5;0.0
14;28000;ASH_COATED_OSMIUM;9990;25;9988;29;;;10009;13;10011;29;;;9999.5;0.0
14;28000;INTARIAN_PEPPER_ROOT;27021;8;;;;;27033;24;;;;;27027.0;0.0
14;28100;ASH_COATED_OSMIUM;9985;12;9982;15;;;10004;13;10005;15;;;9994.5;0.0
14;28100;INTARIAN_PEPPER_ROOT;27023;10;;;;;27036;12;;;;;27030.0;0.0
14;28200;ASH_COATED_OSMIUM;9986;28;9984;13;;;10002;10;10004;5;;;9994.0;0.0
14;28200;INTARIAN_PEPPER_ROOT;27017;8;;;;;27030;8;;;;;27024.0;0.0
14;28300;ASH_COATED_OSMIUM;9986;12;9984;13;;;10002;25;10004;10;;;9994.0;0.0
14;28300;INTARIAN_PEPPER_ROOT;27018;9;27016;8;;;27032;8;27034;8;;;27025.0;0.0
14;28400;ASH_COATED_OSMIUM;9994;14;9991;14;;;10005;20;10006;11;;;9999.5;0.0
14;28400;INTARIAN_PEPPER_ROOT;27023;11;27022;9;27020;11;27038;11;27040;16;27042;9;27030.5;0.0
14;28500;ASH_COATED_OSMIUM;9986;13;9985;12;;;10002;10;10005;14;;;9994.5;0.0
14;28500;INTARIAN_PEPPER_ROOT;27021;11;;;;;27033;9;;;;;27027.0;0.0
14;28600;ASH_COATED_OSMIUM;9986;14;9984;21;;;10002;12;10003;14;;;9994.0;0.0
14;28600;INTARIAN_PEPPER_ROOT;27018;9;27017;8;;;27033;10;27035;12;;;27025.5;0.0
14;28700;ASH_COATED_OSMIUM;9985;15;9982;10;;;10004;12;10007;24;;;9995.0;0.0
14;28700;INTARIAN_PEPPER_ROOT;27020;17;27018;9;27016;12;27035;10;27036;8;27037;8;27028.0;0.0
14;28800;ASH_COATED_OSMIUM;9992;14;;;;;10008;14;;;;;10000.0;0.0
14;28800;INTARIAN_PEPPER_ROOT;27021;8;27018;11;27016;11;27035;12;27037;11;27039;10;27028.5;0.0
14;28900;ASH_COATED_OSMIUM;9986;13;;;;;10004;13;;;;;9995.0;0.0
14;28900;INTARIAN_PEPPER_ROOT;27021;23;27018;12;27017;11;27035;24;27037;9;27038;12;27028.5;0.0
14;29000;ASH_COATED_OSMIUM;9995;25;;;;;10005;11;;;;;10000.0;0.0
14;29000;INTARIAN_PEPPER_ROOT;27020;12;;;;;27036;9;;;;;27028.5;0.0
14;29100;ASH_COATED_OSMIUM;9992;26;9990;10;9989;15;10008;13;10010;26;10013;13;10000.5;0.0
14;29100;INTARIAN_PEPPER_ROOT;27021;12;27019;12;27018;20;27036;8;27038;9;27039;11;27029.0;0.0
14;29200;ASH_COATED_OSMIUM;9991;11;9989;15;9986;3;10007;11;10010;12;10011;13;9999.5;0.0
14;29200;INTARIAN_PEPPER_ROOT;27023;9;27021;11;27019;8;27035;11;27037;16;27040;23;27029.0;0.0
14;29300;ASH_COATED_OSMIUM;9986;13;9985;13;;;10002;11;10005;22;;;9994.5;0.0
14;29300;INTARIAN_PEPPER_ROOT;27018;8;27017;12;27016;9;27032;18;27034;11;27037;8;27025.5;0.0
14;29400;ASH_COATED_OSMIUM;9994;14;;;;;10004;10;;;;;9999.5;0.0
14;29400;INTARIAN_PEPPER_ROOT;27022;10;27021;11;;;27038;12;27040;10;;;27030.0;0.0
14;29500;ASH_COATED_OSMIUM;9991;15;;;;;10007;4;;;;;9999.5;0.0
14;29500;INTARIAN_PEPPER_ROOT;27027;8;27024;5;;;27038;12;27039;9;;;27032.5;0.0
14;29600;ASH_COATED_OSMIUM;9985;15;9984;27;;;10004;23;10006;12;;;9994.5;0.0
14;29600;INTARIAN_PEPPER_ROOT;27025;22;27023;8;27022;11;27037;17;27039;24;27042;10;27031.5;0.0
14;29700;ASH_COATED_OSMIUM;9991;21;9990;12;;;10007;12;10009;10;;;9999.5;0.0
14;29700;INTARIAN_PEPPER_ROOT;27025;12;27022;11;;;27040;9;27041;18;;;27033.0;0.0
14;29800;ASH_COATED_OSMIUM;9991;15;9988;14;;;10007;11;10009;14;;;9999.5;0.0
14;29800;INTARIAN_PEPPER_ROOT;27023;11;27021;12;;;27035;22;27038;12;;;27029.5;0.0
14;29900;ASH_COATED_OSMIUM;9991;12;9988;13;9985;11;10007;11;10008;10;10011;15;9999.5;0.0
14;29900;INTARIAN_PEPPER_ROOT;27025;9;;;;;27037;12;;;;;27031.5;0.0
14;30000;ASH_COATED_OSMIUM;9992;14;;;;;10008;21;;;;;10000.0;0.0
14;30000;INTARIAN_PEPPER_ROOT;27024;10;27021;11;;;27036;24;27037;8;;;27030.0;0.0
14;30100;ASH_COATED_OSMIUM;9989;10;9986;11;;;9998;12;10000;13;;;9994.0;0.0
14;30100;INTARIAN_PEPPER_ROOT;27019;8;27018;10;27015;10;27031;8;27032;21;27033;12;27025.0;0.0
14;30200;ASH_COATED_OSMIUM;9991;13;;;;;10007;12;;;;;9999.0;0.0
14;30200;INTARIAN_PEPPER_ROOT;27028;11;27025;12;27022;9;27040;10;27042;12;27043;12;27034.0;0.0
14;30300;ASH_COATED_OSMIUM;9990;24;9988;2;;;9999;20;10000;14;;;9994.5;0.0
14;30300;INTARIAN_PEPPER_ROOT;27026;12;;;;;27038;8;;;;;27032.5;0.0
14;30400;ASH_COATED_OSMIUM;9990;2;;;;;10008;26;;;;;9999.5;0.0
14;30400;INTARIAN_PEPPER_ROOT;27029;19;27026;11;;;27042;10;27045;10;;;27035.5;0.0
14;30500;ASH_COATED_OSMIUM;9994;11;9991;10;9989;10;10004;10;10006;14;10008;14;9999.5;0.0
14;30500;INTARIAN_PEPPER_ROOT;27024;11;;;;;27041;8;;;;;27033.0;0.0
14;30600;ASH_COATED_OSMIUM;9986;12;9985;11;;;10002;12;10003;11;;;9994.0;0.0
14;30600;INTARIAN_PEPPER_ROOT;27022;17;27021;12;;;27035;12;27038;11;;;27028.5;0.0
14;30700;ASH_COATED_OSMIUM;9986;14;9984;20;9983;25;10002;10;10005;15;10006;15;9994.5;0.0
14;30700;INTARIAN_PEPPER_ROOT;27025;12;;;;;27039;11;;;;;27032.0;0.0
14;30800;ASH_COATED_OSMIUM;9987;14;;;;;10003;13;;;;;9995.5;0.0
14;30800;INTARIAN_PEPPER_ROOT;27027;11;27025;24;27023;12;27042;10;27043;10;27044;11;27035.0;0.0
14;30900;ASH_COATED_OSMIUM;9992;13;9991;12;9990;13;10008;24;10011;25;10013;15;10000.5;0.0
14;30900;INTARIAN_PEPPER_ROOT;27028;10;27027;11;27026;19;27035;12;27038;12;27041;11;27032.0;0.0
14;31000;ASH_COATED_OSMIUM;9992;12;9990;10;9988;12;10008;11;10011;12;10012;12;10000.5;0.0
14;31000;INTARIAN_PEPPER_ROOT;27024;9;;;;;27041;9;;;;;27032.5;0.0
14;31100;ASH_COATED_OSMIUM;9987;14;;;;;10003;24;;;;;9995.5;0.0
14;31100;INTARIAN_PEPPER_ROOT;27026;10;27024;10;;;27038;8;27039;8;;;27032.0;0.0
14;31200;ASH_COATED_OSMIUM;9993;11;;;;;10009;10;;;;;10001.0;0.0
14;31200;INTARIAN_PEPPER_ROOT;27026;9;27024;11;27021;16;27037;18;27040;9;27042;9;27032.0;0.0
14;31300;ASH_COATED_OSMIUM;9992;12;;;;;10008;13;;;;;10000.5;0.0
14;31300;INTARIAN_PEPPER_ROOT;27021;11;27019;8;27016;3;27033;10;27035;11;27036;17;27027.0;0.0
14;31400;ASH_COATED_OSMIUM;9990;15;;;;;10011;5;;;;;10000.5;0.0
14;31400;INTARIAN_PEPPER_ROOT;27024;10;;;;;27036;22;;;;;27030.5;0.0
14;31500;ASH_COATED_OSMIUM;9987;11;9986;13;9984;13;10003;12;10005;10;10008;10;9995.5;0.0
14;31500;INTARIAN_PEPPER_ROOT;27024;9;27023;11;27020;10;27041;10;27044;10;27045;12;27033.0;0.0
14;31600;ASH_COATED_OSMIUM;9989;12;;;;;10001;14;;;;;9995.5;0.0
14;31600;INTARIAN_PEPPER_ROOT;27023;18;27021;12;;;27039;10;27040;12;;;27031.0;0.0
14;31700;ASH_COATED_OSMIUM;9992;20;9989;12;9986;12;10008;12;10010;12;10011;4;10000.5;0.0
14;31700;INTARIAN_PEPPER_ROOT;27023;8;27021;9;27019;25;27039;10;27042;12;27044;11;27031.5;0.0
14;31800;ASH_COATED_OSMIUM;9992;15;;;;;10008;12;;;;;10000.0;0.0
14;31800;INTARIAN_PEPPER_ROOT;27025;11;;;;;27037;10;;;;;27031.0;0.0
14;31900;ASH_COATED_OSMIUM;9985;10;9983;13;;;10004;13;10005;11;;;9994.5;0.0
14;31900;INTARIAN_PEPPER_ROOT;27025;11;27024;11;;;27040;8;27041;10;;;27033.0;0.0
14;32000;ASH_COATED_OSMIUM;9992;15;9990;27;9987;11;10008;22;10010;15;10011;13;10000.0;0.0
14;32000;INTARIAN_PEPPER_ROOT;27024;10;;;;;27037;23;;;;;27030.5;0.0
14;32100;ASH_COATED_OSMIUM;9991;24;;;;;10007;24;;;;;9999.5;0.0
14;32100;INTARIAN_PEPPER_ROOT;27025;8;27023;10;27022;12;27042;23;27045;9;27048;9;27034.0;0.0
14;32200;ASH_COATED_OSMIUM;9985;11;9984;12;9982;23;10001;6;10004;12;10005;2;9993.5;0.0
14;32200;INTARIAN_PEPPER_ROOT;27024;8;27021;24;;;27041;10;27044;11;;;27032.5;0.0
14;32300;ASH_COATED_OSMIUM;9985;10;;;;;10001;21;;;;;9993.5;0.0
14;32300;INTARIAN_PEPPER_ROOT;27030;8;;;;;27034;10;;;;;27032.5;0.0
14;32400;ASH_COATED_OSMIUM;9990;23;;;;;10006;14;;;;;9998.5;0.0
14;32400;INTARIAN_PEPPER_ROOT;27028;22;27027;11;27024;8;27041;10;27044;9;27045;25;27034.5;0.0
14;32500;ASH_COATED_OSMIUM;9984;11;9981;2;;;10002;23;10003;10;;;9993.5;0.0
14;32500;INTARIAN_PEPPER_ROOT;27030;12;27027;10;27024;9;27033;11;27034;10;27035;9;27032.0;0.0
14;32600;ASH_COATED_OSMIUM;9985;10;9984;13;9983;10;10001;12;10004;11;10006;11;9993.5;0.0
14;32600;INTARIAN_PEPPER_ROOT;27026;9;27025;12;27022;9;27039;12;27041;12;27043;10;27033.0;0.0
14;32700;ASH_COATED_OSMIUM;9985;13;;;;;10001;12;;;;;9993.5;0.0
14;32700;INTARIAN_PEPPER_ROOT;27029;18;27027;21;;;27041;11;27043;9;;;27035.5;0.0
14;32800;ASH_COATED_OSMIUM;9993;15;9990;12;9989;10;10003;28;10006;23;10007;13;9998.5;0.0
14;32800;INTARIAN_PEPPER_ROOT;27028;9;27027;11;;;27040;11;27042;12;;;27034.5;0.0
14;32900;ASH_COATED_OSMIUM;9991;30;9988;10;9987;13;10007;25;10009;12;10010;20;9999.0;0.0
14;32900;INTARIAN_PEPPER_ROOT;27023;8;27020;11;;;27036;8;27038;12;;;27029.5;0.0
14;33000;ASH_COATED_OSMIUM;9986;13;9983;13;;;10002;10;10003;13;;;9994.0;0.0
14;33000;INTARIAN_PEPPER_ROOT;27027;20;;;;;27039;8;;;;;27033.0;0.0
14;33100;ASH_COATED_OSMIUM;9990;12;9989;12;9987;12;10006;29;10009;14;10010;30;9998.5;0.0
14;33100;INTARIAN_PEPPER_ROOT;27027;11;;;;;27039;10;;;;;27033.5;0.0
14;33200;ASH_COATED_OSMIUM;9984;20;;;;;10003;13;;;;;9993.5;0.0
14;33200;INTARIAN_PEPPER_ROOT;27027;9;;;;;27038;10;;;;;27033.0;0.0
14;33300;ASH_COATED_OSMIUM;9990;11;9988;10;;;10006;13;10009;4;;;9998.5;0.0
14;33300;INTARIAN_PEPPER_ROOT;27025;8;;;;;27038;10;;;;;27032.0;0.0
14;33400;ASH_COATED_OSMIUM;9990;14;9987;11;;;10006;10;10009;26;;;9998.0;0.0
14;33400;INTARIAN_PEPPER_ROOT;27027;9;;;;;27043;12;;;;;27035.5;0.0
14;33500;ASH_COATED_OSMIUM;9990;12;9987;12;;;10006;11;10008;15;;;9998.0;0.0
14;33500;INTARIAN_PEPPER_ROOT;27026;10;27023;9;;;27039;19;27041;19;;;27032.5;0.0
14;33600;ASH_COATED_OSMIUM;9987;30;9984;12;9981;15;9998;11;10000;20;10003;13;9992.5;0.0
14;33600;INTARIAN_PEPPER_ROOT;27032;11;;;;;27041;5;;;;;27036.5;0.0
14;33700;ASH_COATED_OSMIUM;9994;30;9993;14;;;10000;12;10003;11;;;9997.0;0.0
14;33700;INTARIAN_PEPPER_ROOT;27028;10;27027;7;27025;11;27040;10;27041;15;27042;11;27034.0;0.0
14;33800;ASH_COATED_OSMIUM;9992;15;9989;11;;;10001;10;10003;15;;;9997.0;0.0
14;33800;INTARIAN_PEPPER_ROOT;27025;8;27022;12;;;27041;11;27042;11;;;27033.5;0.0
14;33900;ASH_COATED_OSMIUM;9984;12;9983;13;;;10000;13;10002;4;;;9992.0;0.0
14;33900;INTARIAN_PEPPER_ROOT;27028;8;;;;;27041;24;;;;;27034.5;0.0
14;34000;ASH_COATED_OSMIUM;9988;25;9987;10;;;10006;30;10007;23;;;9997.5;0.0
14;34000;INTARIAN_PEPPER_ROOT;27027;15;27026;12;;;27039;10;27040;10;;;27033.5;0.0
14;34100;ASH_COATED_OSMIUM;9981;22;9980;14;;;10002;26;10004;13;;;9992.0;0.0
14;34100;INTARIAN_PEPPER_ROOT;27034;11;;;;;27046;8;;;;;27040.0;0.0
14;34200;ASH_COATED_OSMIUM;9989;22;9988;14;9985;21;10005;22;10006;15;10008;13;9997.5;0.0
14;34200;INTARIAN_PEPPER_ROOT;27033;11;27031;23;;;27045;8;27048;9;;;27039.0;0.0
14;34300;ASH_COATED_OSMIUM;9984;10;9982;11;;;10000;13;10002;12;;;9992.0;0.0
14;34300;INTARIAN_PEPPER_ROOT;27029;9;27026;9;27023;15;27041;12;27043;19;27045;12;27035.0;0.0
14;34400;ASH_COATED_OSMIUM;9988;29;;;;;10007;10;;;;;9997.5;0.0
14;34400;INTARIAN_PEPPER_ROOT;27027;8;27025;10;;;27040;16;27041;8;;;27033.5;0.0
14;34500;ASH_COATED_OSMIUM;9984;11;;;;;10000;11;;;;;9992.0;0.0
14;34500;INTARIAN_PEPPER_ROOT;27027;9;27026;11;;;27039;11;27041;10;;;27033.5;0.0
14;34600;ASH_COATED_OSMIUM;9989;13;9988;13;;;10005;12;10008;30;;;9997.0;0.0
14;34600;INTARIAN_PEPPER_ROOT;27025;23;27023;10;;;27040;8;27043;9;;;27032.5;0.0
14;34700;ASH_COATED_OSMIUM;9989;15;9988;11;9986;15;10005;12;10006;13;10008;14;9997.5;0.0
14;34700;INTARIAN_PEPPER_ROOT;27027;21;27026;19;;;27040;11;27043;10;;;27034.0;0.0
14;34800;ASH_COATED_OSMIUM;9984;26;;;;;10002;30;;;;;9993.0;0.0
14;34800;INTARIAN_PEPPER_ROOT;27027;12;;;;;27041;11;;;;;27034.5;0.0
14;34900;ASH_COATED_OSMIUM;9990;12;;;;;10006;14;;;;;9998.0;0.0
14;34900;INTARIAN_PEPPER_ROOT;27024;8;27022;9;;;27037;9;27038;11;;;27031.0;0.0
14;35000;ASH_COATED_OSMIUM;9990;10;9989;13;;;10006;10;10007;20;;;9998.0;0.0
14;35000;INTARIAN_PEPPER_ROOT;27029;8;27026;10;27023;17;27041;10;27042;10;27044;11;27035.0;0.0
14;35100;ASH_COATED_OSMIUM;9990;24;9987;26;;;10006;13;10008;15;;;9998.0;0.0
14;35100;INTARIAN_PEPPER_ROOT;27027;11;27026;9;;;27040;8;27042;11;;;27034.0;0.0
14;35200;ASH_COATED_OSMIUM;9990;11;9987;12;9984;11;10006;11;10007;15;10008;13;9998.5;0.0
14;35200;INTARIAN_PEPPER_ROOT;27029;8;;;;;27044;12;;;;;27036.5;0.0
14;35300;ASH_COATED_OSMIUM;9983;10;;;;;10002;11;;;;;9993.0;0.0
14;35300;INTARIAN_PEPPER_ROOT;27026;9;;;;;27042;8;;;;;27034.5;0.0
14;35400;ASH_COATED_OSMIUM;9990;26;;;;;10006;15;;;;;9998.5;0.0
14;35400;INTARIAN_PEPPER_ROOT;27033;10;27030;12;27029;11;27046;9;27048;12;27051;8;27040.0;0.0
14;35500;ASH_COATED_OSMIUM;9990;21;;;;;10006;10;;;;;9998.0;0.0
14;35500;INTARIAN_PEPPER_ROOT;27028;8;;;;;27041;10;;;;;27034.5;0.0
14;35600;ASH_COATED_OSMIUM;9984;10;;;;;10003;13;;;;;9993.5;0.0
14;35600;INTARIAN_PEPPER_ROOT;27025;8;;;;;27042;18;;;;;27033.5;0.0
14;35700;ASH_COATED_OSMIUM;9991;11;9990;25;9988;15;10007;13;10009;15;10010;11;9999.0;0.0
14;35700;INTARIAN_PEPPER_ROOT;27029;11;27028;12;;;27041;25;27044;19;;;27035.0;0.0
14;35800;ASH_COATED_OSMIUM;9994;13;9992;20;;;10005;10;10008;10;;;9999.5;0.0
14;35800;INTARIAN_PEPPER_ROOT;27035;12;27033;10;;;27038;25;27039;10;;;27037.0;0.0
14;35900;ASH_COATED_OSMIUM;9985;10;;;;;10003;13;;;;;9994.5;0.0
14;35900;INTARIAN_PEPPER_ROOT;27033;9;27030;10;27027;9;27038;16;27039;8;27040;9;27035.5;0.0
14;36000;ASH_COATED_OSMIUM;9991;27;9989;10;;;9997;24;9999;13;;;9994.5;0.0
14;36000;INTARIAN_PEPPER_ROOT;27032;8;;;;;27046;15;;;;;27039.5;0.0
14;36100;ASH_COATED_OSMIUM;9987;12;9985;13;;;10003;11;10006;11;;;9995.0;0.0
14;36100;INTARIAN_PEPPER_ROOT;27032;21;27029;8;;;27045;9;27046;11;;;27038.5;0.0
14;36200;ASH_COATED_OSMIUM;9985;5;9984;11;9981;20;10004;13;10007;13;10010;10;9995.0;0.0
14;36200;INTARIAN_PEPPER_ROOT;27031;12;;;;;27043;11;;;;;27037.0;0.0
14;36300;ASH_COATED_OSMIUM;9987;10;9986;21;;;10003;12;10005;14;;;9995.0;0.0
14;36300;INTARIAN_PEPPER_ROOT;27029;12;;;;;27041;9;;;;;27035.5;0.0
14;36400;ASH_COATED_OSMIUM;9987;15;;;;;10003;10;;;;;9995.0;0.0
14;36400;INTARIAN_PEPPER_ROOT;27025;12;27023;11;27020;9;27039;11;27042;8;27043;16;27032.5;0.0
14;36500;ASH_COATED_OSMIUM;9992;12;9989;21;9987;29;9998;13;10001;10;10002;15;9995.0;0.0
14;36500;INTARIAN_PEPPER_ROOT;27033;10;27032;11;27029;10;27045;9;27048;16;27050;10;27039.5;0.0
14;36600;ASH_COATED_OSMIUM;9992;2;9991;10;;;10008;27;10010;10;;;10000.0;0.0
14;36600;INTARIAN_PEPPER_ROOT;27028;10;27027;12;;;27045;10;27047;12;;;27037.0;0.0
14;36700;ASH_COATED_OSMIUM;9986;15;;;;;10002;5;;;;;9994.5;0.0
14;36700;INTARIAN_PEPPER_ROOT;27031;10;;;;;27043;12;;;;;27037.0;0.0
14;36800;ASH_COATED_OSMIUM;9986;10;9983;10;;;10002;14;10004;11;;;9994.5;0.0
14;36800;INTARIAN_PEPPER_ROOT;27030;9;27029;8;;;27042;18;27043;8;;;27036.5;0.0
14;36900;ASH_COATED_OSMIUM;9985;11;9984;12;;;10004;14;10007;14;;;9995.0;0.0
14;36900;INTARIAN_PEPPER_ROOT;27032;11;27031;12;;;27044;10;27047;12;;;27038.5;0.0
14;37000;ASH_COATED_OSMIUM;9992;15;9990;15;;;10008;14;10009;21;;;10000.0;0.0
14;37000;INTARIAN_PEPPER_ROOT;27029;6;;;;;27044;8;;;;;27037.0;0.0
14;37100;ASH_COATED_OSMIUM;9992;15;9989;14;9988;30;10008;13;10009;26;10011;15;10000.5;0.0
14;37100;INTARIAN_PEPPER_ROOT;27030;11;;;;;27046;12;;;;;27038.0;0.0
14;37200;ASH_COATED_OSMIUM;9992;14;9990;15;;;10008;12;10009;13;;;10000.5;0.0
14;37200;INTARIAN_PEPPER_ROOT;27030;4;;;;;27042;10;;;;;27036.5;0.0
14;37300;ASH_COATED_OSMIUM;9988;12;9986;12;9984;15;10004;15;10007;13;10009;14;9996.0;0.0
14;37300;INTARIAN_PEPPER_ROOT;27029;12;;;;;27043;8;;;;;27036.0;0.0
14;37400;ASH_COATED_OSMIUM;9986;14;9985;10;;;10005;11;10008;25;;;9996.0;0.0
14;37400;INTARIAN_PEPPER_ROOT;27034;8;27031;10;;;27045;9;27047;10;;;27040.0;0.0
14;37500;ASH_COATED_OSMIUM;9988;13;;;;;10004;15;;;;;9996.0;0.0
14;37500;INTARIAN_PEPPER_ROOT;27029;10;27026;11;27024;11;27044;11;27047;15;27048;8;27037.0;0.0
14;37600;ASH_COATED_OSMIUM;9987;10;9986;4;9985;12;10006;30;10008;12;10009;10;9996.5;0.0
14;37600;INTARIAN_PEPPER_ROOT;27031;9;27029;12;27027;11;27045;19;27046;10;27048;10;27038.0;0.0
14;37700;ASH_COATED_OSMIUM;9993;15;;;;;10011;12;;;;;10002.0;0.0
14;37700;INTARIAN_PEPPER_ROOT;27036;18;;;;;27039;18;;;;;27038.0;0.0
14;37800;ASH_COATED_OSMIUM;9993;10;;;;;10009;14;;;;;10001.5;0.0
14;37800;INTARIAN_PEPPER_ROOT;27031;9;27030;11;;;27044;12;27047;16;;;27037.5;0.0
14;37900;ASH_COATED_OSMIUM;9992;13;;;;;10011;12;;;;;10001.5;0.0
14;37900;INTARIAN_PEPPER_ROOT;27028;11;;;;;27041;19;;;;;27035.0;0.0
14;38000;ASH_COATED_OSMIUM;9993;14;;;;;10009;11;;;;;10001.5;0.0
14;38000;INTARIAN_PEPPER_ROOT;27027;15;;;;;27039;19;;;;;27033.5;0.0
14;38100;ASH_COATED_OSMIUM;9987;10;9984;10;;;10003;15;10005;6;;;9995.0;0.0
14;38100;INTARIAN_PEPPER_ROOT;27038;11;27035;8;;;27048;6;27051;19;;;27043.0;0.0
14;38200;ASH_COATED_OSMIUM;9987;14;9986;11;;;10003;11;10005;10;;;9995.0;0.0
14;38200;INTARIAN_PEPPER_ROOT;27033;10;;;;;27045;11;;;;;27039.5;0.0
14;38300;ASH_COATED_OSMIUM;9992;14;9990;14;9988;30;10008;11;10009;12;10012;12;10000.0;0.0
14;38300;INTARIAN_PEPPER_ROOT;27030;11;27028;9;;;27042;10;27044;10;;;27036.0;0.0
14;38400;ASH_COATED_OSMIUM;9985;12;;;;;10004;15;;;;;9994.5;0.0
14;38400;INTARIAN_PEPPER_ROOT;27029;12;27026;25;27024;11;27042;8;27043;22;27045;15;27036.0;0.0
14;38500;ASH_COATED_OSMIUM;9991;25;9988;10;;;10007;15;10009;11;;;9999.5;0.0
14;38500;INTARIAN_PEPPER_ROOT;27034;11;27033;12;27031;21;27045;9;27046;12;27047;24;27040.0;0.0
14;38600;ASH_COATED_OSMIUM;9990;15;9987;13;9985;5;10009;15;10010;15;10012;10;9999.5;0.0
14;38600;INTARIAN_PEPPER_ROOT;27034;21;27033;11;27030;11;27047;11;27050;11;27053;19;27040.5;0.0
14;38700;ASH_COATED_OSMIUM;9992;21;9991;15;9989;23;10008;15;10011;27;10014;15;10000.0;0.0
14;38700;INTARIAN_PEPPER_ROOT;27031;12;27030;10;;;27044;11;27046;11;;;27038.0;0.0
14;38800;ASH_COATED_OSMIUM;9992;12;9989;11;9986;11;10008;21;10009;15;10010;13;10000.0;0.0
14;38800;INTARIAN_PEPPER_ROOT;27035;11;;;;;27046;10;;;;;27040.5;0.0
14;38900;ASH_COATED_OSMIUM;9992;14;;;;;10008;14;;;;;10000.5;0.0
14;38900;INTARIAN_PEPPER_ROOT;27030;8;27029;25;27027;10;27043;11;27044;10;27046;12;27037.0;0.0
14;39000;ASH_COATED_OSMIUM;9987;20;9986;13;9983;27;10003;10;10006;13;10008;15;9995.0;0.0
14;39000;INTARIAN_PEPPER_ROOT;27031;8;27030;11;;;27050;10;27052;10;;;27040.5;0.0
14;39100;ASH_COATED_OSMIUM;9990;15;9987;15;9984;21;10009;29;10010;15;10011;26;10000.0;0.0
14;39100;INTARIAN_PEPPER_ROOT;27032;8;27030;9;27029;10;27044;25;27045;12;27046;12;27038.5;0.0
14;39200;ASH_COATED_OSMIUM;9992;13;9989;13;9987;4;10008;14;10010;14;10013;14;10000.5;0.0
14;39200;INTARIAN_PEPPER_ROOT;27034;8;27032;8;;;27050;18;27053;8;;;27042.5;0.0
14;39300;ASH_COATED_OSMIUM;9987;11;9986;13;;;10003;21;10006;11;;;9995.5;0.0
14;39300;INTARIAN_PEPPER_ROOT;27035;10;27033;12;;;27050;10;27053;11;;;27042.5;0.0
14;39400;ASH_COATED_OSMIUM;9996;4;9995;11;;;10006;13;10008;11;;;10001.0;0.0
14;39400;INTARIAN_PEPPER_ROOT;27033;12;27031;20;;;27046;11;27049;9;;;27039.5;0.0
14;39500;ASH_COATED_OSMIUM;9993;13;;;;;10009;15;;;;;10001.0;0.0
14;39500;INTARIAN_PEPPER_ROOT;27030;11;27027;12;27024;20;27046;9;27047;11;27048;10;27038.5;0.0
14;39600;ASH_COATED_OSMIUM;9993;14;9992;11;9989;14;10009;14;10011;15;10013;10;10001.0;0.0
14;39600;INTARIAN_PEPPER_ROOT;27032;8;27029;10;27027;22;27044;11;27045;10;27048;8;27038.0;0.0
14;39700;ASH_COATED_OSMIUM;9989;11;9986;13;;;10001;11;10003;15;;;9995.0;0.0
14;39700;INTARIAN_PEPPER_ROOT;27031;12;27028;10;;;27045;9;27047;8;;;27038.0;0.0
14;39800;ASH_COATED_OSMIUM;9990;28;9989;13;9987;10;10009;28;10012;12;10015;30;9999.5;0.0
14;39800;INTARIAN_PEPPER_ROOT;27029;11;;;;;27046;9;;;;;27037.5;0.0
14;39900;ASH_COATED_OSMIUM;9991;4;9988;12;9987;12;10007;12;10009;10;10011;14;9999.5;0.0
14;39900;INTARIAN_PEPPER_ROOT;27034;12;;;;;27048;11;;;;;27041.5;0.0
14;40000;ASH_COATED_OSMIUM;9986;11;9983;13;9980;11;10002;24;10005;12;10007;13;9994.5;0.0
14;40000;INTARIAN_PEPPER_ROOT;27033;12;27032;12;;;27048;8;27051;9;;;27041.0;0.0
14;40100;ASH_COATED_OSMIUM;9990;28;9989;21;;;10008;21;10011;10;;;9999.5;0.0
14;40100;INTARIAN_PEPPER_ROOT;27033;10;27032;11;;;27047;8;27049;8;;;27040.5;0.0
14;40200;ASH_COATED_OSMIUM;9987;11;9985;12;;;10003;14;10005;14;;;9995.0;0.0
14;40200;INTARIAN_PEPPER_ROOT;27033;8;27030;11;;;27047;10;27049;12;;;27040.5;0.0
14;40300;ASH_COATED_OSMIUM;9986;5;9985;26;;;10002;15;10005;13;;;9994.5;0.0
14;40300;INTARIAN_PEPPER_ROOT;27032;9;;;;;27043;12;;;;;27037.5;0.0
14;40400;ASH_COATED_OSMIUM;9986;13;;;;;10002;14;;;;;9994.5;0.0
14;40400;INTARIAN_PEPPER_ROOT;27034;12;27031;9;27028;9;27045;8;27048;8;27051;11;27040.0;0.0
14;40500;ASH_COATED_OSMIUM;9990;25;9987;12;;;10009;15;10010;10;;;10000.0;0.0
14;40500;INTARIAN_PEPPER_ROOT;27031;10;27029;11;;;27047;12;27050;24;;;27039.0;0.0
14;40600;ASH_COATED_OSMIUM;9985;28;;;;;10004;15;;;;;9995.0;0.0
14;40600;INTARIAN_PEPPER_ROOT;27032;9;27029;5;;;27044;12;27045;11;;;27038.5;0.0
14;40700;ASH_COATED_OSMIUM;9987;13;9985;10;;;10003;11;10006;13;;;9995.0;0.0
14;40700;INTARIAN_PEPPER_ROOT;27035;9;;;;;27046;23;;;;;27040.5;0.0
14;40800;ASH_COATED_OSMIUM;9992;15;9991;10;;;10008;15;10011;14;;;10000.5;0.0
14;40800;INTARIAN_PEPPER_ROOT;27036;9;27034;9;;;27047;18;27050;11;;;27041.5;0.0
14;40900;ASH_COATED_OSMIUM;9992;12;9991;21;9989;10;10008;14;10009;28;10011;11;10000.5;0.0
14;40900;INTARIAN_PEPPER_ROOT;27033;8;;;;;27046;10;;;;;27039.5;0.0
14;41000;ASH_COATED_OSMIUM;9992;23;9990;5;;;10008;10;10010;11;;;10000.5;0.0
14;41000;INTARIAN_PEPPER_ROOT;27031;15;27028;10;;;27046;10;27049;8;;;27038.5;0.0
14;41100;ASH_COATED_OSMIUM;9993;11;9991;15;9990;11;10009;12;10011;14;10014;15;10001.0;0.0
14;41100;INTARIAN_PEPPER_ROOT;27032;15;;;;;27047;8;;;;;27040.0;0.0
14;41200;ASH_COATED_OSMIUM;9990;12;;;;;10001;20;;;;;9995.5;0.0
14;41200;INTARIAN_PEPPER_ROOT;27034;8;27032;23;27030;10;27048;9;27051;10;27052;8;27041.0;0.0
14;41300;ASH_COATED_OSMIUM;9992;11;;;;;10008;15;;;;;10000.5;0.0
14;41300;INTARIAN_PEPPER_ROOT;27035;10;27033;12;;;27048;12;27050;10;;;27041.5;0.0
14;41400;ASH_COATED_OSMIUM;9992;12;9989;12;;;10008;15;10009;11;;;10000.0;0.0
14;41400;INTARIAN_PEPPER_ROOT;27034;11;27033;8;27030;11;27048;9;27049;12;27052;9;27041.5;0.0
14;41500;ASH_COATED_OSMIUM;9991;11;9988;14;9987;14;10007;14;10008;15;10009;12;9999.5;0.0
14;41500;INTARIAN_PEPPER_ROOT;27035;12;27032;15;;;27051;9;27052;10;;;27043.0;0.0
14;41600;ASH_COATED_OSMIUM;9986;14;;;;;10002;14;;;;;9994.0;0.0
14;41600;INTARIAN_PEPPER_ROOT;27034;11;;;;;27048;8;;;;;27041.0;0.0
14;41700;ASH_COATED_OSMIUM;9984;13;9981;15;;;10003;11;10006;11;;;9993.5;0.0
14;41700;INTARIAN_PEPPER_ROOT;27034;8;27032;12;;;27046;12;27048;22;;;27040.0;0.0
14;41800;ASH_COATED_OSMIUM;9992;12;;;;;10005;25;;;;;9999.0;0.0
14;41800;INTARIAN_PEPPER_ROOT;27034;11;27032;9;;;27049;11;27050;11;;;27041.5;0.0
14;41900;ASH_COATED_OSMIUM;9990;4;9987;13;;;9996;12;9999;13;;;9993.5;0.0
14;41900;INTARIAN_PEPPER_ROOT;27043;9;27041;10;27040;11;27060;8;27061;11;27064;11;27052.0;0.0
14;42000;ASH_COATED_OSMIUM;9985;14;9984;11;;;10001;13;10002;28;;;9993.5;0.0
14;42000;INTARIAN_PEPPER_ROOT;27036;8;27035;10;27034;21;27047;10;27048;11;27050;8;27041.5;0.0
14;42100;ASH_COATED_OSMIUM;9985;14;9983;29;;;10001;13;10004;11;;;9993.5;0.0
14;42100;INTARIAN_PEPPER_ROOT;27033;8;27030;9;;;27048;11;27049;8;;;27040.5;0.0
14;42200;ASH_COATED_OSMIUM;9991;14;9990;10;;;10007;12;10008;15;;;9999.0;0.0
14;42200;INTARIAN_PEPPER_ROOT;27034;9;27033;8;27031;17;27050;10;27051;9;27054;8;27042.5;0.0
14;42300;ASH_COATED_OSMIUM;9984;11;9981;11;;;10003;15;10005;10;;;9993.5;0.0
14;42300;INTARIAN_PEPPER_ROOT;27038;11;27035;9;27033;9;27050;22;27052;10;27055;11;27044.0;0.0
14;42400;ASH_COATED_OSMIUM;9991;20;;;;;10007;25;;;;;9999.0;0.0
14;42400;INTARIAN_PEPPER_ROOT;27036;12;;;;;27048;11;;;;;27042.5;0.0
14;42500;ASH_COATED_OSMIUM;9986;13;9983;13;;;10002;14;10003;30;;;9994.0;0.0
14;42500;INTARIAN_PEPPER_ROOT;27033;11;27030;10;;;27045;9;27047;9;;;27039.5;0.0
14;42600;ASH_COATED_OSMIUM;9985;25;;;;;10004;10;;;;;9995.0;0.0
14;42600;INTARIAN_PEPPER_ROOT;27038;16;27036;10;;;27050;10;27051;10;;;27044.5;0.0
14;42700;ASH_COATED_OSMIUM;9986;13;9983;12;;;10005;10;10008;15;;;9995.5;0.0
14;42700;INTARIAN_PEPPER_ROOT;27038;9;;;;;27050;12;;;;;27044.0;0.0
14;42800;ASH_COATED_OSMIUM;9992;12;9991;12;;;10008;12;10010;22;;;10000.5;0.0
14;42800;INTARIAN_PEPPER_ROOT;27035;10;;;;;27049;8;;;;;27042.0;0.0
14;42900;ASH_COATED_OSMIUM;9986;15;9985;14;;;10004;12;10005;11;;;9995.0;0.0
14;42900;INTARIAN_PEPPER_ROOT;27037;12;27034;10;27031;12;27051;10;27052;15;27054;23;27044.5;0.0
14;43000;ASH_COATED_OSMIUM;9992;11;9990;12;;;10008;13;10009;13;;;10000.0;0.0
14;43000;INTARIAN_PEPPER_ROOT;27036;8;;;;;27050;8;;;;;27043.5;0.0
14;43100;ASH_COATED_OSMIUM;9995;29;;;;;10004;15;;;;;10000.0;0.0
14;43100;INTARIAN_PEPPER_ROOT;27038;9;27035;10;;;27048;11;27050;11;;;27043.0;0.0
14;43200;ASH_COATED_OSMIUM;9991;13;9989;12;;;10007;12;10010;14;;;9999.5;0.0
14;43200;INTARIAN_PEPPER_ROOT;27040;12;;;;;27051;9;;;;;27045.5;0.0
14;43300;ASH_COATED_OSMIUM;9991;15;9990;11;;;10007;10;10008;14;;;9999.5;0.0
14;43300;INTARIAN_PEPPER_ROOT;27035;12;27032;9;;;27049;23;27050;8;;;27042.5;0.0
14;43400;ASH_COATED_OSMIUM;9985;11;;;;;10003;14;;;;;9994.5;0.0
14;43400;INTARIAN_PEPPER_ROOT;27035;17;;;;;27051;8;;;;;27043.0;0.0
14;43500;ASH_COATED_OSMIUM;9986;14;9984;15;;;10002;14;10005;10;;;9994.5;0.0
14;43500;INTARIAN_PEPPER_ROOT;27035;11;27032;12;;;27049;11;27050;23;;;27042.0;0.0
14;43600;ASH_COATED_OSMIUM;9992;11;;;;;10008;15;;;;;10000.0;0.0
14;43600;INTARIAN_PEPPER_ROOT;27035;9;27032;11;27031;9;27051;9;27054;9;27055;10;27043.5;0.0
14;43700;ASH_COATED_OSMIUM;9986;13;;;;;10002;13;;;;;9994.5;0.0
14;43700;INTARIAN_PEPPER_ROOT;27044;10;27041;10;;;27046;8;27049;12;;;27045.0;0.0
14;43800;ASH_COATED_OSMIUM;9990;15;9989;2;;;10008;12;10010;12;;;9999.5;0.0
14;43800;INTARIAN_PEPPER_ROOT;27038;10;27035;24;;;27052;12;27053;9;;;27045.0;0.0
14;43900;ASH_COATED_OSMIUM;9991;12;;;;;10007;11;;;;;9999.0;0.0
14;43900;INTARIAN_PEPPER_ROOT;27036;6;;;;;27051;10;;;;;27044.0;0.0
14;44000;ASH_COATED_OSMIUM;9991;11;9990;22;;;10007;12;10009;11;;;9999.0;0.0
14;44000;INTARIAN_PEPPER_ROOT;27041;9;27038;10;;;27055;10;27058;21;;;27048.0;0.0
14;44100;ASH_COATED_OSMIUM;9985;15;;;;;10001;12;;;;;9993.5;0.0
14;44100;INTARIAN_PEPPER_ROOT;27039;8;27038;12;;;27051;9;27052;12;;;27045.0;0.0
14;44200;ASH_COATED_OSMIUM;9990;27;9987;11;9984;10;10009;10;10012;15;10014;14;9999.5;0.0
14;44200;INTARIAN_PEPPER_ROOT;27040;18;27038;8;;;27052;10;27055;9;;;27046.0;0.0
14;44300;ASH_COATED_OSMIUM;9984;29;9981;20;;;10003;27;10004;13;;;9994.0;0.0
14;44300;INTARIAN_PEPPER_ROOT;27038;11;;;;;27051;12;;;;;27045.0;0.0
14;44400;ASH_COATED_OSMIUM;9991;11;9990;27;;;10007;15;10009;14;;;9999.5;0.0
14;44400;INTARIAN_PEPPER_ROOT;27037;11;27034;12;27033;10;27051;12;27054;12;27057;12;27044.5;0.0
14;44500;ASH_COATED_OSMIUM;9992;10;9991;21;9990;23;10008;10;10011;14;10014;10;10000.0;0.0
14;44500;INTARIAN_PEPPER_ROOT;27038;8;27035;10;;;27051;12;27053;11;;;27044.5;0.0
14;44600;ASH_COATED_OSMIUM;9991;29;;;;;10010;20;;;;;10000.5;0.0
14;44600;INTARIAN_PEPPER_ROOT;27043;8;27040;10;27038;12;27045;10;27048;12;27050;12;27044.0;0.0
14;44700;ASH_COATED_OSMIUM;9987;12;9984;20;9981;14;10003;30;10006;11;10008;10;9995.5;0.0
14;44700;INTARIAN_PEPPER_ROOT;27040;12;27038;12;27037;10;27055;10;27056;12;27057;11;27048.0;0.0
14;44800;ASH_COATED_OSMIUM;9987;14;9986;14;;;10003;10;10004;11;;;9995.5;0.0
14;44800;INTARIAN_PEPPER_ROOT;27035;17;27034;17;;;27052;10;27053;10;;;27044.0;0.0
14;44900;ASH_COATED_OSMIUM;9987;21;;;;;10003;15;;;;;9995.5;0.0
14;44900;INTARIAN_PEPPER_ROOT;27034;9;;;;;27046;10;;;;;27040.0;0.0
14;45000;ASH_COATED_OSMIUM;9988;15;9986;11;9983;10;10004;10;10005;14;10007;14;9996.0;0.0
14;45000;INTARIAN_PEPPER_ROOT;27039;11;27038;8;27036;12;27053;12;27054;9;27055;9;27046.0;0.0
14;45100;ASH_COATED_OSMIUM;9988;14;9987;11;;;10004;30;10006;11;;;9996.0;0.0
14;45100;INTARIAN_PEPPER_ROOT;27039;8;27036;10;27035;23;27051;8;27053;9;27055;11;27045.0;0.0
14;45200;ASH_COATED_OSMIUM;9992;10;;;;;10008;10;;;;;10000.5;0.0
14;45200;INTARIAN_PEPPER_ROOT;27043;9;;;;;27045;10;;;;;27044.0;0.0
14;45300;ASH_COATED_OSMIUM;9992;15;;;;;10008;10;;;;;10000.5;0.0
14;45300;INTARIAN_PEPPER_ROOT;27041;8;;;;;27050;10;;;;;27045.5;0.0
14;45400;ASH_COATED_OSMIUM;9993;23;;;;;10009;10;;;;;10001.0;0.0
14;45400;INTARIAN_PEPPER_ROOT;27034;10;27031;8;;;27054;9;27055;11;;;27044.0;0.0
14;45500;ASH_COATED_OSMIUM;9993;13;;;;;10009;15;;;;;10001.0;0.0
14;45500;INTARIAN_PEPPER_ROOT;27044;10;27041;12;27040;10;27056;11;27059;10;27062;12;27050.0;0.0
14;45600;ASH_COATED_OSMIUM;9987;15;9986;12;;;10003;13;10006;15;;;9995.5;0.0
14;45600;INTARIAN_PEPPER_ROOT;27038;8;27035;12;27032;8;27050;11;27052;12;27053;21;27044.0;0.0
14;45700;ASH_COATED_OSMIUM;9987;11;9984;14;;;10003;11;10005;23;;;9995.5;0.0
14;45700;INTARIAN_PEPPER_ROOT;27039;10;27038;9;;;27053;10;27055;11;;;27046.5;0.0
14;45800;ASH_COATED_OSMIUM;9987;11;9986;11;9985;15;10005;20;10006;15;10007;5;9996.0;0.0
14;45800;INTARIAN_PEPPER_ROOT;27040;9;27038;10;;;27052;10;27055;16;;;27046.0;0.0
14;45900;ASH_COATED_OSMIUM;9992;11;9991;24;;;10010;15;10012;14;;;10001.5;0.0
14;45900;INTARIAN_PEPPER_ROOT;27037;8;27034;10;;;27051;11;27053;12;;;27044.5;0.0
14;46000;ASH_COATED_OSMIUM;9986;11;9984;23;;;10007;29;10010;15;;;9996.5;0.0
14;46000;INTARIAN_PEPPER_ROOT;27039;11;27037;8;;;27052;24;27053;11;;;27045.5;0.0
14;46100;ASH_COATED_OSMIUM;9998;25;9997;15;;;10005;11;10008;12;;;10001.5;0.0
14;46100;INTARIAN_PEPPER_ROOT;27037;9;27036;10;;;27055;8;27057;12;;;27046.0;0.0
14;46200;ASH_COATED_OSMIUM;9988;13;9986;4;9983;12;10004;10;10007;14;10010;9;9996.0;0.0
14;46200;INTARIAN_PEPPER_ROOT;27038;11;27035;8;;;27052;9;27053;10;;;27045.5;0.0
14;46300;ASH_COATED_OSMIUM;9992;15;9989;2;;;10011;10;10014;13;;;10001.5;0.0
14;46300;INTARIAN_PEPPER_ROOT;27040;25;27038;8;27037;12;27052;12;27054;9;27056;9;27046.5;0.0
14;46400;ASH_COATED_OSMIUM;9995;9;9992;12;;;10008;11;10011;14;;;10001.5;0.0
14;46400;INTARIAN_PEPPER_ROOT;27042;23;;;;;27050;8;;;;;27046.5;0.0
14;46500;ASH_COATED_OSMIUM;9987;10;9986;14;;;10003;30;10004;11;;;9995.5;0.0
14;46500;INTARIAN_PEPPER_ROOT;27038;10;27036;12;;;27051;10;27053;11;;;27045.0;0.0
14;46600;ASH_COATED_OSMIUM;9992;10;9989;14;;;10008;14;10009;14;;;10000.5;0.0
14;46600;INTARIAN_PEPPER_ROOT;27043;8;27041;9;;;27055;12;27058;18;;;27049.5;0.0
14;46700;ASH_COATED_OSMIUM;9986;10;;;;;10005;14;;;;;9995.5;0.0
14;46700;INTARIAN_PEPPER_ROOT;27040;12;;;;;27056;21;;;;;27048.5;0.0
14;46800;ASH_COATED_OSMIUM;9987;10;9986;14;;;10003;13;10005;15;;;9995.5;0.0
14;46800;INTARIAN_PEPPER_ROOT;27047;24;;;;;27050;11;;;;;27049.0;0.0
14;46900;ASH_COATED_OSMIUM;9992;4;9989;13;;;10008;12;10010;15;;;10000.0;0.0
14;46900;INTARIAN_PEPPER_ROOT;27041;9;27040;10;27038;10;27053;8;27055;9;27058;11;27047.0;0.0
14;47000;ASH_COATED_OSMIUM;9991;30;9989;13;;;10007;23;10008;10;;;9999.0;0.0
14;47000;INTARIAN_PEPPER_ROOT;27041;11;27038;12;;;27055;8;27058;11;;;27048.0;0.0
14;47100;ASH_COATED_OSMIUM;9990;14;;;;;10008;10;;;;;9999.5;0.0
14;47100;INTARIAN_PEPPER_ROOT;27039;9;27038;10;;;27052;8;27053;15;;;27045.5;0.0
14;47200;ASH_COATED_OSMIUM;9986;14;9983;15;9982;14;10002;13;10004;30;10006;13;9994.5;0.0
14;47200;INTARIAN_PEPPER_ROOT;27037;8;27034;6;;;27053;9;27055;11;;;27045.0;0.0
14;47300;ASH_COATED_OSMIUM;9986;12;9983;28;;;10002;14;10005;10;;;9994.5;0.0
14;47300;INTARIAN_PEPPER_ROOT;27040;10;27038;9;;;27053;12;27054;12;;;27046.5;0.0
14;47400;ASH_COATED_OSMIUM;9997;25;9995;14;;;10003;13;10004;2;;;10000.5;0.0
14;47400;INTARIAN_PEPPER_ROOT;27043;9;27042;25;;;27055;11;27056;11;;;27049.5;0.0
14;47500;ASH_COATED_OSMIUM;9993;20;9991;13;9990;14;10009;14;10011;15;10013;4;10001.0;0.0
14;47500;INTARIAN_PEPPER_ROOT;27044;10;;;;;27056;12;;;;;27050.0;0.0
14;47600;ASH_COATED_OSMIUM;9986;14;9985;15;;;10005;27;10006;23;;;9995.5;0.0
14;47600;INTARIAN_PEPPER_ROOT;27044;9;27043;10;27040;9;27055;11;27058;8;27059;23;27049.5;0.0
14;47700;ASH_COATED_OSMIUM;9987;25;;;;;10003;26;;;;;9995.0;0.0
14;47700;INTARIAN_PEPPER_ROOT;27040;12;27037;16;;;27057;12;27060;12;;;27048.5;0.0
14;47800;ASH_COATED_OSMIUM;9994;15;9992;10;;;10004;26;10005;13;;;9999.5;0.0
14;47800;INTARIAN_PEPPER_ROOT;27041;8;27038;10;;;27054;21;27057;10;;;27048.0;0.0
14;47900;ASH_COATED_OSMIUM;9991;15;9989;12;9986;11;10007;10;10009;15;10011;14;9999.5;0.0
14;47900;INTARIAN_PEPPER_ROOT;27042;11;27039;12;;;27055;11;27056;9;;;27048.5;0.0
14;48000;ASH_COATED_OSMIUM;9986;27;9984;29;9983;25;10002;2;10003;13;10005;24;9994.0;0.0
14;48000;INTARIAN_PEPPER_ROOT;27040;10;27038;9;27037;9;27053;9;27054;8;27055;8;27046.5;0.0
14;48100;ASH_COATED_OSMIUM;9986;15;9985;13;;;10002;12;10003;29;;;9994.0;0.0
14;48100;INTARIAN_PEPPER_ROOT;27043;8;27040;12;;;27055;11;27058;11;;;27049.0;0.0
14;48200;ASH_COATED_OSMIUM;9986;14;9985;14;;;10002;12;10003;12;;;9994.0;0.0
14;48200;INTARIAN_PEPPER_ROOT;27041;10;27038;9;27036;10;27052;12;27054;10;27055;11;27046.5;0.0
14;48300;ASH_COATED_OSMIUM;9985;13;;;;;10001;26;;;;;9993.5;0.0
14;48300;INTARIAN_PEPPER_ROOT;27042;23;27040;8;;;27056;9;27057;12;;;27049.5;0.0
14;48400;ASH_COATED_OSMIUM;9990;10;;;;;10006;10;;;;;9998.5;0.0
14;48400;INTARIAN_PEPPER_ROOT;27043;9;27041;9;;;27056;7;27059;9;;;27049.5;0.0
14;48500;ASH_COATED_OSMIUM;9984;12;9982;14;;;10000;28;10002;11;;;9992.5;0.0
14;48500;INTARIAN_PEPPER_ROOT;27040;8;;;;;27057;10;;;;;27048.5;0.0
14;48600;ASH_COATED_OSMIUM;9993;10;9991;10;9988;27;10002;12;10005;11;10006;28;9998.0;0.0
14;48600;INTARIAN_PEPPER_ROOT;27043;8;27040;8;27039;9;27055;11;27058;8;27060;9;27049.0;0.0
14;48700;ASH_COATED_OSMIUM;9988;15;;;;;10006;14;;;;;9997.5;0.0
14;48700;INTARIAN_PEPPER_ROOT;27042;10;27039;10;27038;24;27057;9;27060;9;27062;12;27049.5;0.0
14;48800;ASH_COATED_OSMIUM;9989;14;9986;11;;;10005;15;10007;10;;;9997.5;0.0
14;48800;INTARIAN_PEPPER_ROOT;27045;15;;;;;27057;8;;;;;27051.0;0.0
14;48900;ASH_COATED_OSMIUM;9983;25;9981;13;9980;15;10001;14;10002;11;10003;11;9992.5;0.0
14;48900;INTARIAN_PEPPER_ROOT;27044;12;27041;12;;;27056;12;27059;9;;;27050.5;0.0
14;49000;ASH_COATED_OSMIUM;9989;12;9988;24;9985;12;10005;11;10008;25;10011;15;9997.5;0.0
14;49000;INTARIAN_PEPPER_ROOT;27042;10;27039;8;27038;8;27054;9;27057;10;27058;12;27048.0;0.0
14;49100;ASH_COATED_OSMIUM;9983;12;;;;;10001;20;;;;;9992.0;0.0
14;49100;INTARIAN_PEPPER_ROOT;27047;10;;;;;27050;5;;;;;27049.0;0.0
14;49200;ASH_COATED_OSMIUM;9982;22;9980;28;9978;3;10000;4;10001;12;10004;11;9991.5;0.0
14;49200;INTARIAN_PEPPER_ROOT;27035;11;;;;;27047;8;;;;;27041.0;0.0
14;49300;ASH_COATED_OSMIUM;9981;12;9980;11;9978;15;10000;12;10003;28;10005;12;9991.0;0.0
14;49300;INTARIAN_PEPPER_ROOT;27043;17;;;;;27056;10;;;;;27049.5;0.0
14;49400;ASH_COATED_OSMIUM;9982;14;9980;13;;;10000;11;10003;14;;;9991.0;0.0
14;49400;INTARIAN_PEPPER_ROOT;27039;12;27036;11;;;27052;11;27054;8;;;27045.5;0.0
14;49500;ASH_COATED_OSMIUM;9981;11;9978;10;9975;14;10000;14;10002;14;10004;14;9990.5;0.0
14;49500;INTARIAN_PEPPER_ROOT;27044;9;;;;;27059;9;;;;;27051.5;0.0
14;49600;ASH_COATED_OSMIUM;9986;15;9984;12;9981;12;10005;15;10008;10;10010;11;9996.0;0.0
14;49600;INTARIAN_PEPPER_ROOT;27046;12;;;;;27058;10;;;;;27052.0;0.0
14;49700;ASH_COATED_OSMIUM;9987;15;9984;15;;;10006;12;10009;11;;;9996.5;0.0
14;49700;INTARIAN_PEPPER_ROOT;27045;22;;;;;27056;22;;;;;27051.0;0.0
14;49800;ASH_COATED_OSMIUM;9983;13;9980;11;;;9999;14;10000;13;;;9991.0;0.0
14;49800;INTARIAN_PEPPER_ROOT;27041;8;27040;25;27037;11;27054;9;27057;19;27059;9;27047.5;0.0
14;49900;ASH_COATED_OSMIUM;9981;11;9979;13;9977;11;10000;12;10003;14;10005;12;9991.0;0.0
14;49900;INTARIAN_PEPPER_ROOT;27043;11;;;;;27061;11;;;;;27052.5;0.0
14;50000;ASH_COATED_OSMIUM;9983;14;9980;15;9977;12;9999;10;10001;12;10003;14;9991.0;0.0
14;50000;INTARIAN_PEPPER_ROOT;27042;10;;;;;27055;17;;;;;27048.5;0.0
14;50100;ASH_COATED_OSMIUM;9983;12;9981;12;;;9999;12;10001;30;;;9991.0;0.0
14;50100;INTARIAN_PEPPER_ROOT;27044;8;;;;;27057;9;;;;;27050.5;0.0
14;50200;ASH_COATED_OSMIUM;9983;13;9982;13;;;9999;12;10000;24;;;9991.0;0.0
14;50200;INTARIAN_PEPPER_ROOT;27047;6;27044;9;27041;11;27059;12;27061;10;27064;10;27053.0;0.0
14;50300;ASH_COATED_OSMIUM;9988;13;;;;;10004;10;;;;;9996.5;0.0
14;50300;INTARIAN_PEPPER_ROOT;27043;24;27041;12;;;27057;19;27058;11;;;27050.5;0.0
14;50400;ASH_COATED_OSMIUM;9989;10;9987;14;9985;12;10005;12;10008;13;10010;26;9997.0;0.0
14;50400;INTARIAN_PEPPER_ROOT;27046;9;27045;15;27042;11;27058;8;27061;12;27064;10;27052.5;0.0
14;50500;ASH_COATED_OSMIUM;9987;12;9986;15;;;10006;14;10007;6;;;9997.0;0.0
14;50500;INTARIAN_PEPPER_ROOT;27043;25;27042;10;27041;9;27056;12;27057;8;27059;9;27050.0;0.0
14;50600;ASH_COATED_OSMIUM;9983;10;;;;;10001;14;;;;;9992.0;0.0
14;50600;INTARIAN_PEPPER_ROOT;27042;12;27040;11;27038;9;27054;12;27055;12;27057;9;27048.0;0.0
14;50700;ASH_COATED_OSMIUM;9984;13;9981;10;;;10000;11;10003;10;;;9992.5;0.0
14;50700;INTARIAN_PEPPER_ROOT;27051;11;27048;9;27047;9;27054;12;27056;9;27059;10;27052.5;0.0
14;50800;ASH_COATED_OSMIUM;9988;14;;;;;10006;10;;;;;9997.5;0.0
14;50800;INTARIAN_PEPPER_ROOT;27040;9;;;;;27052;9;;;;;27046.0;0.0
14;50900;ASH_COATED_OSMIUM;9989;11;9988;10;;;10005;14;10006;14;;;9997.0;0.0
14;50900;INTARIAN_PEPPER_ROOT;27050;12;27047;9;;;27063;9;27064;24;;;27057.0;0.0
14;51000;ASH_COATED_OSMIUM;9989;27;9986;23;;;10005;11;10007;14;;;9997.5;0.0
14;51000;INTARIAN_PEPPER_ROOT;27045;9;27044;12;;;27060;11;27061;10;;;27052.5;0.0
14;51100;ASH_COATED_OSMIUM;9988;10;9985;2;;;10004;14;10006;15;;;9996.0;0.0
14;51100;INTARIAN_PEPPER_ROOT;27043;10;27040;9;27037;10;27057;18;27059;9;27060;19;27050.0;0.0
14;51200;ASH_COATED_OSMIUM;9982;14;9980;29;;;9998;10;9999;11;;;9990.5;0.0
14;51200;INTARIAN_PEPPER_ROOT;27044;8;;;;;27057;20;;;;;27051.0;0.0
14;51300;ASH_COATED_OSMIUM;9981;15;9979;10;;;10000;15;10002;10;;;9990.5;0.0
14;51300;INTARIAN_PEPPER_ROOT;27046;10;27045;16;;;27060;24;27061;11;;;27053.5;0.0
14;51400;ASH_COATED_OSMIUM;9986;11;9983;15;;;10005;14;10007;10;;;9996.0;0.0
14;51400;INTARIAN_PEPPER_ROOT;27046;11;;;;;27059;12;;;;;27052.5;0.0
14;51500;ASH_COATED_OSMIUM;9985;26;;;;;10006;12;;;;;9996.0;0.0
14;51500;INTARIAN_PEPPER_ROOT;27047;9;27044;6;27042;8;27056;8;27059;10;27061;17;27051.5;0.0
14;51600;ASH_COATED_OSMIUM;9988;13;;;;;10004;10;;;;;9996.0;0.0
14;51600;INTARIAN_PEPPER_ROOT;27042;9;27040;9;;;27058;24;27061;11;;;27050.0;0.0
14;51700;ASH_COATED_OSMIUM;9983;10;;;;;9999;15;;;;;9991.0;0.0
14;51700;INTARIAN_PEPPER_ROOT;27046;12;;;;;27059;10;;;;;27052.5;0.0
14;51800;ASH_COATED_OSMIUM;9987;13;;;;;10006;27;;;;;9996.5;0.0
14;51800;INTARIAN_PEPPER_ROOT;27047;12;27045;9;27042;10;27063;12;27065;12;27068;10;27055.5;0.0
14;51900;ASH_COATED_OSMIUM;9983;28;9982;11;;;9999;15;10002;12;;;9991.0;0.0
14;51900;INTARIAN_PEPPER_ROOT;27045;8;;;;;27057;11;;;;;27051.5;0.0
14;52000;ASH_COATED_OSMIUM;9988;14;;;;;10004;11;;;;;9996.0;0.0
14;52000;INTARIAN_PEPPER_ROOT;27046;11;27044;9;27043;11;27059;12;27062;11;27063;10;27053.0;0.0
14;52100;ASH_COATED_OSMIUM;9986;25;9985;10;;;10005;10;10007;14;;;9996.0;0.0
14;52100;INTARIAN_PEPPER_ROOT;27040;8;;;;;27053;8;;;;;27047.0;0.0
14;52200;ASH_COATED_OSMIUM;9986;11;;;;;10007;13;;;;;9996.5;0.0
14;52200;INTARIAN_PEPPER_ROOT;27046;11;27043;8;27040;11;27057;10;27059;11;27060;11;27052.0;0.0
14;52300;ASH_COATED_OSMIUM;9983;12;9981;12;9980;2;9999;11;10000;24;10002;11;9991.0;0.0
14;52300;INTARIAN_PEPPER_ROOT;27045;12;27044;5;;;27059;23;27061;9;;;27052.0;0.0
14;52400;ASH_COATED_OSMIUM;9988;27;9986;10;9983;24;10004;12;10005;15;10007;10;9996.0;0.0
14;52400;INTARIAN_PEPPER_ROOT;27044;15;27042;9;;;27060;9;27062;9;;;27052.5;0.0
14;52500;ASH_COATED_OSMIUM;9987;15;9985;13;;;10003;22;10005;14;;;9995.0;0.0
14;52500;INTARIAN_PEPPER_ROOT;27047;8;27044;11;27042;8;27062;12;27064;8;27066;9;27054.5;0.0
14;52600;ASH_COATED_OSMIUM;9986;15;9985;10;;;10005;10;10007;15;;;9995.5;0.0
14;52600;INTARIAN_PEPPER_ROOT;27047;11;27044;10;;;27060;20;27062;11;;;27053.5;0.0
14;52700;ASH_COATED_OSMIUM;9982;10;9981;14;;;9998;14;10000;14;;;9990.0;0.0
14;52700;INTARIAN_PEPPER_ROOT;27052;8;27050;9;;;27065;18;27066;12;;;27059.0;0.0
14;52800;ASH_COATED_OSMIUM;9988;12;;;;;10004;23;;;;;9996.0;0.0
14;52800;INTARIAN_PEPPER_ROOT;27046;10;;;;;27061;9;;;;;27054.0;0.0
14;52900;ASH_COATED_OSMIUM;9991;12;9989;27;;;10001;11;10002;27;;;9996.0;0.0
14;52900;INTARIAN_PEPPER_ROOT;27046;11;27043;10;27040;11;27062;11;27065;21;27066;8;27054.0;0.0
14;53000;ASH_COATED_OSMIUM;9983;15;9982;15;;;9999;10;10000;10;;;9991.0;0.0
14;53000;INTARIAN_PEPPER_ROOT;27047;10;27044;24;;;27059;11;27062;12;;;27053.5;0.0
14;53100;ASH_COATED_OSMIUM;9982;14;9981;14;;;9998;13;9999;14;;;9990.5;0.0
14;53100;INTARIAN_PEPPER_ROOT;27044;8;27041;10;;;27055;8;27058;8;;;27050.0;0.0
14;53200;ASH_COATED_OSMIUM;9988;11;9987;24;;;10004;15;10005;15;;;9996.0;0.0
14;53200;INTARIAN_PEPPER_ROOT;27046;12;;;;;27065;12;;;;;27055.5;0.0
14;53300;ASH_COATED_OSMIUM;9984;20;9981;12;9978;13;10000;13;10001;14;10003;13;9992.5;0.0
14;53300;INTARIAN_PEPPER_ROOT;27046;22;;;;;27058;10;;;;;27052.5;0.0
14;53400;ASH_COATED_OSMIUM;9990;11;9988;30;;;10006;30;10007;11;;;9998.0;0.0
14;53400;INTARIAN_PEPPER_ROOT;27045;11;27044;8;;;27058;11;27059;9;;;27051.5;0.0
14;53500;ASH_COATED_OSMIUM;9989;14;;;;;10007;10;;;;;9998.0;0.0
14;53500;INTARIAN_PEPPER_ROOT;27045;22;27043;12;;;27060;23;27063;8;;;27052.5;0.0
14;53600;ASH_COATED_OSMIUM;9989;12;;;;;10008;11;;;;;9999.0;0.0
14;53600;INTARIAN_PEPPER_ROOT;27044;11;27041;8;;;27057;12;27060;11;;;27050.5;0.0
14;53700;ASH_COATED_OSMIUM;9985;14;9983;10;;;10001;15;10004;24;;;9993.5;0.0
14;53700;INTARIAN_PEPPER_ROOT;27045;9;;;;;27058;23;;;;;27052.0;0.0
14;53800;ASH_COATED_OSMIUM;9990;14;9988;28;;;10006;12;10007;11;;;9998.5;0.0
14;53800;INTARIAN_PEPPER_ROOT;27048;12;27047;17;27044;20;27061;24;27062;11;27064;9;27055.0;0.0
14;53900;ASH_COATED_OSMIUM;9988;12;9985;13;9984;13;9997;15;9998;11;9999;10;9993.0;0.0
14;53900;INTARIAN_PEPPER_ROOT;27043;25;27041;19;;;27057;12;27059;22;;;27050.5;0.0
14;54000;ASH_COATED_OSMIUM;9988;15;;;;;10007;15;;;;;9998.0;0.0
14;54000;INTARIAN_PEPPER_ROOT;27051;12;27050;12;;;27063;12;27064;10;;;27057.5;0.0
14;54100;ASH_COATED_OSMIUM;9989;15;;;;;10007;15;;;;;9998.0;0.0
14;54100;INTARIAN_PEPPER_ROOT;27049;8;27048;8;;;27062;5;27064;11;;;27055.5;0.0
14;54200;ASH_COATED_OSMIUM;9988;15;9986;11;9984;15;10009;10;10010;13;10011;13;9998.5;0.0
14;54200;INTARIAN_PEPPER_ROOT;27046;8;27044;11;27042;11;27061;10;27064;11;27066;18;27054.0;0.0
14;54300;ASH_COATED_OSMIUM;9990;11;9988;13;;;10006;12;10009;10;;;9998.5;0.0
14;54300;INTARIAN_PEPPER_ROOT;27045;8;27044;11;;;27064;12;27067;9;;;27055.0;0.0
14;54400;ASH_COATED_OSMIUM;9994;13;9991;14;9989;12;10004;28;10006;11;10007;14;9999.0;0.0
14;54400;INTARIAN_PEPPER_ROOT;27047;11;27045;9;;;27061;12;27062;8;;;27054.5;0.0
14;54500;ASH_COATED_OSMIUM;9985;13;9982;13;;;10001;13;10004;12;;;9993.5;0.0
14;54500;INTARIAN_PEPPER_ROOT;27047;12;27045;8;;;27060;9;27062;10;;;27054.0;0.0
14;54600;ASH_COATED_OSMIUM;9990;11;9988;4;;;10006;11;10009;15;;;9998.5;0.0
14;54600;INTARIAN_PEPPER_ROOT;27049;11;27048;8;;;27060;9;27061;21;;;27054.5;0.0
14;54700;ASH_COATED_OSMIUM;9989;10;;;;;9998;13;;;;;9993.5;0.0
14;54700;INTARIAN_PEPPER_ROOT;27048;9;27045;6;27044;9;27062;8;27065;11;27067;11;27055.0;0.0
14;54800;ASH_COATED_OSMIUM;9990;11;;;;;10006;13;;;;;9998.5;0.0
14;54800;INTARIAN_PEPPER_ROOT;27050;11;;;;;27067;21;;;;;27059.0;0.0
14;54900;ASH_COATED_OSMIUM;9984;14;9981;14;;;10002;12;10003;10;;;9993.5;0.0
14;54900;INTARIAN_PEPPER_ROOT;27047;12;;;;;27059;11;;;;;27053.0;0.0
14;55000;ASH_COATED_OSMIUM;9990;14;9989;13;;;10006;10;10009;3;;;9998.5;0.0
14;55000;INTARIAN_PEPPER_ROOT;27049;8;;;;;27063;12;;;;;27056.5;0.0
14;55100;ASH_COATED_OSMIUM;9989;15;9988;26;;;10007;11;10009;13;;;9998.5;0.0
14;55100;INTARIAN_PEPPER_ROOT;27047;11;27044;9;;;27062;12;27064;8;;;27055.0;0.0
14;55200;ASH_COATED_OSMIUM;9985;15;;;;;10001;13;;;;;9993.5;0.0
14;55200;INTARIAN_PEPPER_ROOT;27048;9;27045;10;;;27060;11;27061;8;;;27054.5;0.0
14;55300;ASH_COATED_OSMIUM;9985;30;;;;;10001;25;;;;;9993.5;0.0
14;55300;INTARIAN_PEPPER_ROOT;27050;10;27047;8;27046;9;27061;8;27063;9;27065;9;27056.0;0.0
14;55400;ASH_COATED_OSMIUM;9986;25;9985;11;;;10002;15;10004;2;;;9994.5;0.0
14;55400;INTARIAN_PEPPER_ROOT;27050;9;;;;;27061;12;;;;;27055.5;0.0
14;55500;ASH_COATED_OSMIUM;9987;25;9984;14;;;10003;21;10004;15;;;9995.0;0.0
14;55500;INTARIAN_PEPPER_ROOT;27052;9;27050;12;;;27064;10;27065;11;;;27058.5;0.0
14;55600;ASH_COATED_OSMIUM;9992;12;9989;10;;;10008;14;10009;12;;;10000.5;0.0
14;55600;INTARIAN_PEPPER_ROOT;27044;9;;;;;27064;8;;;;;27054.5;0.0
14;55700;ASH_COATED_OSMIUM;9987;15;9986;15;9983;15;10003;13;10004;5;10007;15;9995.0;0.0
14;55700;INTARIAN_PEPPER_ROOT;27055;11;;;;;27068;8;;;;;27062.0;0.0
14;55800;ASH_COATED_OSMIUM;9992;15;;;;;10008;11;;;;;10000.5;0.0
14;55800;INTARIAN_PEPPER_ROOT;27047;10;27046;18;27043;11;27060;20;27062;8;27064;16;27053.5;0.0
14;55900;ASH_COATED_OSMIUM;9992;10;9991;11;;;10010;11;10013;13;;;10001.0;0.0
14;55900;INTARIAN_PEPPER_ROOT;27050;10;27049;12;27046;10;27063;12;27065;8;27068;9;27056.5;0.0
14;56000;ASH_COATED_OSMIUM;9987;10;;;;;10003;11;;;;;9995.5;0.0
14;56000;INTARIAN_PEPPER_ROOT;27049;9;27048;8;;;27062;10;27065;12;;;27056.0;0.0
14;56100;ASH_COATED_OSMIUM;9996;12;9994;13;9992;22;10003;12;10004;14;10005;12;10000.0;0.0
14;56100;INTARIAN_PEPPER_ROOT;27051;8;;;;;27062;19;;;;;27056.5;0.0
14;56200;ASH_COATED_OSMIUM;9990;15;9989;21;9986;15;10009;8;10012;12;10013;14;9999.5;0.0
14;56200;INTARIAN_PEPPER_ROOT;27050;8;27047;10;;;27063;9;27065;9;;;27056.5;0.0
14;56300;ASH_COATED_OSMIUM;9985;12;9984;11;;;10004;14;10005;11;;;9994.5;0.0
14;56300;INTARIAN_PEPPER_ROOT;27051;11;27048;10;27047;10;27064;9;27065;5;27068;19;27058.0;0.0
14;56400;ASH_COATED_OSMIUM;9988;28;9987;14;9986;13;9998;10;10001;29;10002;12;9993.5;0.0
14;56400;INTARIAN_PEPPER_ROOT;27052;12;27049;12;27048;18;27063;9;27066;12;27068;11;27057.5;0.0
14;56500;ASH_COATED_OSMIUM;9991;15;9990;11;;;10007;4;10008;10;;;9999.0;0.0
14;56500;INTARIAN_PEPPER_ROOT;27058;12;27057;10;27054;8;27069;17;27070;11;27072;9;27063.5;0.0
14;56600;ASH_COATED_OSMIUM;9991;13;;;;;10007;11;;;;;9999.0;0.0
14;56600;INTARIAN_PEPPER_ROOT;27051;8;27050;12;;;27065;9;27068;11;;;27058.5;0.0
14;56700;ASH_COATED_OSMIUM;9984;11;9982;11;9980;12;10003;10;10004;11;10006;27;9993.5;0.0
14;56700;INTARIAN_PEPPER_ROOT;27046;11;27043;11;;;27057;8;27059;9;;;27051.5;0.0
14;56800;ASH_COATED_OSMIUM;9984;12;9983;14;9980;28;10003;11;10005;11;10007;13;9993.5;0.0
14;56800;INTARIAN_PEPPER_ROOT;27048;12;27047;9;27045;9;27062;12;27063;12;27064;9;27055.5;0.0
14;56900;ASH_COATED_OSMIUM;9991;12;9989;10;;;10007;22;10010;15;;;9999.0;0.0
14;56900;INTARIAN_PEPPER_ROOT;27050;12;;;;;27062;12;;;;;27056.5;0.0
14;57000;ASH_COATED_OSMIUM;9986;12;9984;11;;;10002;14;10003;21;;;9994.0;0.0
14;57000;INTARIAN_PEPPER_ROOT;27047;8;;;;;27059;11;;;;;27053.5;0.0
14;57100;ASH_COATED_OSMIUM;9983;15;9982;10;9981;10;10004;14;10005;12;10006;15;9993.5;0.0
14;57100;INTARIAN_PEPPER_ROOT;27051;8;27050;12;27049;3;27067;11;27069;8;27072;11;27059.0;0.0
14;57200;ASH_COATED_OSMIUM;9985;10;;;;;10001;24;;;;;9993.5;0.0
14;57200;INTARIAN_PEPPER_ROOT;27051;10;;;;;27065;8;;;;;27058.5;0.0
14;57300;ASH_COATED_OSMIUM;9990;27;9988;14;;;10006;14;10007;13;;;9998.5;0.0
14;57300;INTARIAN_PEPPER_ROOT;27050;12;27049;10;27046;12;27064;6;27066;9;27067;16;27057.0;0.0
14;57400;ASH_COATED_OSMIUM;9985;13;9983;15;;;10001;30;10002;12;;;9993.5;0.0
14;57400;INTARIAN_PEPPER_ROOT;27051;11;;;;;27063;9;;;;;27057.0;0.0
14;57500;ASH_COATED_OSMIUM;9991;13;9989;13;9988;11;10007;25;10010;20;10013;30;9999.0;0.0
14;57500;INTARIAN_PEPPER_ROOT;27050;9;27048;22;;;27063;24;27066;8;;;27057.0;0.0
14;57600;ASH_COATED_OSMIUM;9985;30;;;;;10001;10;;;;;9993.5;0.0
14;57600;INTARIAN_PEPPER_ROOT;27050;19;27048;8;27046;8;27064;10;27066;10;27069;11;27057.5;0.0
14;57700;ASH_COATED_OSMIUM;9986;12;;;;;10002;14;;;;;9994.0;0.0
14;57700;INTARIAN_PEPPER_ROOT;27052;11;27051;12;;;27064;8;27067;15;;;27058.0;0.0
14;57800;ASH_COATED_OSMIUM;9985;28;;;;;10003;11;;;;;9994.0;0.0
14;57800;INTARIAN_PEPPER_ROOT;27052;22;27051;9;;;27066;15;27067;9;;;27059.0;0.0
14;57900;ASH_COATED_OSMIUM;9985;10;;;;;10001;10;;;;;9993.5;0.0
14;57900;INTARIAN_PEPPER_ROOT;27055;10;;;;;27066;12;;;;;27061.0;0.0
14;58000;ASH_COATED_OSMIUM;9990;22;9989;15;9987;13;10006;10;10008;14;10011;13;9998.5;0.0
14;58000;INTARIAN_PEPPER_ROOT;27049;8;27046;12;;;27062;9;27064;16;;;27055.5;0.0
14;58100;ASH_COATED_OSMIUM;9990;15;9989;20;9988;12;10006;11;10008;11;10009;12;9998.5;0.0
14;58100;INTARIAN_PEPPER_ROOT;27053;12;27051;9;27050;12;27066;9;27068;8;27069;8;27059.5;0.0
14;58200;ASH_COATED_OSMIUM;9989;13;9987;10;;;10008;12;10009;15;;;9998.5;0.0
14;58200;INTARIAN_PEPPER_ROOT;27048;11;27046;25;;;27063;8;27066;12;;;27056.0;0.0
14;58300;ASH_COATED_OSMIUM;9991;30;9990;12;;;10007;23;10008;12;;;9999.5;0.0
14;58300;INTARIAN_PEPPER_ROOT;27051;9;27048;8;;;27063;9;27066;11;;;27057.5;0.0
14;58400;ASH_COATED_OSMIUM;9990;15;;;;;10009;10;;;;;10000.0;0.0
14;58400;INTARIAN_PEPPER_ROOT;27056;12;27055;20;27052;11;27067;12;27069;21;27070;12;27061.5;0.0
14;58500;ASH_COATED_OSMIUM;9995;14;9994;23;;;10005;15;10007;13;;;10000.0;0.0
14;58500;INTARIAN_PEPPER_ROOT;27051;6;27050;10;;;27065;11;27067;9;;;27058.0;0.0
14;58600;ASH_COATED_OSMIUM;9987;15;9985;14;;;10003;13;10004;12;;;9995.0;0.0
14;58600;INTARIAN_PEPPER_ROOT;27052;9;27050;15;;;27066;12;27068;9;;;27059.0;0.0
14;58700;ASH_COATED_OSMIUM;9987;13;9984;13;;;10003;13;10005;14;;;9995.0;0.0
14;58700;INTARIAN_PEPPER_ROOT;27053;10;;;;;27068;12;;;;;27060.5;0.0
14;58800;ASH_COATED_OSMIUM;9986;12;9983;11;;;10002;12;10005;12;;;9994.5;0.0
14;58800;INTARIAN_PEPPER_ROOT;27053;10;;;;;27066;11;;;;;27059.5;0.0
14;58900;ASH_COATED_OSMIUM;9992;14;;;;;10008;13;;;;;10000.0;0.0
14;58900;INTARIAN_PEPPER_ROOT;27052;11;;;;;27063;9;;;;;27057.5;0.0
14;59000;ASH_COATED_OSMIUM;9991;12;9990;24;;;10009;14;10010;4;;;10000.0;0.0
14;59000;INTARIAN_PEPPER_ROOT;27054;9;27051;20;27048;12;27068;10;27069;12;27072;8;27061.5;0.0
14;59100;ASH_COATED_OSMIUM;9995;5;9992;12;;;10005;10;10008;15;;;10000.0;0.0
14;59100;INTARIAN_PEPPER_ROOT;27050;8;27048;12;27046;12;27067;11;27069;21;27072;10;27059.0;0.0
14;59200;ASH_COATED_OSMIUM;9992;10;9989;10;;;10008;24;10010;28;;;10000.0;0.0
14;59200;INTARIAN_PEPPER_ROOT;27048;9;;;;;27065;10;;;;;27056.5;0.0
14;59300;ASH_COATED_OSMIUM;9996;12;9993;14;9991;5;10003;13;10005;13;10008;13;10000.0;0.0
14;59300;INTARIAN_PEPPER_ROOT;27056;5;27055;10;;;27069;9;27070;8;;;27062.5;0.0
14;59400;ASH_COATED_OSMIUM;9987;12;;;;;10003;13;;;;;9995.0;0.0
14;59400;INTARIAN_PEPPER_ROOT;27053;12;;;;;27064;24;;;;;27058.5;0.0
14;59500;ASH_COATED_OSMIUM;9987;15;;;;;10003;10;;;;;9995.0;0.0
14;59500;INTARIAN_PEPPER_ROOT;27051;21;;;;;27064;8;;;;;27058.0;0.0
14;59600;ASH_COATED_OSMIUM;9987;10;9985;13;9982;13;10003;13;10006;15;10007;12;9995.0;0.0
14;59600;INTARIAN_PEPPER_ROOT;27055;11;27053;10;;;27068;9;27071;11;;;27061.5;0.0
14;59700;ASH_COATED_OSMIUM;9987;26;9986;14;;;10003;14;10004;11;;;9995.0;0.0
14;59700;INTARIAN_PEPPER_ROOT;27056;12;27053;8;;;27067;9;27068;12;;;27061.5;0.0
14;59800;ASH_COATED_OSMIUM;9990;12;9987;13;;;10001;28;10003;28;;;9995.5;0.0
14;59800;INTARIAN_PEPPER_ROOT;27056;8;;;;;27069;9;;;;;27062.5;0.0
14;59900;ASH_COATED_OSMIUM;9993;10;;;;;10009;14;;;;;10001.0;0.0
14;59900;INTARIAN_PEPPER_ROOT;27060;9;27058;10;27055;12;27071;10;27074;11;27075;8;27065.5;0.0
14;60000;ASH_COATED_OSMIUM;9987;15;;;;;10003;10;;;;;9995.5;0.0
14;60000;INTARIAN_PEPPER_ROOT;27054;15;;;;;27070;10;;;;;27062.5;0.0
14;60100;ASH_COATED_OSMIUM;9987;14;;;;;10003;9;;;;;9995.5;0.0
14;60100;INTARIAN_PEPPER_ROOT;27055;11;;;;;27067;8;;;;;27061.0;0.0
14;60200;ASH_COATED_OSMIUM;9989;14;9988;15;9987;11;10010;14;10011;14;10013;10;10000.0;0.0
14;60200;INTARIAN_PEPPER_ROOT;27052;11;27049;12;;;27064;11;27065;8;;;27058.5;0.0
14;60300;ASH_COATED_OSMIUM;9987;10;9984;10;;;10003;12;10004;15;;;9995.0;0.0
14;60300;INTARIAN_PEPPER_ROOT;27052;11;27051;8;27049;9;27065;8;27066;21;27068;10;27059.0;0.0
14;60400;ASH_COATED_OSMIUM;9986;10;;;;;10002;21;;;;;9994.5;0.0
14;60400;INTARIAN_PEPPER_ROOT;27057;12;;;;;27061;10;;;;;27059.5;0.0
14;60500;ASH_COATED_OSMIUM;9995;14;;;;;10005;13;;;;;10000.0;0.0
14;60500;INTARIAN_PEPPER_ROOT;27057;10;27055;18;27054;20;27066;8;27067;8;27070;8;27061.5;0.0
14;60600;ASH_COATED_OSMIUM;9989;11;;;;;10010;12;;;;;9999.5;0.0
14;60600;INTARIAN_PEPPER_ROOT;27051;9;;;;;27062;12;;;;;27057.0;0.0
14;60700;ASH_COATED_OSMIUM;9992;20;;;;;10008;11;;;;;10000.0;0.0
14;60700;INTARIAN_PEPPER_ROOT;27047;8;27044;23;;;27064;22;27065;12;;;27056.0;0.0
14;60800;ASH_COATED_OSMIUM;9991;11;;;;;10007;12;;;;;9999.5;0.0
14;60800;INTARIAN_PEPPER_ROOT;27047;10;;;;;27060;11;;;;;27053.5;0.0
14;60900;ASH_COATED_OSMIUM;9986;14;9984;10;9982;15;10002;11;10004;15;10005;15;9994.5;0.0
14;60900;INTARIAN_PEPPER_ROOT;27055;11;;;;;27066;10;;;;;27061.0;0.0
14;61000;ASH_COATED_OSMIUM;9990;10;;;;;10008;13;;;;;9999.5;0.0
14;61000;INTARIAN_PEPPER_ROOT;27059;12;27056;9;;;27073;8;27074;10;;;27066.0;0.0
14;61100;ASH_COATED_OSMIUM;9986;12;9985;15;9982;14;10002;15;10003;12;10004;13;9994.5;0.0
14;61100;INTARIAN_PEPPER_ROOT;27054;11;;;;;27068;12;;;;;27061.0;0.0
14;61200;ASH_COATED_OSMIUM;9986;13;9983;14;;;10002;15;10003;10;;;9994.5;0.0
14;61200;INTARIAN_PEPPER_ROOT;27050;10;27047;9;;;27062;11;27065;10;;;27056.5;0.0
14;61300;ASH_COATED_OSMIUM;9991;15;;;;;10009;10;;;;;10000.0;0.0
14;61300;INTARIAN_PEPPER_ROOT;27053;9;;;;;27065;11;;;;;27059.5;0.0
14;61400;ASH_COATED_OSMIUM;9987;14;;;;;10003;14;;;;;9995.0;0.0
14;61400;INTARIAN_PEPPER_ROOT;27057;8;;;;;27073;16;;;;;27065.5;0.0
14;61500;ASH_COATED_OSMIUM;9992;14;9991;11;;;10008;15;10011;15;;;10000.5;0.0
14;61500;INTARIAN_PEPPER_ROOT;27053;12;27050;25;;;27067;9;27069;9;;;27060.5;0.0
14;61600;ASH_COATED_OSMIUM;9987;14;9985;13;9983;24;10003;13;10006;22;10008;14;9995.5;0.0
14;61600;INTARIAN_PEPPER_ROOT;27054;11;27052;10;;;27070;12;27073;12;;;27062.0;0.0
14;61700;ASH_COATED_OSMIUM;9987;27;9985;10;9984;12;10003;10;10006;11;10009;20;9995.5;0.0
14;61700;INTARIAN_PEPPER_ROOT;27054;8;;;;;27067;12;;;;;27061.0;0.0
14;61800;ASH_COATED_OSMIUM;9987;13;;;;;10003;26;;;;;9995.0;0.0
14;61800;INTARIAN_PEPPER_ROOT;27054;8;;;;;27067;10;;;;;27061.0;0.0
14;61900;ASH_COATED_OSMIUM;9986;14;9983;14;;;10004;15;10007;11;;;9995.0;0.0
14;61900;INTARIAN_PEPPER_ROOT;27056;10;27053;23;;;27068;12;27071;8;;;27062.5;0.0
14;62000;ASH_COATED_OSMIUM;9991;13;;;;;10007;12;;;;;9999.5;0.0
14;62000;INTARIAN_PEPPER_ROOT;27055;12;;;;;27068;9;;;;;27061.5;0.0
14;62100;ASH_COATED_OSMIUM;9983;10;9981;14;;;10004;27;10007;10;;;9994.0;0.0
14;62100;INTARIAN_PEPPER_ROOT;27057;8;;;;;27074;21;;;;;27065.5;0.0
14;62200;ASH_COATED_OSMIUM;9985;10;9984;14;;;10001;20;10004;10;;;9993.5;0.0
14;62200;INTARIAN_PEPPER_ROOT;27057;8;27054;22;;;27070;19;27071;9;;;27064.0;0.0
14;62300;ASH_COATED_OSMIUM;9991;14;;;;;10007;10;;;;;9999.0;0.0
14;62300;INTARIAN_PEPPER_ROOT;27056;11;;;;;27070;12;;;;;27063.5;0.0
14;62400;ASH_COATED_OSMIUM;9986;13;9984;11;;;10002;14;10004;12;;;9994.0;0.0
14;62400;INTARIAN_PEPPER_ROOT;27053;9;27050;11;;;27065;11;27067;12;;;27059.5;0.0
14;62500;ASH_COATED_OSMIUM;9990;12;9987;22;;;10008;11;10011;10;;;9999.0;0.0
14;62500;INTARIAN_PEPPER_ROOT;27055;11;27052;15;;;27067;8;27070;12;;;27061.0;0.0
14;62600;ASH_COATED_OSMIUM;9988;13;;;;;10009;14;;;;;9999.0;0.0
14;62600;INTARIAN_PEPPER_ROOT;27059;25;27057;11;;;27070;7;27073;23;;;27065.0;0.0
14;62700;ASH_COATED_OSMIUM;9986;15;;;;;10002;5;;;;;9994.0;0.0
14;62700;INTARIAN_PEPPER_ROOT;27056;18;;;;;27067;9;;;;;27062.0;0.0
14;62800;ASH_COATED_OSMIUM;9985;14;9983;15;;;10001;10;10002;11;;;9993.5;0.0
14;62800;INTARIAN_PEPPER_ROOT;27062;11;27060;11;;;27075;10;27077;9;;;27068.5;0.0
14;62900;ASH_COATED_OSMIUM;9989;24;9986;15;9983;15;10007;12;10008;12;10009;12;9998.5;0.0
14;62900;INTARIAN_PEPPER_ROOT;27054;11;;;;;27067;12;;;;;27060.5;0.0
14;63000;ASH_COATED_OSMIUM;9990;14;9989;14;9986;12;10006;23;10009;21;10012;15;9998.5;0.0
14;63000;INTARIAN_PEPPER_ROOT;27057;11;27054;8;;;27070;12;27071;12;;;27063.5;0.0
14;63100;ASH_COATED_OSMIUM;9985;10;9982;10;;;10001;12;10003;10;;;9993.5;0.0
14;63100;INTARIAN_PEPPER_ROOT;27053;15;;;;;27068;23;;;;;27061.0;0.0
14;63200;ASH_COATED_OSMIUM;9985;15;9984;12;;;10001;12;10004;20;;;9993.0;0.0
14;63200;INTARIAN_PEPPER_ROOT;27051;11;27049;19;27047;8;27066;10;27067;9;27070;10;27058.5;0.0
14;63300;ASH_COATED_OSMIUM;9988;27;9985;5;;;10007;15;10009;23;;;9998.0;0.0
14;63300;INTARIAN_PEPPER_ROOT;27056;22;;;;;27070;11;;;;;27063.5;0.0
14;63400;ASH_COATED_OSMIUM;9986;12;9984;11;;;10002;12;10003;15;;;9994.0;0.0
14;63400;INTARIAN_PEPPER_ROOT;27060;4;;;;;27074;11;;;;;27067.5;0.0
14;63500;ASH_COATED_OSMIUM;9986;26;9984;29;;;10002;14;10003;11;;;9994.0;0.0
14;63500;INTARIAN_PEPPER_ROOT;27055;12;;;;;27069;12;;;;;27062.0;0.0
14;63600;ASH_COATED_OSMIUM;9986;13;9983;13;9980;11;10002;12;10003;13;10005;20;9994.0;0.0
14;63600;INTARIAN_PEPPER_ROOT;27057;10;27056;17;27053;9;27070;11;27071;11;27074;12;27064.0;0.0
14;63700;ASH_COATED_OSMIUM;9991;11;9990;13;;;10007;10;10009;14;;;9999.0;0.0
14;63700;INTARIAN_PEPPER_ROOT;27058;23;27056;12;27053;4;27069;16;27071;9;27074;10;27064.0;0.0
14;63800;ASH_COATED_OSMIUM;9989;12;9986;14;;;9998;13;10001;11;;;9994.0;0.0
14;63800;INTARIAN_PEPPER_ROOT;27056;9;;;;;27067;12;;;;;27061.5;0.0
14;63900;ASH_COATED_OSMIUM;9985;11;9982;11;9981;11;10003;5;10004;14;10006;12;9994.0;0.0
14;63900;INTARIAN_PEPPER_ROOT;27057;8;;;;;27068;8;;;;;27062.5;0.0
14;64000;ASH_COATED_OSMIUM;9986;14;;;;;10002;14;;;;;9994.0;0.0
14;64000;INTARIAN_PEPPER_ROOT;27058;22;27057;17;;;27071;10;27073;9;;;27065.0;0.0
14;64100;ASH_COATED_OSMIUM;9984;14;;;;;10003;27;;;;;9994.0;0.0
14;64100;INTARIAN_PEPPER_ROOT;27056;9;27054;12;;;27069;24;27072;11;;;27063.0;0.0
14;64200;ASH_COATED_OSMIUM;9990;13;9988;15;;;10009;15;10012;27;;;10000.0;0.0
14;64200;INTARIAN_PEPPER_ROOT;27056;8;27055;11;27054;8;27069;10;27071;8;27073;8;27062.5;0.0
14;64300;ASH_COATED_OSMIUM;9985;13;;;;;10003;12;;;;;9994.5;0.0
14;64300;INTARIAN_PEPPER_ROOT;27059;12;27056;9;;;27072;8;27074;12;;;27065.5;0.0
14;64400;ASH_COATED_OSMIUM;9991;10;9988;10;9987;10;10009;15;10011;12;10013;11;10000.0;0.0
14;64400;INTARIAN_PEPPER_ROOT;27060;20;27057;12;;;27072;11;27073;9;;;27066.5;0.0
14;64500;ASH_COATED_OSMIUM;9990;11;;;;;10008;8;;;;;9999.5;0.0
14;64500;INTARIAN_PEPPER_ROOT;27056;24;;;;;27070;9;;;;;27063.0;0.0
14;64600;ASH_COATED_OSMIUM;9990;13;9988;23;;;10009;14;10010;14;;;9999.5;0.0
14;64600;INTARIAN_PEPPER_ROOT;27056;8;;;;;27069;8;;;;;27062.5;0.0
