day;timestamp;product;bid_price_1;bid_volume_1;bid_price_2;bid_volume_2;bid_price_3;bid_volume_3;ask_price_1;ask_volume_1;ask_price_2;ask_volume_2;ask_price_3;ask_volume_3;mid_price;profit_and_loss
2;0;ASH_COATED_OSMIUM;9988;14;;;;;10004;15;;;;;9996.5;0.0
2;0;INTARIAN_PEPPER_ROOT;14992;10;14989;10;;;15006;8;15009;11;;;14999.5;0.0
2;100;ASH_COATED_OSMIUM;9994;12;9992;10;9991;21;10010;11;10011;23;10013;5;10002.0;0.0
2;100;INTARIAN_PEPPER_ROOT;14991;11;14989;12;14988;9;15004;11;15005;9;15006;10;14998.0;0.0
2;200;ASH_COATED_OSMIUM;9993;15;9990;14;;;10009;11;10012;12;;;10001.5;0.0
2;200;INTARIAN_PEPPER_ROOT;14994;9;14993;10;14990;10;15005;11;15008;12;15009;16;15000.0;0.0
2;300;ASH_COATED_OSMIUM;9988;12;9987;10;9986;13;10004;11;10005;25;10006;11;9996.5;0.0
2;300;INTARIAN_PEPPER_ROOT;14993;8;14992;12;14989;11;15007;11;15010;12;15013;24;15000.5;0.0
2;400;ASH_COATED_OSMIUM;9987;30;9985;14;;;10006;11;10008;14;;;9996.5;0.0
2;400;INTARIAN_PEPPER_ROOT;14992;10;14990;11;14987;12;15006;9;15008;9;15010;12;14999.5;0.0
2;500;ASH_COATED_OSMIUM;9987;12;9984;11;;;10006;10;10009;24;;;9997.0;0.0
2;500;INTARIAN_PEPPER_ROOT;14997;8;14996;9;14993;12;15011;10;15014;9;15017;11;15004.0;0.0
2;600;ASH_COATED_OSMIUM;9988;13;9985;14;9983;15;10007;10;10008;20;10011;13;9998.0;0.0
2;600;INTARIAN_PEPPER_ROOT;14991;10;14988;10;;;15005;8;15006;9;;;14998.5;0.0
2;700;ASH_COATED_OSMIUM;9988;15;;;;;10007;15;;;;;9997.5;0.0
2;700;INTARIAN_PEPPER_ROOT;14996;9;;;;;15010;12;;;;;15003.0;0.0
2;800;ASH_COATED_OSMIUM;9995;10;9993;15;;;10011;15;10013;12;;;10003.0;0.0
2;800;INTARIAN_PEPPER_ROOT;14995;9;;;;;15010;9;;;;;15003.0;0.0
2;900;ASH_COATED_OSMIUM;9989;23;9986;14;9984;11;10005;11;10007;21;10010;13;9997.5;0.0
2;900;INTARIAN_PEPPER_ROOT;14994;12;14992;17;14991;9;15007;10;15010;10;15012;8;15000.5;0.0
2;1000;ASH_COATED_OSMIUM;9989;11;;;;;10005;10;;;;;9997.5;0.0
2;1000;INTARIAN_PEPPER_ROOT;14994;17;14992;19;;;15006;9;15009;9;;;15000.5;0.0
2;1100;ASH_COATED_OSMIUM;9991;11;9988;27;;;10001;12;10003;14;;;9996.5;0.0
2;1100;INTARIAN_PEPPER_ROOT;14992;11;14989;9;14987;17;15004;25;15006;3;15009;10;14998.5;0.0
2;1200;ASH_COATED_OSMIUM;9996;11;;;;;10007;12;;;;;10002.0;0.0
2;1200;INTARIAN_PEPPER_ROOT;14995;9;14992;11;;;15010;12;15011;8;;;15003.0;0.0
2;1300;ASH_COATED_OSMIUM;9988;23;;;;;10004;21;;;;;9996.5;0.0
2;1300;INTARIAN_PEPPER_ROOT;14994;11;14991;8;14990;4;15007;11;15009;12;15011;9;15001.0;0.0
2;1400;ASH_COATED_OSMIUM;9994;11;;;;;10010;12;;;;;10002.0;0.0
2;1400;INTARIAN_PEPPER_ROOT;14993;24;14991;8;;;15005;20;15008;11;;;14999.0;0.0
2;1500;ASH_COATED_OSMIUM;9989;15;9987;13;9985;24;10005;13;10007;11;10009;11;9997.0;0.0
2;1500;INTARIAN_PEPPER_ROOT;14993;8;14990;8;14989;9;15005;20;15008;11;15009;11;14999.5;0.0
2;1600;ASH_COATED_OSMIUM;9992;14;9990;14;;;10011;15;10014;13;;;10002.0;0.0
2;1600;INTARIAN_PEPPER_ROOT;14994;8;;;;;15008;12;;;;;15001.5;0.0
2;1700;ASH_COATED_OSMIUM;9988;12;9986;15;;;10004;14;10005;25;;;9996.5;0.0
2;1700;INTARIAN_PEPPER_ROOT;14996;9;;;;;15008;12;;;;;15002.5;0.0
2;1800;ASH_COATED_OSMIUM;9993;25;;;;;10009;14;;;;;10001.5;0.0
2;1800;INTARIAN_PEPPER_ROOT;14990;9;;;;;15005;8;;;;;14997.5;0.0
2;1900;ASH_COATED_OSMIUM;9994;10;;;;;10010;14;;;;;10002.0;0.0
2;1900;INTARIAN_PEPPER_ROOT;14994;10;14992;9;;;15009;7;15012;9;;;15002.0;0.0
2;2000;ASH_COATED_OSMIUM;9993;14;9990;11;9987;12;10009;10;10011;20;10014;26;10001.5;0.0
2;2000;INTARIAN_PEPPER_ROOT;14997;12;14995;12;;;15008;8;15009;9;;;15003.0;0.0
2;2100;ASH_COATED_OSMIUM;9992;12;9990;13;;;10011;12;10012;15;;;10002.0;0.0
2;2100;INTARIAN_PEPPER_ROOT;14994;10;;;;;15010;22;;;;;15002.5;0.0
2;2200;ASH_COATED_OSMIUM;9992;11;9990;13;;;10011;12;10012;15;;;10002.0;0.0
2;2200;INTARIAN_PEPPER_ROOT;14993;8;;;;;15007;8;;;;;15000.5;0.0
2;2300;ASH_COATED_OSMIUM;9987;12;9985;15;9983;11;10005;13;10007;20;10008;12;9996.5;0.0
2;2300;INTARIAN_PEPPER_ROOT;14994;9;14993;11;;;15011;11;15014;9;;;15003.0;0.0
2;2400;ASH_COATED_OSMIUM;9992;30;9990;10;9987;12;10011;20;10012;5;10014;15;10002.0;0.0
2;2400;INTARIAN_PEPPER_ROOT;14994;24;;;;;15008;11;;;;;15001.5;0.0
2;2500;ASH_COATED_OSMIUM;9993;14;9990;25;;;10009;12;10011;13;;;10001.5;0.0
2;2500;INTARIAN_PEPPER_ROOT;14996;10;14993;23;;;15008;8;15011;11;;;15002.5;0.0
2;2600;ASH_COATED_OSMIUM;9989;21;9986;27;9983;13;10005;13;10008;11;10009;13;9997.0;0.0
2;2600;INTARIAN_PEPPER_ROOT;14996;10;14993;22;;;15010;10;15011;9;;;15003.5;0.0
2;2700;ASH_COATED_OSMIUM;9993;14;9990;13;;;10000;24;10001;10;;;9997.0;0.0
2;2700;INTARIAN_PEPPER_ROOT;15000;11;14997;9;14994;11;15014;11;15017;10;15018;12;15007.5;0.0
2;2800;ASH_COATED_OSMIUM;9988;13;9987;14;;;10004;30;10007;15;;;9996.5;0.0
2;2800;INTARIAN_PEPPER_ROOT;14993;11;;;;;15005;10;;;;;14999.5;0.0
2;2900;ASH_COATED_OSMIUM;9994;10;9993;10;;;10010;27;10013;11;;;10002.0;0.0
2;2900;INTARIAN_PEPPER_ROOT;14997;7;14995;8;;;15012;9;15014;11;;;15004.5;0.0
2;3000;ASH_COATED_OSMIUM;9994;12;;;;;10010;13;;;;;10002.0;0.0
2;3000;INTARIAN_PEPPER_ROOT;14993;11;;;;;15005;11;;;;;14999.0;0.0
2;3100;ASH_COATED_OSMIUM;9994;13;9993;14;;;10010;11;10013;10;;;10002.5;0.0
2;3100;INTARIAN_PEPPER_ROOT;14994;9;14991;10;;;15008;8;15009;11;;;15001.5;0.0
2;3200;ASH_COATED_OSMIUM;9989;10;;;;;10005;11;;;;;9997.5;0.0
2;3200;INTARIAN_PEPPER_ROOT;14995;6;14993;10;14992;12;15007;12;15009;18;15010;12;15001.5;0.0
2;3300;ASH_COATED_OSMIUM;9989;12;;;;;10007;13;;;;;9998.0;0.0
2;3300;INTARIAN_PEPPER_ROOT;14998;9;14997;12;;;15012;12;15013;8;;;15005.5;0.0
2;3400;ASH_COATED_OSMIUM;9994;14;;;;;10012;14;;;;;10003.0;0.0
2;3400;INTARIAN_PEPPER_ROOT;14996;11;14994;12;;;15011;9;15013;9;;;15004.0;0.0
2;3500;ASH_COATED_OSMIUM;9995;12;;;;;10011;12;;;;;10003.0;0.0
2;3500;INTARIAN_PEPPER_ROOT;14995;11;;;;;15009;11;;;;;15002.5;0.0
2;3600;ASH_COATED_OSMIUM;9990;29;9989;13;;;10006;10;10008;11;;;9998.0;0.0
2;3600;INTARIAN_PEPPER_ROOT;15005;9;;;;;15009;11;;;;;15007.5;0.0
2;3700;ASH_COATED_OSMIUM;9989;12;;;;;10005;12;;;;;9997.5;0.0
2;3700;INTARIAN_PEPPER_ROOT;15001;16;15000;8;;;15014;4;15017;10;;;15008.0;0.0
2;3800;ASH_COATED_OSMIUM;9993;29;;;;;10002;10;;;;;9998.0;0.0
2;3800;INTARIAN_PEPPER_ROOT;14998;25;14996;12;14994;11;15011;12;15014;10;15016;9;15004.5;0.0
2;3900;ASH_COATED_OSMIUM;9988;15;9987;14;;;10007;11;10010;14;;;9997.5;0.0
2;3900;INTARIAN_PEPPER_ROOT;14994;8;;;;;15007;11;;;;;15001.0;0.0
2;4000;ASH_COATED_OSMIUM;9988;10;;;;;10007;11;;;;;9998.0;0.0
2;4000;INTARIAN_PEPPER_ROOT;14996;12;14995;12;;;15008;10;15009;8;;;15002.0;0.0
2;4100;ASH_COATED_OSMIUM;9989;11;9987;12;;;10007;10;10009;15;;;9998.5;0.0
2;4100;INTARIAN_PEPPER_ROOT;14992;11;14989;11;;;15009;11;15010;10;;;15001.0;0.0
2;4200;ASH_COATED_OSMIUM;9996;14;9995;22;;;10012;14;10014;26;;;10004.0;0.0
2;4200;INTARIAN_PEPPER_ROOT;14998;12;;;;;15009;9;;;;;15004.0;0.0
2;4300;ASH_COATED_OSMIUM;9995;11;;;;;10011;12;;;;;10003.5;0.0
2;4300;INTARIAN_PEPPER_ROOT;15001;8;15000;9;;;15011;11;15012;3;;;15006.0;0.0
2;4400;ASH_COATED_OSMIUM;9995;11;9992;11;;;10011;22;10014;10;;;10003.5;0.0
2;4400;INTARIAN_PEPPER_ROOT;14998;9;14997;11;14996;12;15011;10;15012;8;15013;22;15005.0;0.0
2;4500;ASH_COATED_OSMIUM;9990;15;9987;14;;;10006;15;10007;13;;;9998.0;0.0
2;4500;INTARIAN_PEPPER_ROOT;14994;9;14992;9;;;15011;20;15012;11;;;15003.0;0.0
2;4600;ASH_COATED_OSMIUM;9990;15;9988;12;9986;11;10006;11;10008;10;10010;13;9998.0;0.0
2;4600;INTARIAN_PEPPER_ROOT;14997;10;;;;;15010;10;;;;;15004.0;0.0
2;4700;ASH_COATED_OSMIUM;9990;14;;;;;10006;10;;;;;9998.5;0.0
2;4700;INTARIAN_PEPPER_ROOT;14997;8;14995;20;14994;9;15012;8;15013;8;15016;12;15005.0;0.0
2;4800;ASH_COATED_OSMIUM;9989;10;;;;;10005;30;;;;;9997.5;0.0
2;4800;INTARIAN_PEPPER_ROOT;14994;10;14991;11;;;15010;11;15012;12;;;15002.5;0.0
2;4900;ASH_COATED_OSMIUM;9994;28;;;;;10010;24;;;;;10002.5;0.0
2;4900;INTARIAN_PEPPER_ROOT;14998;9;14995;9;14992;11;15012;9;15013;12;15015;9;15005.0;0.0
2;5000;ASH_COATED_OSMIUM;9990;11;;;;;10006;13;;;;;9998.5;0.0
2;5000;INTARIAN_PEPPER_ROOT;14993;11;14990;16;;;15007;24;15009;9;;;15000.0;0.0
2;5100;ASH_COATED_OSMIUM;9994;15;;;;;10013;11;;;;;10004.0;0.0
2;5100;INTARIAN_PEPPER_ROOT;15004;21;15002;11;;;15007;9;15009;11;;;15005.5;0.0
2;5200;ASH_COATED_OSMIUM;9989;11;;;;;10008;10;;;;;9999.0;0.0
2;5200;INTARIAN_PEPPER_ROOT;14997;8;14994;17;;;15008;9;15009;15;;;15003.0;0.0
2;5300;ASH_COATED_OSMIUM;9990;15;9987;12;;;10006;11;10009;11;;;9998.5;0.0
2;5300;INTARIAN_PEPPER_ROOT;14998;9;;;;;15012;9;;;;;15005.5;0.0
2;5400;ASH_COATED_OSMIUM;9996;13;9995;13;;;10012;13;10013;15;;;10004.0;0.0
2;5400;INTARIAN_PEPPER_ROOT;15000;9;14997;12;14994;12;15011;10;15013;9;15014;8;15006.0;0.0
2;5500;ASH_COATED_OSMIUM;9990;13;;;;;10006;28;;;;;9998.5;0.0
2;5500;INTARIAN_PEPPER_ROOT;14997;12;;;;;15009;19;;;;;15003.5;0.0
2;5600;ASH_COATED_OSMIUM;9996;13;;;;;10012;12;;;;;10004.5;0.0
2;5600;INTARIAN_PEPPER_ROOT;14998;8;14997;8;;;15011;8;15012;8;;;15005.0;0.0
2;5700;ASH_COATED_OSMIUM;9990;10;;;;;10008;12;;;;;9999.0;0.0
2;5700;INTARIAN_PEPPER_ROOT;15001;12;15000;10;14997;12;15015;9;15018;12;15020;8;15008.5;0.0
2;5800;ASH_COATED_OSMIUM;9995;14;;;;;10011;13;;;;;10003.5;0.0
2;5800;INTARIAN_PEPPER_ROOT;15002;12;;;;;15015;12;;;;;15008.5;0.0
2;5900;ASH_COATED_OSMIUM;10000;11;;;;;10006;4;;;;;10003.5;0.0
2;5900;INTARIAN_PEPPER_ROOT;14998;11;14997;11;14996;8;15011;9;15013;10;15016;23;15005.0;0.0
2;6000;ASH_COATED_OSMIUM;9994;13;9993;11;9990;21;10012;11;10013;14;10015;14;10003.5;0.0
2;6000;INTARIAN_PEPPER_ROOT;15000;11;;;;;15012;10;;;;;15006.5;0.0
2;6100;ASH_COATED_OSMIUM;9995;15;9993;15;;;10011;11;10014;15;;;10003.5;0.0
2;6100;INTARIAN_PEPPER_ROOT;15004;21;15001;18;14999;9;15018;11;15021;20;15022;8;15011.5;0.0
2;6200;ASH_COATED_OSMIUM;9990;13;;;;;10006;11;;;;;9998.5;0.0
2;6200;INTARIAN_PEPPER_ROOT;15001;21;14998;12;14995;8;15013;11;15016;11;15017;10;15007.0;0.0
2;6300;ASH_COATED_OSMIUM;9990;21;9989;22;;;10006;14;10007;11;;;9998.0;0.0
2;6300;INTARIAN_PEPPER_ROOT;15003;8;;;;;15017;20;;;;;15010.5;0.0
2;6400;ASH_COATED_OSMIUM;9993;13;9990;10;;;10012;13;10014;10;;;10003.0;0.0
2;6400;INTARIAN_PEPPER_ROOT;15005;12;15004;12;;;15007;8;15008;12;;;15006.5;0.0
2;6500;ASH_COATED_OSMIUM;9999;15;9997;12;9996;14;10008;11;10011;15;10014;12;10004.0;0.0
2;6500;INTARIAN_PEPPER_ROOT;14999;12;;;;;15011;9;;;;;15005.0;0.0
2;6600;ASH_COATED_OSMIUM;9991;13;9988;25;;;10007;12;10010;11;;;9999.5;0.0
2;6600;INTARIAN_PEPPER_ROOT;15001;11;14998;9;14995;11;15014;21;15017;11;15018;9;15008.0;0.0
2;6700;ASH_COATED_OSMIUM;9991;12;9990;13;9988;10;10007;14;10010;13;10011;13;9999.0;0.0
2;6700;INTARIAN_PEPPER_ROOT;14999;12;14998;8;;;15012;11;15015;12;;;15006.0;0.0
2;6800;ASH_COATED_OSMIUM;9991;10;9988;12;9986;28;10007;10;10010;12;10013;10;9999.5;0.0
2;6800;INTARIAN_PEPPER_ROOT;14997;12;14994;9;;;15017;8;15020;9;;;15007.0;0.0
2;6900;ASH_COATED_OSMIUM;9997;29;;;;;10013;13;;;;;10005.0;0.0
2;6900;INTARIAN_PEPPER_ROOT;14999;9;14996;11;;;15015;24;15016;8;;;15007.0;0.0
2;7000;ASH_COATED_OSMIUM;9990;23;9989;11;9987;11;10008;13;10010;15;10012;12;9999.5;0.0
2;7000;INTARIAN_PEPPER_ROOT;14997;10;;;;;15011;12;;;;;15004.5;0.0
2;7100;ASH_COATED_OSMIUM;9996;20;9993;15;;;10012;15;10013;14;;;10004.5;0.0
2;7100;INTARIAN_PEPPER_ROOT;15001;3;14998;10;;;15017;19;15019;10;;;15009.5;0.0
2;7200;ASH_COATED_OSMIUM;9996;13;9994;21;9991;14;10012;7;10015;11;10018;6;10004.0;0.0
2;7200;INTARIAN_PEPPER_ROOT;15004;5;;;;;15016;12;;;;;15010.0;0.0
2;7300;ASH_COATED_OSMIUM;9995;13;9994;13;;;10013;22;10016;22;;;10004.0;0.0
2;7300;INTARIAN_PEPPER_ROOT;15001;11;14999;10;;;15014;8;15017;17;;;15008.0;0.0
2;7400;ASH_COATED_OSMIUM;9990;27;9988;12;;;10008;27;10010;11;;;9999.0;0.0
2;7400;INTARIAN_PEPPER_ROOT;14999;4;14996;11;;;15015;12;15017;24;;;15007.5;0.0
2;7500;ASH_COATED_OSMIUM;9989;15;;;;;10010;11;;;;;9999.5;0.0
2;7500;INTARIAN_PEPPER_ROOT;15002;10;15000;15;14997;11;15016;11;15019;12;15020;10;15009.5;0.0
2;7600;ASH_COATED_OSMIUM;9991;13;;;;;10007;15;;;;;9999.5;0.0
2;7600;INTARIAN_PEPPER_ROOT;15001;10;14999;11;;;15014;10;15015;11;;;15007.5;0.0
2;7700;ASH_COATED_OSMIUM;9989;11;9987;12;;;10010;14;10013;12;;;9999.5;0.0
2;7700;INTARIAN_PEPPER_ROOT;14996;12;14994;8;14992;10;15012;11;15013;8;15016;12;15004.0;0.0
2;7800;ASH_COATED_OSMIUM;9996;27;9993;10;9992;15;10012;13;10014;15;10017;11;10004.0;0.0
2;7800;INTARIAN_PEPPER_ROOT;14999;8;;;;;15013;20;;;;;15006.0;0.0
2;7900;ASH_COATED_OSMIUM;9996;11;9993;9;9991;11;10012;12;10015;11;10016;14;10004.5;0.0
2;7900;INTARIAN_PEPPER_ROOT;15002;10;15000;19;;;15018;11;15020;16;;;15010.5;0.0
2;8000;ASH_COATED_OSMIUM;9991;10;;;;;10007;15;;;;;9999.5;0.0
2;8000;INTARIAN_PEPPER_ROOT;15001;24;14999;3;;;15015;9;15016;19;;;15008.5;0.0
2;8100;ASH_COATED_OSMIUM;9990;13;9987;15;9984;11;10008;14;10011;14;10012;13;9999.5;0.0
2;8100;INTARIAN_PEPPER_ROOT;15000;22;14999;9;14997;17;15014;8;15016;24;15019;12;15007.5;0.0
2;8200;ASH_COATED_OSMIUM;9997;12;;;;;10013;15;;;;;10005.0;0.0
2;8200;INTARIAN_PEPPER_ROOT;15003;9;;;;;15015;8;;;;;15009.0;0.0
2;8300;ASH_COATED_OSMIUM;9991;10;;;;;10007;12;;;;;9999.5;0.0
2;8300;INTARIAN_PEPPER_ROOT;15002;18;;;;;15016;10;;;;;15009.5;0.0
2;8400;ASH_COATED_OSMIUM;9990;25;9987;15;9984;14;10009;14;10012;13;10013;15;10000.0;0.0
2;8400;INTARIAN_PEPPER_ROOT;15003;12;15000;12;;;15016;20;15018;12;;;15009.5;0.0
2;8500;ASH_COATED_OSMIUM;9992;13;;;;;10008;13;;;;;10000.0;0.0
2;8500;INTARIAN_PEPPER_ROOT;15000;9;14999;12;14998;25;15013;12;15016;25;15019;12;15007.0;0.0
2;8600;ASH_COATED_OSMIUM;9997;12;9994;2;;;10013;13;10016;11;;;10005.5;0.0
2;8600;INTARIAN_PEPPER_ROOT;15002;6;14999;12;14996;11;15015;12;15016;12;15019;10;15008.5;0.0
2;8700;ASH_COATED_OSMIUM;9997;20;9995;14;;;10013;12;10016;29;;;10005.5;0.0
2;8700;INTARIAN_PEPPER_ROOT;15000;10;14997;12;;;15013;12;15015;11;;;15006.5;0.0
2;8800;ASH_COATED_OSMIUM;9998;10;;;;;10014;15;;;;;10006.0;0.0
2;8800;INTARIAN_PEPPER_ROOT;15002;10;15000;12;;;15013;11;15016;9;;;15007.5;0.0
2;8900;ASH_COATED_OSMIUM;9997;21;9994;11;;;10015;10;10018;2;;;10006.0;0.0
2;8900;INTARIAN_PEPPER_ROOT;15006;12;15003;9;;;15017;8;15018;16;;;15012.0;0.0
2;9000;ASH_COATED_OSMIUM;9993;14;9992;11;;;10009;3;10011;10;;;10001.0;0.0
2;9000;INTARIAN_PEPPER_ROOT;15000;9;14999;12;14996;8;15014;8;15017;9;15020;12;15007.0;0.0
2;9100;ASH_COATED_OSMIUM;9998;14;9995;11;;;10014;20;10016;14;;;10006.5;0.0
2;9100;INTARIAN_PEPPER_ROOT;15005;4;;;;;15016;12;;;;;15010.5;0.0
2;9200;ASH_COATED_OSMIUM;9991;12;;;;;10009;13;;;;;10000.5;0.0
2;9200;INTARIAN_PEPPER_ROOT;15004;21;15001;10;;;15018;15;15019;8;;;15011.5;0.0
2;9300;ASH_COATED_OSMIUM;9998;24;9996;14;;;10014;27;10017;13;;;10006.0;0.0
2;9300;INTARIAN_PEPPER_ROOT;15002;23;15000;16;14998;20;15014;12;15017;10;15018;9;15008.0;0.0
2;9400;ASH_COATED_OSMIUM;9993;13;9992;12;;;10009;12;10010;10;;;10001.0;0.0
2;9400;INTARIAN_PEPPER_ROOT;15003;9;15001;12;;;15015;8;15018;10;;;15009.5;0.0
2;9500;ASH_COATED_OSMIUM;9995;15;9993;12;9991;21;10005;30;10007;11;10009;14;10000.0;0.0
2;9500;INTARIAN_PEPPER_ROOT;15005;11;15002;9;15000;24;15016;10;15018;11;15019;23;15010.5;0.0
2;9600;ASH_COATED_OSMIUM;9990;25;9989;4;;;10009;11;10011;12;;;9999.5;0.0
2;9600;INTARIAN_PEPPER_ROOT;15005;23;15004;8;15001;11;15021;22;15024;11;15025;12;15013.0;0.0
2;9700;ASH_COATED_OSMIUM;9991;5;9989;11;9988;10;10009;14;10011;14;10012;10;10000.0;0.0
2;9700;INTARIAN_PEPPER_ROOT;15001;11;14998;25;14995;9;15015;12;15016;10;15019;9;15008.5;0.0
2;9800;ASH_COATED_OSMIUM;9992;15;9991;29;;;10008;13;10009;11;;;10000.0;0.0
2;9800;INTARIAN_PEPPER_ROOT;14999;11;14997;9;;;15013;7;15014;19;;;15006.5;0.0
2;9900;ASH_COATED_OSMIUM;9996;23;9993;12;9992;11;10014;20;10017;14;10020;10;10005.0;0.0
2;9900;INTARIAN_PEPPER_ROOT;15004;8;15002;11;;;15016;9;15017;8;;;15010.0;0.0
2;10000;ASH_COATED_OSMIUM;9995;14;9994;15;;;10005;25;10007;21;;;10000.0;0.0
2;10000;INTARIAN_PEPPER_ROOT;15000;11;14998;12;;;15017;12;15018;8;;;15009.0;0.0
2;10100;ASH_COATED_OSMIUM;9992;10;;;;;10008;13;;;;;10000.0;0.0
2;10100;INTARIAN_PEPPER_ROOT;15005;12;15002;11;;;15017;12;15018;8;;;15011.0;0.0
2;10200;ASH_COATED_OSMIUM;9996;15;9994;14;9991;10;10014;21;10016;11;10018;25;10005.5;0.0
2;10200;INTARIAN_PEPPER_ROOT;15001;9;14998;8;14995;10;15015;12;15016;21;15017;11;15008.5;0.0
2;10300;ASH_COATED_OSMIUM;9997;2;;;;;10013;10;;;;;10005.5;0.0
2;10300;INTARIAN_PEPPER_ROOT;15006;12;15003;11;;;15017;8;15020;8;;;15012.0;0.0
2;10400;ASH_COATED_OSMIUM;9997;15;9995;11;;;10013;12;10015;11;;;10005.5;0.0
2;10400;INTARIAN_PEPPER_ROOT;15003;18;;;;;15016;9;;;;;15010.0;0.0
2;10500;ASH_COATED_OSMIUM;9992;10;9990;5;;;10008;11;10009;14;;;10000.0;0.0
2;10500;INTARIAN_PEPPER_ROOT;15002;16;15000;11;14998;11;15018;11;15020;8;15021;10;15010.0;0.0
2;10600;ASH_COATED_OSMIUM;9992;12;;;;;10008;11;;;;;10000.5;0.0
2;10600;INTARIAN_PEPPER_ROOT;15002;10;;;;;15016;12;;;;;15009.0;0.0
2;10700;ASH_COATED_OSMIUM;9998;11;9995;13;;;10003;20;10006;5;;;10000.5;0.0
2;10700;INTARIAN_PEPPER_ROOT;15005;8;;;;;15017;9;;;;;15011.5;0.0
2;10800;ASH_COATED_OSMIUM;9992;11;9990;11;;;10008;14;10010;11;;;10000.0;0.0
2;10800;INTARIAN_PEPPER_ROOT;15009;10;15006;12;15005;24;15020;11;15023;11;15025;10;15015.0;0.0
2;10900;ASH_COATED_OSMIUM;9991;26;9990;22;;;10007;15;10009;28;;;9999.5;0.0
2;10900;INTARIAN_PEPPER_ROOT;15001;12;14998;11;;;15014;12;15017;8;;;15008.0;0.0
2;11000;ASH_COATED_OSMIUM;9990;21;9989;13;;;10008;30;10011;10;;;9999.5;0.0
2;11000;INTARIAN_PEPPER_ROOT;15004;8;15003;8;15002;10;15018;8;15021;9;15024;10;15011.5;0.0
2;11100;ASH_COATED_OSMIUM;9996;10;9994;14;9993;14;10012;25;10014;3;10015;22;10004.5;0.0
2;11100;INTARIAN_PEPPER_ROOT;15006;10;15004;12;;;15017;10;15020;21;;;15012.0;0.0
2;11200;ASH_COATED_OSMIUM;9991;14;9989;12;;;10007;10;10008;10;;;9999.5;0.0
2;11200;INTARIAN_PEPPER_ROOT;15003;9;15001;11;;;15015;11;15016;11;;;15009.5;0.0
2;11300;ASH_COATED_OSMIUM;9992;20;9991;27;;;10008;10;10009;28;;;10000.0;0.0
2;11300;INTARIAN_PEPPER_ROOT;15007;8;15006;11;15005;9;15017;8;15020;11;15023;8;15012.0;0.0
2;11400;ASH_COATED_OSMIUM;9990;10;9988;15;9985;11;10006;14;10008;13;10009;14;9998.5;0.0
2;11400;INTARIAN_PEPPER_ROOT;15004;9;15001;8;;;15019;17;15020;9;;;15011.5;0.0
2;11500;ASH_COATED_OSMIUM;9990;10;9987;14;;;10006;12;10007;10;;;9998.0;0.0
2;11500;INTARIAN_PEPPER_ROOT;15005;12;15002;9;;;15022;9;15023;9;;;15013.5;0.0
2;11600;ASH_COATED_OSMIUM;10000;13;9999;13;;;10006;13;10007;14;;;10003.5;0.0
2;11600;INTARIAN_PEPPER_ROOT;15006;9;;;;;15023;10;;;;;15015.0;0.0
2;11700;ASH_COATED_OSMIUM;9989;23;;;;;10008;15;;;;;9998.5;0.0
2;11700;INTARIAN_PEPPER_ROOT;15005;9;;;;;15018;10;;;;;15011.5;0.0
2;11800;ASH_COATED_OSMIUM;9989;14;9987;10;9985;13;10008;2;10009;21;10010;12;9999.0;0.0
2;11800;INTARIAN_PEPPER_ROOT;15006;10;15004;12;15003;7;15018;9;15021;8;15024;10;15012.0;0.0
2;11900;ASH_COATED_OSMIUM;9991;15;9988;14;;;10007;13;10010;10;;;9999.0;0.0
2;11900;INTARIAN_PEPPER_ROOT;15007;24;;;;;15023;10;;;;;15015.0;0.0
2;12000;ASH_COATED_OSMIUM;9995;11;9993;15;9991;13;10011;12;10014;12;10017;15;10003.5;0.0
2;12000;INTARIAN_PEPPER_ROOT;15004;11;15001;20;;;15015;11;15017;17;;;15010.0;0.0
2;12100;ASH_COATED_OSMIUM;9996;13;;;;;10012;12;;;;;10004.0;0.0
2;12100;INTARIAN_PEPPER_ROOT;15004;11;15003;10;15002;10;15016;8;15019;11;15022;11;15010.5;0.0
2;12200;ASH_COATED_OSMIUM;9995;10;9992;30;;;10000;15;10001;12;;;9998.0;0.0
2;12200;INTARIAN_PEPPER_ROOT;15003;8;15002;11;14999;12;15021;9;15022;8;15025;9;15012.5;0.0
2;12300;ASH_COATED_OSMIUM;9994;14;;;;;10010;13;;;;;10002.5;0.0
2;12300;INTARIAN_PEPPER_ROOT;15005;11;15003;9;;;15016;12;15017;8;;;15011.0;0.0
2;12400;ASH_COATED_OSMIUM;9988;15;;;;;10004;10;;;;;9996.5;0.0
2;12400;INTARIAN_PEPPER_ROOT;15007;8;15005;10;;;15018;10;15019;11;;;15013.0;0.0
2;12500;ASH_COATED_OSMIUM;9987;5;;;;;10006;11;;;;;9996.5;0.0
2;12500;INTARIAN_PEPPER_ROOT;15005;8;15003;10;;;15018;8;15020;9;;;15012.0;0.0
2;12600;ASH_COATED_OSMIUM;9988;15;9985;10;;;10004;21;10005;29;;;9996.5;0.0
2;12600;INTARIAN_PEPPER_ROOT;15006;8;15003;8;15002;8;15018;11;15021;8;15023;11;15012.0;0.0
2;12700;ASH_COATED_OSMIUM;9987;10;9984;22;;;10006;3;10007;11;;;9996.5;0.0
2;12700;INTARIAN_PEPPER_ROOT;15005;9;15002;11;15001;12;15018;10;15019;10;15020;9;15012.0;0.0
2;12800;ASH_COATED_OSMIUM;9988;5;9986;15;;;10004;11;10006;10;;;9996.5;0.0
2;12800;INTARIAN_PEPPER_ROOT;15008;7;;;;;15019;8;;;;;15014.0;0.0
2;12900;ASH_COATED_OSMIUM;9994;11;9991;20;9988;10;10010;14;10011;12;10013;26;10002.0;0.0
2;12900;INTARIAN_PEPPER_ROOT;15001;11;14998;21;;;15018;9;15019;10;;;15010.0;0.0
2;13000;ASH_COATED_OSMIUM;9988;29;;;;;10004;24;;;;;9996.5;0.0
2;13000;INTARIAN_PEPPER_ROOT;15006;8;15005;12;15003;22;15018;17;15021;9;15023;8;15012.5;0.0
2;13100;ASH_COATED_OSMIUM;9994;12;9993;15;9991;15;10010;11;10013;24;10015;15;10002.0;0.0
2;13100;INTARIAN_PEPPER_ROOT;15006;8;15005;17;15002;12;15018;8;15021;22;15022;8;15012.5;0.0
2;13200;ASH_COATED_OSMIUM;9988;10;9985;14;9982;11;10004;13;10006;26;10009;11;9996.5;0.0
2;13200;INTARIAN_PEPPER_ROOT;15007;12;;;;;15020;12;;;;;15013.5;0.0
2;13300;ASH_COATED_OSMIUM;9988;15;9985;10;;;10004;15;10007;12;;;9996.0;0.0
2;13300;INTARIAN_PEPPER_ROOT;15005;9;;;;;15021;23;;;;;15013.0;0.0
2;13400;ASH_COATED_OSMIUM;9988;11;9987;27;;;10004;12;10006;12;;;9996.0;0.0
2;13400;INTARIAN_PEPPER_ROOT;15007;5;15006;9;;;15019;12;15021;10;;;15013.5;0.0
2;13500;ASH_COATED_OSMIUM;9991;13;;;;;10001;14;;;;;9996.0;0.0
2;13500;INTARIAN_PEPPER_ROOT;15009;8;15006;8;;;15021;8;15023;11;;;15015.0;0.0
2;13600;ASH_COATED_OSMIUM;9987;28;;;;;10003;14;;;;;9995.5;0.0
2;13600;INTARIAN_PEPPER_ROOT;15005;7;;;;;15018;9;;;;;15011.5;0.0
2;13700;ASH_COATED_OSMIUM;9988;14;9987;14;9985;15;10004;13;10005;15;10008;12;9996.0;0.0
2;13700;INTARIAN_PEPPER_ROOT;15005;9;15003;10;;;15018;16;15019;10;;;15012.0;0.0
2;13800;ASH_COATED_OSMIUM;9992;15;9990;10;9989;15;10011;10;10014;14;10017;13;10001.5;0.0
2;13800;INTARIAN_PEPPER_ROOT;15008;9;15006;9;15005;8;15022;11;15025;9;15026;15;15015.0;0.0
2;13900;ASH_COATED_OSMIUM;9988;10;;;;;10004;12;;;;;9996.0;0.0
2;13900;INTARIAN_PEPPER_ROOT;15014;12;15011;11;;;15017;10;15018;12;;;15016.0;0.0
2;14000;ASH_COATED_OSMIUM;9991;13;9990;11;;;10001;15;10002;12;;;9996.0;0.0
2;14000;INTARIAN_PEPPER_ROOT;15007;8;15004;12;15002;10;15019;8;15022;12;15024;9;15013.5;0.0
2;14100;ASH_COATED_OSMIUM;9987;11;;;;;10003;11;;;;;9995.5;0.0
2;14100;INTARIAN_PEPPER_ROOT;15008;4;;;;;15022;10;;;;;15015.5;0.0
2;14200;ASH_COATED_OSMIUM;9988;14;9986;10;9983;20;10004;28;10005;10;10008;12;9996.0;0.0
2;14200;INTARIAN_PEPPER_ROOT;15008;8;15005;12;;;15020;10;15022;15;;;15014.5;0.0
2;14300;ASH_COATED_OSMIUM;9987;11;9986;14;;;10003;12;10005;14;;;9995.0;0.0
2;14300;INTARIAN_PEPPER_ROOT;15007;16;15006;9;;;15022;9;15024;19;;;15015.0;0.0
2;14400;ASH_COATED_OSMIUM;9991;28;9989;13;9987;14;10009;10;10012;13;10015;15;10000.5;0.0
2;14400;INTARIAN_PEPPER_ROOT;15005;8;15004;10;15002;11;15017;21;15018;24;15019;10;15011.5;0.0
2;14500;ASH_COATED_OSMIUM;9986;12;9983;29;;;10004;14;10006;10;;;9995.5;0.0
2;14500;INTARIAN_PEPPER_ROOT;15005;10;15004;18;15001;8;15016;19;15019;10;15020;12;15011.0;0.0
2;14600;ASH_COATED_OSMIUM;9986;12;;;;;10004;11;;;;;9995.0;0.0
2;14600;INTARIAN_PEPPER_ROOT;15009;10;15007;12;;;15020;12;15022;11;;;15014.5;0.0
2;14700;ASH_COATED_OSMIUM;9987;11;9984;12;9983;15;10003;13;10005;14;10008;13;9995.0;0.0
2;14700;INTARIAN_PEPPER_ROOT;15011;12;;;;;15023;8;;;;;15017.0;0.0
2;14800;ASH_COATED_OSMIUM;9992;14;;;;;10008;15;;;;;10000.0;0.0
2;14800;INTARIAN_PEPPER_ROOT;15007;9;15005;11;;;15022;8;15023;10;;;15015.0;0.0
2;14900;ASH_COATED_OSMIUM;9992;30;;;;;10008;11;;;;;10000.5;0.0
2;14900;INTARIAN_PEPPER_ROOT;15007;8;15005;11;15002;8;15021;8;15023;8;15025;9;15014.5;0.0
2;15000;ASH_COATED_OSMIUM;9985;15;9983;10;;;10004;15;10005;24;;;9995.0;0.0
2;15000;INTARIAN_PEPPER_ROOT;15009;11;;;;;15020;9;;;;;15015.0;0.0
2;15100;ASH_COATED_OSMIUM;9986;14;9984;10;;;10004;12;10006;25;;;9995.0;0.0
2;15100;INTARIAN_PEPPER_ROOT;15005;11;15004;8;;;15017;12;15018;10;;;15011.5;0.0
2;15200;ASH_COATED_OSMIUM;9987;14;9986;10;;;10003;21;10005;27;;;9995.0;0.0
2;15200;INTARIAN_PEPPER_ROOT;15008;8;15005;10;15003;12;15020;8;15021;25;15022;15;15014.5;0.0
2;15300;ASH_COATED_OSMIUM;9991;11;9990;12;9988;10;10010;27;10013;15;10015;11;10000.5;0.0
2;15300;INTARIAN_PEPPER_ROOT;15011;10;15008;9;;;15024;9;15026;9;;;15017.5;0.0
2;15400;ASH_COATED_OSMIUM;9986;13;9985;10;9982;20;10005;15;10006;14;10009;11;9995.5;0.0
2;15400;INTARIAN_PEPPER_ROOT;15006;10;15004;8;15002;12;15019;11;15020;12;15023;5;15013.0;0.0
2;15500;ASH_COATED_OSMIUM;9987;14;9986;12;9985;15;10003;23;10004;10;10006;10;9995.5;0.0
2;15500;INTARIAN_PEPPER_ROOT;15006;12;15003;9;;;15020;12;15021;8;;;15013.0;0.0
2;15600;ASH_COATED_OSMIUM;9992;12;9991;11;9988;2;10008;15;10011;10;10012;11;10000.5;0.0
2;15600;INTARIAN_PEPPER_ROOT;15004;10;15003;8;15002;10;15018;10;15021;8;15023;11;15011.0;0.0
2;15700;ASH_COATED_OSMIUM;9992;10;9990;15;;;10011;14;10013;15;;;10001.5;0.0
2;15700;INTARIAN_PEPPER_ROOT;15011;9;15009;11;;;15017;11;15020;10;;;15014.5;0.0
2;15800;ASH_COATED_OSMIUM;9993;13;9990;23;;;10009;13;10012;12;;;10001.5;0.0
2;15800;INTARIAN_PEPPER_ROOT;15011;10;15009;12;15006;9;15022;10;15023;12;15026;8;15017.0;0.0
2;15900;ASH_COATED_OSMIUM;9989;3;9988;13;9985;29;10005;10;10007;10;10010;20;9997.0;0.0
2;15900;INTARIAN_PEPPER_ROOT;15010;10;15008;12;15007;12;15021;10;15022;11;15023;12;15016.0;0.0
2;16000;ASH_COATED_OSMIUM;9993;13;9991;13;9990;26;10009;11;10011;15;10013;13;10001.0;0.0
2;16000;INTARIAN_PEPPER_ROOT;15008;11;;;;;15022;12;;;;;15015.0;0.0
2;16100;ASH_COATED_OSMIUM;9987;13;9986;12;;;10005;14;10007;11;;;9996.5;0.0
2;16100;INTARIAN_PEPPER_ROOT;15010;10;15008;12;15006;16;15022;8;15025;9;15028;11;15016.0;0.0
2;16200;ASH_COATED_OSMIUM;9991;12;9990;13;;;10001;10;10002;15;;;9996.5;0.0
2;16200;INTARIAN_PEPPER_ROOT;15005;3;15004;12;15001;12;15016;9;15019;24;15021;12;15010.5;0.0
2;16300;ASH_COATED_OSMIUM;9993;13;9991;14;9989;11;10009;14;10012;12;10015;10;10001.0;0.0
2;16300;INTARIAN_PEPPER_ROOT;15013;11;15011;11;15008;25;15017;9;15018;9;15020;22;15015.5;0.0
2;16400;ASH_COATED_OSMIUM;9995;12;9994;14;9992;10;10006;15;10007;13;10009;13;10001.0;0.0
2;16400;INTARIAN_PEPPER_ROOT;15010;8;15007;11;;;15024;11;15025;10;;;15017.0;0.0
2;16500;ASH_COATED_OSMIUM;9996;4;9993;10;9991;12;10006;11;10007;15;10010;27;10001.5;0.0
2;16500;INTARIAN_PEPPER_ROOT;15010;23;15008;9;;;15024;17;15027;22;;;15017.0;0.0
2;16600;ASH_COATED_OSMIUM;9990;10;;;;;10001;10;;;;;9996.0;0.0
2;16600;INTARIAN_PEPPER_ROOT;15008;11;;;;;15019;11;;;;;15014.0;0.0
2;16700;ASH_COATED_OSMIUM;9993;13;9992;13;;;10009;12;10011;14;;;10001.5;0.0
2;16700;INTARIAN_PEPPER_ROOT;15011;12;15008;10;15007;9;15024;15;15025;9;15028;8;15017.5;0.0
2;16800;ASH_COATED_OSMIUM;9991;13;;;;;10002;23;;;;;9996.5;0.0
2;16800;INTARIAN_PEPPER_ROOT;15004;8;;;;;15018;8;;;;;15011.5;0.0
2;16900;ASH_COATED_OSMIUM;9993;13;9991;14;9990;11;10009;14;10010;12;10013;2;10001.5;0.0
2;16900;INTARIAN_PEPPER_ROOT;15014;8;15012;8;15010;10;15025;12;15026;16;15028;10;15019.5;0.0
2;17000;ASH_COATED_OSMIUM;9988;15;9985;12;;;10004;28;10006;12;;;9996.5;0.0
2;17000;INTARIAN_PEPPER_ROOT;15012;10;15010;10;;;15023;12;15026;9;;;15018.0;0.0
2;17100;ASH_COATED_OSMIUM;9994;11;9993;30;9992;23;10010;13;10012;13;10013;12;10002.0;0.0
2;17100;INTARIAN_PEPPER_ROOT;15010;9;15009;10;;;15022;9;15024;18;;;15016.0;0.0
2;17200;ASH_COATED_OSMIUM;9989;29;9986;12;9983;11;10005;10;10007;12;10010;14;9997.5;0.0
2;17200;INTARIAN_PEPPER_ROOT;15012;11;15011;12;15009;11;15024;11;15026;8;15027;15;15018.0;0.0
2;17300;ASH_COATED_OSMIUM;9994;13;9991;12;;;10010;12;10012;9;;;10002.0;0.0
2;17300;INTARIAN_PEPPER_ROOT;15011;11;15008;8;;;15023;10;15025;19;;;15017.0;0.0
2;17400;ASH_COATED_OSMIUM;9993;14;9990;13;;;10009;15;10012;11;;;10001.5;0.0
2;17400;INTARIAN_PEPPER_ROOT;15010;10;;;;;15022;12;;;;;15016.5;0.0
2;17500;ASH_COATED_OSMIUM;9988;10;9987;11;;;10004;10;10006;12;;;9996.5;0.0
2;17500;INTARIAN_PEPPER_ROOT;15010;23;15007;11;;;15026;8;15027;11;;;15018.5;0.0
2;17600;ASH_COATED_OSMIUM;9992;15;9990;14;;;10011;5;10013;2;;;10002.0;0.0
2;17600;INTARIAN_PEPPER_ROOT;15011;25;15008;25;;;15024;12;15025;11;;;15017.5;0.0
2;17700;ASH_COATED_OSMIUM;9988;13;;;;;10004;10;;;;;9996.5;0.0
2;17700;INTARIAN_PEPPER_ROOT;15008;10;15006;11;;;15027;8;15029;25;;;15017.5;0.0
2;17800;ASH_COATED_OSMIUM;9989;2;;;;;10005;13;;;;;9997.0;0.0
2;17800;INTARIAN_PEPPER_ROOT;15007;10;15006;23;;;15024;11;15027;12;;;15015.5;0.0
2;17900;ASH_COATED_OSMIUM;9989;15;9988;11;;;10005;24;10007;11;;;9997.0;0.0
2;17900;INTARIAN_PEPPER_ROOT;15013;19;15010;12;15009;22;15026;11;15029;12;15030;8;15020.0;0.0
2;18000;ASH_COATED_OSMIUM;9994;15;;;;;10010;15;;;;;10002.0;0.0
2;18000;INTARIAN_PEPPER_ROOT;15008;10;;;;;15021;12;;;;;15015.0;0.0
2;18100;ASH_COATED_OSMIUM;9994;12;9992;25;;;10010;13;10012;11;;;10002.5;0.0
2;18100;INTARIAN_PEPPER_ROOT;15010;12;;;;;15019;12;;;;;15015.0;0.0
2;18200;ASH_COATED_OSMIUM;9992;13;9990;23;;;10013;13;10015;9;;;10003.0;0.0
2;18200;INTARIAN_PEPPER_ROOT;15016;10;15014;10;15011;11;15028;8;15031;8;15034;9;15022.0;0.0
2;18300;ASH_COATED_OSMIUM;9989;14;9987;13;9986;13;10005;14;10007;15;10008;30;9997.5;0.0
2;18300;INTARIAN_PEPPER_ROOT;15012;12;15010;10;;;15030;12;15032;9;;;15021.0;0.0
2;18400;ASH_COATED_OSMIUM;9994;22;9993;12;;;10010;4;10013;13;;;10002.5;0.0
2;18400;INTARIAN_PEPPER_ROOT;15012;9;;;;;15032;10;;;;;15022.5;0.0
2;18500;ASH_COATED_OSMIUM;9993;12;;;;;10012;14;;;;;10003.0;0.0
2;18500;INTARIAN_PEPPER_ROOT;15016;9;15015;12;;;15030;9;15033;12;;;15023.0;0.0
2;18600;ASH_COATED_OSMIUM;9990;12;9989;14;9988;13;10006;10;10008;13;10011;15;9998.0;0.0
2;18600;INTARIAN_PEPPER_ROOT;15009;12;15008;8;;;15023;12;15026;9;;;15016.5;0.0
2;18700;ASH_COATED_OSMIUM;9990;23;9989;13;9986;14;10006;21;10008;15;10010;13;9998.0;0.0
2;18700;INTARIAN_PEPPER_ROOT;15013;19;;;;;15026;11;;;;;15020.0;0.0
2;18800;ASH_COATED_OSMIUM;9995;10;;;;;10011;29;;;;;10003.5;0.0
2;18800;INTARIAN_PEPPER_ROOT;15013;9;15012;11;;;15027;11;15029;8;;;15020.0;0.0
2;18900;ASH_COATED_OSMIUM;9995;14;9994;27;9993;14;10011;20;10012;14;10013;11;10003.0;0.0
2;18900;INTARIAN_PEPPER_ROOT;15008;11;15007;11;15006;11;15022;19;15024;10;15027;10;15015.5;0.0
2;19000;ASH_COATED_OSMIUM;9993;13;9992;11;;;10012;22;10013;15;;;10003.0;0.0
2;19000;INTARIAN_PEPPER_ROOT;15012;11;;;;;15025;10;;;;;15018.5;0.0
2;19100;ASH_COATED_OSMIUM;9988;13;9986;22;;;10006;10;10008;25;;;9997.5;0.0
2;19100;INTARIAN_PEPPER_ROOT;15008;20;15005;8;15002;12;15025;10;15028;8;15030;10;15016.5;0.0
2;19200;ASH_COATED_OSMIUM;9988;14;;;;;10004;13;;;;;9996.5;0.0
2;19200;INTARIAN_PEPPER_ROOT;15010;10;15007;12;15004;9;15026;10;15028;16;15030;11;15018.5;0.0
2;19300;ASH_COATED_OSMIUM;9988;13;9985;10;;;10004;12;10006;11;;;9996.5;0.0
2;19300;INTARIAN_PEPPER_ROOT;15011;9;15008;11;15005;9;15022;10;15024;10;15025;8;15017.0;0.0
2;19400;ASH_COATED_OSMIUM;9994;26;;;;;10010;11;;;;;10002.0;0.0
2;19400;INTARIAN_PEPPER_ROOT;15011;12;;;;;15025;11;;;;;15018.0;0.0
2;19500;ASH_COATED_OSMIUM;9988;11;;;;;10004;13;;;;;9996.5;0.0
2;19500;INTARIAN_PEPPER_ROOT;15010;16;15008;12;15006;25;15023;9;15024;9;15027;9;15017.0;0.0
2;19600;ASH_COATED_OSMIUM;9994;15;9993;15;;;10010;12;10011;10;;;10002.0;0.0
2;19600;INTARIAN_PEPPER_ROOT;15010;11;;;;;15024;9;;;;;15017.0;0.0
2;19700;ASH_COATED_OSMIUM;9987;14;9986;12;;;10005;21;10006;14;;;9996.5;0.0
2;19700;INTARIAN_PEPPER_ROOT;15010;9;15008;8;;;15026;9;15028;12;;;15018.5;0.0
2;19800;ASH_COATED_OSMIUM;9993;14;9990;12;;;10000;24;10003;15;;;9996.5;0.0
2;19800;INTARIAN_PEPPER_ROOT;15014;11;15013;11;;;15029;10;15031;8;;;15021.5;0.0
2;19900;ASH_COATED_OSMIUM;9992;10;;;;;10008;13;;;;;10000.5;0.0
2;19900;INTARIAN_PEPPER_ROOT;15014;10;;;;;15027;16;;;;;15021.0;0.0
2;20000;ASH_COATED_OSMIUM;9992;2;9990;15;;;10008;10;10009;10;;;10000.5;0.0
2;20000;INTARIAN_PEPPER_ROOT;15011;10;;;;;15023;9;;;;;15017.5;0.0
2;20100;ASH_COATED_OSMIUM;9988;14;;;;;10004;11;;;;;9996.0;0.0
2;20100;INTARIAN_PEPPER_ROOT;15011;18;15010;11;;;15028;23;15029;9;;;15019.5;0.0
2;20200;ASH_COATED_OSMIUM;9988;14;;;;;10004;11;;;;;9996.5;0.0
2;20200;INTARIAN_PEPPER_ROOT;15016;15;15014;8;;;15033;10;15036;11;;;15025.0;0.0
2;20300;ASH_COATED_OSMIUM;9987;11;9986;12;9984;13;10005;10;10006;13;10008;13;9996.5;0.0
2;20300;INTARIAN_PEPPER_ROOT;15016;9;;;;;15028;12;;;;;15022.5;0.0
2;20400;ASH_COATED_OSMIUM;9988;25;9986;13;;;10004;30;10006;11;;;9996.0;0.0
2;20400;INTARIAN_PEPPER_ROOT;15018;8;;;;;15030;9;;;;;15024.0;0.0
2;20500;ASH_COATED_OSMIUM;9988;15;9986;12;;;10004;12;10007;13;;;9996.0;0.0
2;20500;INTARIAN_PEPPER_ROOT;15014;8;15013;17;;;15026;18;15029;11;;;15020.5;0.0
2;20600;ASH_COATED_OSMIUM;9988;11;;;;;10004;22;;;;;9996.5;0.0
2;20600;INTARIAN_PEPPER_ROOT;15013;9;15010;11;;;15028;12;15031;11;;;15020.5;0.0
2;20700;ASH_COATED_OSMIUM;9993;11;9990;13;;;10009;13;10011;12;;;10001.0;0.0
2;20700;INTARIAN_PEPPER_ROOT;15013;10;15010;20;15009;12;15027;16;15028;8;15031;10;15020.5;0.0
2;20800;ASH_COATED_OSMIUM;9993;10;9990;15;;;10009;10;10011;14;;;10001.5;0.0
2;20800;INTARIAN_PEPPER_ROOT;15016;8;;;;;15028;20;;;;;15022.5;0.0
2;20900;ASH_COATED_OSMIUM;9993;13;9991;12;;;10009;21;10012;12;;;10001.5;0.0
2;20900;INTARIAN_PEPPER_ROOT;15015;11;;;;;15027;10;;;;;15021.0;0.0
2;21000;ASH_COATED_OSMIUM;9993;14;9990;11;;;10009;10;10011;10;;;10001.0;0.0
2;21000;INTARIAN_PEPPER_ROOT;15014;20;;;;;15027;18;;;;;15021.0;0.0
2;21100;ASH_COATED_OSMIUM;9993;6;9990;14;9989;12;10009;15;10011;13;10012;15;10001.5;0.0
2;21100;INTARIAN_PEPPER_ROOT;15013;9;15012;23;;;15026;8;15028;10;;;15019.5;0.0
2;21200;ASH_COATED_OSMIUM;9986;11;9983;11;;;10005;12;10008;10;;;9996.0;0.0
2;21200;INTARIAN_PEPPER_ROOT;15014;9;15011;21;;;15027;9;15030;9;;;15021.0;0.0
2;21300;ASH_COATED_OSMIUM;9987;15;9984;14;9983;14;10003;14;10006;10;10009;13;9995.5;0.0
2;21300;INTARIAN_PEPPER_ROOT;15017;10;15015;9;15013;20;15029;12;15032;16;15035;11;15023.0;0.0
2;21400;ASH_COATED_OSMIUM;9992;14;9989;22;;;10010;13;10011;28;;;10001.0;0.0
2;21400;INTARIAN_PEPPER_ROOT;15015;8;15012;22;;;15027;9;15029;12;;;15021.0;0.0
2;21500;ASH_COATED_OSMIUM;9987;28;;;;;10003;15;;;;;9995.5;0.0
2;21500;INTARIAN_PEPPER_ROOT;15017;9;15015;16;;;15031;25;15032;9;;;15024.0;0.0
2;21600;ASH_COATED_OSMIUM;9991;11;;;;;10001;12;;;;;9996.5;0.0
2;21600;INTARIAN_PEPPER_ROOT;15017;11;15016;11;;;15031;25;15034;11;;;15024.0;0.0
2;21700;ASH_COATED_OSMIUM;9994;14;9992;14;;;10010;10;10013;12;;;10002.0;0.0
2;21700;INTARIAN_PEPPER_ROOT;15013;10;15011;8;;;15026;8;15029;6;;;15019.5;0.0
2;21800;ASH_COATED_OSMIUM;9988;2;9986;13;;;10004;14;10007;14;;;9996.0;0.0
2;21800;INTARIAN_PEPPER_ROOT;15019;8;;;;;15030;20;;;;;15024.5;0.0
2;21900;ASH_COATED_OSMIUM;9992;23;9989;11;;;10011;15;10013;15;;;10002.0;0.0
2;21900;INTARIAN_PEPPER_ROOT;15019;11;;;;;15033;9;;;;;15026.0;0.0
2;22000;ASH_COATED_OSMIUM;9994;15;9993;14;9990;25;10010;10;10011;13;10012;11;10002.5;0.0
2;22000;INTARIAN_PEPPER_ROOT;15016;17;15014;10;;;15030;22;15033;8;;;15023.0;0.0
2;22100;ASH_COATED_OSMIUM;9994;30;9992;14;9990;26;10010;13;10012;30;10014;15;10002.5;0.0
2;22100;INTARIAN_PEPPER_ROOT;15017;11;;;;;15032;12;;;;;15024.5;0.0
2;22200;ASH_COATED_OSMIUM;9989;12;9988;12;;;10005;10;10006;15;;;9997.0;0.0
2;22200;INTARIAN_PEPPER_ROOT;15015;11;;;;;15028;10;;;;;15022.0;0.0
2;22300;ASH_COATED_OSMIUM;9986;14;9984;15;9982;11;10007;15;10010;25;10011;14;9996.5;0.0
2;22300;INTARIAN_PEPPER_ROOT;15015;11;15014;15;;;15032;12;15034;12;;;15023.5;0.0
2;22400;ASH_COATED_OSMIUM;9991;13;;;;;10012;15;;;;;10002.0;0.0
2;22400;INTARIAN_PEPPER_ROOT;15023;8;;;;;15035;8;;;;;15029.0;0.0
2;22500;ASH_COATED_OSMIUM;9994;12;9993;15;;;10009;25;10012;11;;;10002.0;0.0
2;22500;INTARIAN_PEPPER_ROOT;15017;11;;;;;15031;11;;;;;15024.0;0.0
2;22600;ASH_COATED_OSMIUM;9994;21;9993;15;;;10010;13;10013;11;;;10002.0;0.0
2;22600;INTARIAN_PEPPER_ROOT;15014;11;15011;8;;;15031;9;15032;11;;;15022.5;0.0
2;22700;ASH_COATED_OSMIUM;9993;11;9990;11;;;10012;11;10015;13;;;10003.0;0.0
2;22700;INTARIAN_PEPPER_ROOT;15019;11;15017;8;;;15033;15;15036;20;;;15026.0;0.0
2;22800;ASH_COATED_OSMIUM;9994;15;9992;15;9991;15;10010;12;10011;11;10013;11;10002.5;0.0
2;22800;INTARIAN_PEPPER_ROOT;15014;9;15012;8;15010;8;15025;25;15026;12;15029;9;15020.0;0.0
2;22900;ASH_COATED_OSMIUM;9994;11;9992;14;9990;14;10010;15;10013;11;10016;10;10002.5;0.0
2;22900;INTARIAN_PEPPER_ROOT;15014;12;15013;19;15010;12;15029;18;15032;12;15033;12;15022.0;0.0
2;23000;ASH_COATED_OSMIUM;9995;11;9993;15;;;10011;22;10012;10;;;10003.0;0.0
2;23000;INTARIAN_PEPPER_ROOT;15017;11;15016;10;;;15034;12;15037;9;;;15025.5;0.0
2;23100;ASH_COATED_OSMIUM;9995;13;9994;10;9991;10;10011;30;10013;14;10015;26;10003.0;0.0
2;23100;INTARIAN_PEPPER_ROOT;15018;10;15016;9;;;15029;11;15030;8;;;15023.5;0.0
2;23200;ASH_COATED_OSMIUM;9995;13;9992;12;9991;10;10011;11;10012;10;10015;15;10003.5;0.0
2;23200;INTARIAN_PEPPER_ROOT;15015;12;15012;12;15011;9;15027;11;15029;12;15030;11;15021.0;0.0
2;23300;ASH_COATED_OSMIUM;9995;12;9992;15;;;10011;14;10014;26;;;10003.0;0.0
2;23300;INTARIAN_PEPPER_ROOT;15016;11;;;;;15030;17;;;;;15023.5;0.0
2;23400;ASH_COATED_OSMIUM;9989;4;9988;25;9987;29;10005;12;10006;10;10009;12;9997.5;0.0
2;23400;INTARIAN_PEPPER_ROOT;15012;11;15009;11;;;15027;10;15029;11;;;15020.0;0.0
2;23500;ASH_COATED_OSMIUM;9990;11;;;;;10006;12;;;;;9998.0;0.0
2;23500;INTARIAN_PEPPER_ROOT;15015;17;;;;;15028;9;;;;;15022.0;0.0
2;23600;ASH_COATED_OSMIUM;9995;28;9994;12;9991;13;10011;11;10013;11;10014;22;10003.5;0.0
2;23600;INTARIAN_PEPPER_ROOT;15017;11;15014;9;15012;24;15029;19;15032;10;15033;10;15023.0;0.0
2;23700;ASH_COATED_OSMIUM;9995;11;9994;11;;;10011;28;10012;10;;;10003.5;0.0
2;23700;INTARIAN_PEPPER_ROOT;15019;9;;;;;15032;10;;;;;15026.0;0.0
2;23800;ASH_COATED_OSMIUM;9995;12;;;;;10011;21;;;;;10003.5;0.0
2;23800;INTARIAN_PEPPER_ROOT;15017;9;15016;22;;;15029;11;15031;9;;;15023.0;0.0
2;23900;ASH_COATED_OSMIUM;9995;12;;;;;10011;10;;;;;10003.0;0.0
2;23900;INTARIAN_PEPPER_ROOT;15017;8;15015;10;15014;12;15032;10;15034;8;15035;12;15024.5;0.0
2;24000;ASH_COATED_OSMIUM;9989;14;;;;;10007;14;;;;;9998.0;0.0
2;24000;INTARIAN_PEPPER_ROOT;15016;12;;;;;15029;9;;;;;15023.0;0.0
2;24100;ASH_COATED_OSMIUM;9990;23;;;;;10006;14;;;;;9998.5;0.0
2;24100;INTARIAN_PEPPER_ROOT;15016;15;;;;;15030;12;;;;;15023.0;0.0
2;24200;ASH_COATED_OSMIUM;9996;30;9995;11;;;10012;14;10013;13;;;10004.0;0.0
2;24200;INTARIAN_PEPPER_ROOT;15017;17;15016;11;;;15032;10;15035;11;;;15024.5;0.0
2;24300;ASH_COATED_OSMIUM;9999;14;9997;24;;;10008;14;10009;11;;;10004.0;0.0
2;24300;INTARIAN_PEPPER_ROOT;15018;12;15016;9;;;15031;9;15034;8;;;15024.5;0.0
2;24400;ASH_COATED_OSMIUM;9994;13;;;;;10013;14;;;;;10003.5;0.0
2;24400;INTARIAN_PEPPER_ROOT;15020;10;15017;12;;;15032;11;15034;8;;;15026.0;0.0
2;24500;ASH_COATED_OSMIUM;9995;12;;;;;10011;10;;;;;10003.5;0.0
2;24500;INTARIAN_PEPPER_ROOT;15018;8;;;;;15032;11;;;;;15025.5;0.0
2;24600;ASH_COATED_OSMIUM;9994;15;9991;15;9988;25;10013;11;10014;15;10017;12;10004.0;0.0
2;24600;INTARIAN_PEPPER_ROOT;15016;7;;;;;15028;21;;;;;15022.0;0.0
2;24700;ASH_COATED_OSMIUM;9996;28;;;;;10012;10;;;;;10004.0;0.0
2;24700;INTARIAN_PEPPER_ROOT;15025;11;15022;16;15020;8;15029;9;15032;11;15033;12;15027.0;0.0
2;24800;ASH_COATED_OSMIUM;9991;11;9988;14;9986;20;10007;10;10009;14;10012;14;9999.0;0.0
2;24800;INTARIAN_PEPPER_ROOT;15018;24;15016;10;;;15031;11;15032;11;;;15025.0;0.0
2;24900;ASH_COATED_OSMIUM;9989;11;9986;12;9985;10;10007;13;10009;10;10011;11;9998.5;0.0
2;24900;INTARIAN_PEPPER_ROOT;15016;10;;;;;15029;9;;;;;15022.5;0.0
2;25000;ASH_COATED_OSMIUM;9990;14;;;;;10006;11;;;;;9998.5;0.0
2;25000;INTARIAN_PEPPER_ROOT;15016;5;15013;15;;;15031;17;15032;24;;;15024.0;0.0
2;25100;ASH_COATED_OSMIUM;9990;12;9988;11;9986;14;10006;15;10009;11;10012;11;9998.5;0.0
2;25100;INTARIAN_PEPPER_ROOT;15018;10;15017;11;;;15030;9;15031;8;;;15024.5;0.0
2;25200;ASH_COATED_OSMIUM;9990;10;9989;11;9987;14;10006;14;10007;14;10010;13;9998.0;0.0
2;25200;INTARIAN_PEPPER_ROOT;15019;11;15016;12;;;15031;20;15034;8;;;15025.0;0.0
2;25300;ASH_COATED_OSMIUM;9990;27;;;;;10006;15;;;;;9998.0;0.0
2;25300;INTARIAN_PEPPER_ROOT;15019;11;15017;10;;;15034;25;15036;10;;;15026.5;0.0
2;25400;ASH_COATED_OSMIUM;9990;13;;;;;10006;30;;;;;9998.0;0.0
2;25400;INTARIAN_PEPPER_ROOT;15016;9;15013;11;;;15028;11;15030;11;;;15022.0;0.0
2;25500;ASH_COATED_OSMIUM;9988;15;;;;;10007;13;;;;;9997.5;0.0
2;25500;INTARIAN_PEPPER_ROOT;15019;9;15018;9;;;15030;15;15031;20;;;15024.5;0.0
2;25600;ASH_COATED_OSMIUM;9989;14;9986;12;;;10005;13;10006;14;;;9997.5;0.0
2;25600;INTARIAN_PEPPER_ROOT;15017;16;15014;19;15011;8;15029;8;15031;10;15033;4;15023.0;0.0
2;25700;ASH_COATED_OSMIUM;9990;11;9989;10;;;10006;4;10009;12;;;9998.0;0.0
2;25700;INTARIAN_PEPPER_ROOT;15018;24;;;;;15031;9;;;;;15025.0;0.0
2;25800;ASH_COATED_OSMIUM;9995;10;9993;26;;;10010;10;10012;14;;;10003.0;0.0
2;25800;INTARIAN_PEPPER_ROOT;15020;12;15019;9;15016;18;15033;12;15035;8;15038;9;15027.0;0.0
2;25900;ASH_COATED_OSMIUM;9999;8;9997;15;;;10008;25;10010;13;;;10003.5;0.0
2;25900;INTARIAN_PEPPER_ROOT;15022;12;;;;;15034;5;;;;;15028.0;0.0
2;26000;ASH_COATED_OSMIUM;9989;11;;;;;10007;14;;;;;9998.5;0.0
2;26000;INTARIAN_PEPPER_ROOT;15021;10;15019;22;15016;12;15036;8;15039;10;15041;10;15028.5;0.0
2;26100;ASH_COATED_OSMIUM;9990;14;;;;;10007;14;;;;;9998.5;0.0
2;26100;INTARIAN_PEPPER_ROOT;15020;5;15017;12;;;15032;9;15035;8;;;15026.0;0.0
2;26200;ASH_COATED_OSMIUM;9995;14;;;;;10011;13;;;;;10003.5;0.0
2;26200;INTARIAN_PEPPER_ROOT;15024;12;15021;25;;;15036;9;15038;12;;;15030.5;0.0
2;26300;ASH_COATED_OSMIUM;9996;11;9994;13;9991;24;10001;11;10004;13;10005;5;9998.5;0.0
2;26300;INTARIAN_PEPPER_ROOT;15020;12;15019;11;;;15032;12;15033;9;;;15026.0;0.0
2;26400;ASH_COATED_OSMIUM;9996;27;;;;;10012;14;;;;;10004.0;0.0
2;26400;INTARIAN_PEPPER_ROOT;15020;10;15019;8;15017;8;15032;10;15033;9;15034;12;15026.5;0.0
2;26500;ASH_COATED_OSMIUM;9989;3;9986;12;;;10007;11;10009;13;;;9998.5;0.0
2;26500;INTARIAN_PEPPER_ROOT;15021;11;15018;18;;;15034;10;15036;9;;;15028.0;0.0
2;26600;ASH_COATED_OSMIUM;9996;26;9995;15;;;10012;28;10013;14;;;10004.0;0.0
2;26600;INTARIAN_PEPPER_ROOT;15020;12;15017;9;;;15032;12;15033;25;;;15026.5;0.0
2;26700;ASH_COATED_OSMIUM;9995;15;9994;15;9993;13;10011;10;10014;13;10015;25;10003.5;0.0
2;26700;INTARIAN_PEPPER_ROOT;15020;8;15017;12;15016;8;15037;10;15039;3;15040;10;15028.5;0.0
2;26800;ASH_COATED_OSMIUM;9994;27;9993;15;;;10012;10;10015;12;;;10003.5;0.0
2;26800;INTARIAN_PEPPER_ROOT;15021;19;15019;8;;;15033;15;15035;9;;;15027.5;0.0
2;26900;ASH_COATED_OSMIUM;9990;15;;;;;10006;14;;;;;9998.0;0.0
2;26900;INTARIAN_PEPPER_ROOT;15027;11;15024;8;;;15030;8;15032;8;;;15028.5;0.0
2;27000;ASH_COATED_OSMIUM;9990;11;9989;13;9988;23;10006;12;10009;12;10010;15;9998.5;0.0
2;27000;INTARIAN_PEPPER_ROOT;15017;9;15014;12;;;15033;12;15034;12;;;15025.5;0.0
2;27100;ASH_COATED_OSMIUM;9995;10;9994;15;;;10011;26;10012;20;;;10003.5;0.0
2;27100;INTARIAN_PEPPER_ROOT;15017;15;15016;9;;;15032;11;15034;11;;;15025.0;0.0
2;27200;ASH_COATED_OSMIUM;9990;14;;;;;10006;11;;;;;9998.0;0.0
2;27200;INTARIAN_PEPPER_ROOT;15021;12;15019;11;15017;11;15035;8;15037;8;15038;8;15028.5;0.0
2;27300;ASH_COATED_OSMIUM;9995;13;9993;15;9991;24;10011;13;10013;12;10015;2;10003.0;0.0
2;27300;INTARIAN_PEPPER_ROOT;15024;12;;;;;15036;11;;;;;15030.5;0.0
2;27400;ASH_COATED_OSMIUM;9995;12;9993;14;9990;13;10011;29;10014;11;10017;11;10003.5;0.0
2;27400;INTARIAN_PEPPER_ROOT;15021;8;;;;;15036;3;;;;;15028.5;0.0
2;27500;ASH_COATED_OSMIUM;9990;12;9987;13;9985;10;10006;13;10008;4;10009;10;9998.0;0.0
2;27500;INTARIAN_PEPPER_ROOT;15025;11;15024;11;;;15036;12;15037;9;;;15031.0;0.0
2;27600;ASH_COATED_OSMIUM;9989;10;9987;14;;;10005;23;10008;14;;;9997.5;0.0
2;27600;INTARIAN_PEPPER_ROOT;15017;12;15016;9;;;15034;10;15035;8;;;15026.0;0.0
2;27700;ASH_COATED_OSMIUM;9995;12;9994;10;;;10011;30;10012;12;;;10003.0;0.0
2;27700;INTARIAN_PEPPER_ROOT;15020;10;;;;;15033;9;;;;;15027.0;0.0
2;27800;ASH_COATED_OSMIUM;9989;12;;;;;10006;13;;;;;9997.5;0.0
2;27800;INTARIAN_PEPPER_ROOT;15021;9;;;;;15032;11;;;;;15026.5;0.0
2;27900;ASH_COATED_OSMIUM;9987;11;9986;11;9985;13;10006;11;10009;12;10012;14;9997.0;0.0
2;27900;INTARIAN_PEPPER_ROOT;15020;9;15018;9;;;15034;12;15035;18;;;15027.5;0.0
2;28000;ASH_COATED_OSMIUM;9986;26;9984;10;;;10007;24;10010;12;;;9997.0;0.0
2;28000;INTARIAN_PEPPER_ROOT;15017;8;15014;20;;;15033;9;15034;9;;;15025.5;0.0
2;28100;ASH_COATED_OSMIUM;9994;15;9993;24;9991;13;10010;15;10012;14;10014;10;10002.0;0.0
2;28100;INTARIAN_PEPPER_ROOT;15015;25;15013;19;;;15031;8;15034;10;;;15023.5;0.0
2;28200;ASH_COATED_OSMIUM;9987;10;;;;;10006;15;;;;;9996.5;0.0
2;28200;INTARIAN_PEPPER_ROOT;15023;8;15022;12;15021;24;15034;10;15035;25;15038;12;15028.5;0.0
2;28300;ASH_COATED_OSMIUM;9997;10;9996;12;9994;10;10008;14;10011;14;10013;26;10002.5;0.0
2;28300;INTARIAN_PEPPER_ROOT;15020;11;15017;16;;;15035;8;15036;24;;;15027.5;0.0
2;28400;ASH_COATED_OSMIUM;9994;12;;;;;10010;12;;;;;10002.5;0.0
2;28400;INTARIAN_PEPPER_ROOT;15024;10;15022;11;;;15036;12;15037;10;;;15030.0;0.0
2;28500;ASH_COATED_OSMIUM;9997;12;;;;;10007;11;;;;;10002.5;0.0
2;28500;INTARIAN_PEPPER_ROOT;15025;3;15022;11;;;15027;10;15028;19;;;15026.0;0.0
2;28600;ASH_COATED_OSMIUM;9989;12;9986;10;9985;11;10005;23;10006;15;10008;13;9997.5;0.0
2;28600;INTARIAN_PEPPER_ROOT;15020;10;;;;;15034;8;;;;;15027.0;0.0
2;28700;ASH_COATED_OSMIUM;9989;11;;;;;10005;13;;;;;9997.5;0.0
2;28700;INTARIAN_PEPPER_ROOT;15024;9;15021;12;;;15036;11;15038;11;;;15030.0;0.0
2;28800;ASH_COATED_OSMIUM;9989;12;9988;14;9987;11;10005;13;10006;10;10009;10;9997.0;0.0
2;28800;INTARIAN_PEPPER_ROOT;15022;11;15020;12;15019;12;15036;11;15038;8;15039;4;15029.5;0.0
2;28900;ASH_COATED_OSMIUM;9994;11;9992;30;;;10010;20;10011;10;;;10002.0;0.0
2;28900;INTARIAN_PEPPER_ROOT;15020;8;;;;;15032;11;;;;;15026.0;0.0
2;29000;ASH_COATED_OSMIUM;9988;11;9985;14;;;10004;28;10007;27;;;9996.5;0.0
2;29000;INTARIAN_PEPPER_ROOT;15025;12;;;;;15027;12;;;;;15026.0;0.0
2;29100;ASH_COATED_OSMIUM;9993;10;;;;;10011;11;;;;;10002.0;0.0
2;29100;INTARIAN_PEPPER_ROOT;15016;18;;;;;15027;8;;;;;15021.5;0.0
2;29200;ASH_COATED_OSMIUM;9989;10;9988;11;;;10005;14;10007;14;;;9997.0;0.0
2;29200;INTARIAN_PEPPER_ROOT;15023;6;15022;9;;;15038;11;15039;9;;;15030.5;0.0
2;29300;ASH_COATED_OSMIUM;9994;10;9991;13;9990;12;10010;15;10012;10;10013;13;10002.0;0.0
2;29300;INTARIAN_PEPPER_ROOT;15023;10;;;;;15037;9;;;;;15030.5;0.0
2;29400;ASH_COATED_OSMIUM;9987;29;9984;2;;;10006;12;10009;20;;;9996.5;0.0
2;29400;INTARIAN_PEPPER_ROOT;15023;11;15021;8;;;15039;10;15041;12;;;15031.0;0.0
2;29500;ASH_COATED_OSMIUM;9994;12;9993;14;;;10010;12;10013;10;;;10002.0;0.0
2;29500;INTARIAN_PEPPER_ROOT;15022;10;15021;12;;;15036;23;15039;11;;;15029.5;0.0
2;29600;ASH_COATED_OSMIUM;9988;11;9987;11;;;10004;15;10005;13;;;9996.5;0.0
2;29600;INTARIAN_PEPPER_ROOT;15024;9;;;;;15037;10;;;;;15031.0;0.0
2;29700;ASH_COATED_OSMIUM;9993;23;;;;;10011;15;;;;;10002.0;0.0
2;29700;INTARIAN_PEPPER_ROOT;15024;12;15021;11;;;15037;12;15038;21;;;15031.0;0.0
2;29800;ASH_COATED_OSMIUM;9994;10;;;;;10010;15;;;;;10002.0;0.0
2;29800;INTARIAN_PEPPER_ROOT;15024;11;15022;8;;;15036;8;15038;9;;;15030.5;0.0
2;29900;ASH_COATED_OSMIUM;9987;11;;;;;10006;14;;;;;9997.0;0.0
2;29900;INTARIAN_PEPPER_ROOT;15024;12;15021;9;;;15039;11;15042;10;;;15031.5;0.0
2;30000;ASH_COATED_OSMIUM;9993;12;9991;12;;;10012;13;10013;13;;;10002.5;0.0
2;30000;INTARIAN_PEPPER_ROOT;15028;8;15025;8;15022;8;15040;11;15042;17;15043;11;15034.0;0.0
2;30100;ASH_COATED_OSMIUM;9989;15;;;;;10005;15;;;;;9997.5;0.0
2;30100;INTARIAN_PEPPER_ROOT;15024;10;15023;8;15021;8;15037;11;15039;11;15042;11;15031.0;0.0
2;30200;ASH_COATED_OSMIUM;9995;13;9992;14;;;10011;21;10013;21;;;10003.5;0.0
2;30200;INTARIAN_PEPPER_ROOT;15026;9;;;;;15039;8;;;;;15033.0;0.0
2;30300;ASH_COATED_OSMIUM;9998;12;9997;15;;;10008;15;10009;15;;;10003.5;0.0
2;30300;INTARIAN_PEPPER_ROOT;15025;15;15023;8;;;15036;8;15039;10;;;15031.0;0.0
2;30400;ASH_COATED_OSMIUM;9994;15;9993;12;9992;13;10013;15;10016;15;10019;24;10003.5;0.0
2;30400;INTARIAN_PEPPER_ROOT;15025;9;15024;11;15022;24;15037;9;15039;8;15040;18;15031.5;0.0
2;30500;ASH_COATED_OSMIUM;9990;10;9989;11;;;10006;24;10009;10;;;9998.0;0.0
2;30500;INTARIAN_PEPPER_ROOT;15027;8;;;;;15031;11;;;;;15029.5;0.0
2;30600;ASH_COATED_OSMIUM;9989;11;9987;11;9986;12;10005;14;10006;11;10007;26;9997.5;0.0
2;30600;INTARIAN_PEPPER_ROOT;15022;8;;;;;15035;21;;;;;15028.5;0.0
2;30700;ASH_COATED_OSMIUM;9995;12;;;;;10011;12;;;;;10003.0;0.0
2;30700;INTARIAN_PEPPER_ROOT;15020;8;15019;10;;;15034;10;15036;15;;;15027.0;0.0
2;30800;ASH_COATED_OSMIUM;9990;13;9987;25;;;10006;10;10007;3;;;9998.0;0.0
2;30800;INTARIAN_PEPPER_ROOT;15026;8;15025;22;15023;9;15040;11;15043;8;15044;9;15033.0;0.0
2;30900;ASH_COATED_OSMIUM;9995;14;9993;10;9992;14;10011;25;10013;11;10014;11;10003.5;0.0
2;30900;INTARIAN_PEPPER_ROOT;15027;9;15025;8;;;15039;11;15040;10;;;15033.0;0.0
2;31000;ASH_COATED_OSMIUM;9997;12;9996;11;;;10010;23;10011;10;;;10003.5;0.0
2;31000;INTARIAN_PEPPER_ROOT;15034;8;;;;;15037;16;;;;;15035.5;0.0
2;31100;ASH_COATED_OSMIUM;9995;14;9992;14;9990;13;10011;24;10014;13;10016;13;10003.5;0.0
2;31100;INTARIAN_PEPPER_ROOT;15026;11;15024;9;;;15038;4;15039;8;;;15032.0;0.0
2;31200;ASH_COATED_OSMIUM;9994;13;;;;;10012;12;;;;;10003.5;0.0
2;31200;INTARIAN_PEPPER_ROOT;15027;22;15026;11;15023;10;15042;9;15044;9;15046;9;15034.5;0.0
2;31300;ASH_COATED_OSMIUM;9995;13;9992;30;9991;11;10011;12;10012;10;10014;30;10003.5;0.0
2;31300;INTARIAN_PEPPER_ROOT;15023;19;15022;12;15020;11;15037;8;15038;12;15039;11;15030.5;0.0
2;31400;ASH_COATED_OSMIUM;9990;15;9989;15;9986;10;10006;12;10008;15;10011;14;9998.5;0.0
2;31400;INTARIAN_PEPPER_ROOT;15025;8;;;;;15038;11;;;;;15031.5;0.0
2;31500;ASH_COATED_OSMIUM;9994;29;9993;13;9991;13;10013;25;10016;15;10018;15;10003.5;0.0
2;31500;INTARIAN_PEPPER_ROOT;15034;9;15033;8;;;15049;9;15050;11;;;15042.0;0.0
2;31600;ASH_COATED_OSMIUM;9989;14;9986;10;;;10005;13;10007;14;;;9997.5;0.0
2;31600;INTARIAN_PEPPER_ROOT;15025;10;15023;11;15021;11;15039;9;15040;9;15041;9;15032.0;0.0
2;31700;ASH_COATED_OSMIUM;9993;26;9990;23;;;10011;14;10014;24;;;10002.5;0.0
2;31700;INTARIAN_PEPPER_ROOT;15027;9;15025;11;;;15038;8;15039;15;;;15033.0;0.0
2;31800;ASH_COATED_OSMIUM;9990;10;;;;;10003;15;;;;;9997.0;0.0
2;31800;INTARIAN_PEPPER_ROOT;15028;19;;;;;15042;25;;;;;15035.0;0.0
2;31900;ASH_COATED_OSMIUM;9993;20;;;;;10012;13;;;;;10002.5;0.0
2;31900;INTARIAN_PEPPER_ROOT;15029;11;;;;;15040;8;;;;;15034.5;0.0
2;32000;ASH_COATED_OSMIUM;9989;13;;;;;10005;8;;;;;9997.5;0.0
2;32000;INTARIAN_PEPPER_ROOT;15028;21;15026;8;15024;9;15041;23;15044;9;15046;11;15035.0;0.0
2;32100;ASH_COATED_OSMIUM;9989;14;;;;;10005;21;;;;;9997.0;0.0
2;32100;INTARIAN_PEPPER_ROOT;15023;9;15020;11;;;15040;8;15041;8;;;15032.0;0.0
2;32200;ASH_COATED_OSMIUM;9987;27;;;;;10005;15;;;;;9996.0;0.0
2;32200;INTARIAN_PEPPER_ROOT;15025;11;;;;;15038;16;;;;;15032.0;0.0
2;32300;ASH_COATED_OSMIUM;9988;12;9987;11;9985;13;10004;5;10006;11;10007;14;9996.0;0.0
2;32300;INTARIAN_PEPPER_ROOT;15023;23;;;;;15037;11;;;;;15030.0;0.0
2;32400;ASH_COATED_OSMIUM;9993;14;9992;12;9989;28;10009;15;10012;11;10013;12;10001.0;0.0
2;32400;INTARIAN_PEPPER_ROOT;15024;12;15021;9;;;15037;10;15038;8;;;15031.0;0.0
2;32500;ASH_COATED_OSMIUM;9991;14;9990;10;;;10010;12;10013;10;;;10001.0;0.0
2;32500;INTARIAN_PEPPER_ROOT;15031;9;;;;;15044;8;;;;;15037.5;0.0
2;32600;ASH_COATED_OSMIUM;9987;20;9986;10;;;10003;12;10004;10;;;9995.5;0.0
2;32600;INTARIAN_PEPPER_ROOT;15024;8;15022;10;15020;9;15041;9;15042;12;15044;22;15032.5;0.0
2;32700;ASH_COATED_OSMIUM;9987;14;9984;15;9981;12;10003;10;10004;10;10005;11;9995.0;0.0
2;32700;INTARIAN_PEPPER_ROOT;15024;11;15022;25;;;15038;12;15041;8;;;15031.0;0.0
2;32800;ASH_COATED_OSMIUM;9987;13;9984;13;;;10003;15;10005;14;;;9995.0;0.0
2;32800;INTARIAN_PEPPER_ROOT;15026;9;;;;;15039;11;;;;;15033.0;0.0
2;32900;ASH_COATED_OSMIUM;9993;20;9991;12;;;10009;12;10012;10;;;10001.0;0.0
2;32900;INTARIAN_PEPPER_ROOT;15024;11;15023;24;;;15036;19;15037;11;;;15030.5;0.0
2;33000;ASH_COATED_OSMIUM;9993;29;9992;29;9989;12;10009;10;10012;21;10015;10;10001.0;0.0
2;33000;INTARIAN_PEPPER_ROOT;15026;12;15025;12;15023;12;15037;9;15039;12;15041;11;15032.0;0.0
2;33100;ASH_COATED_OSMIUM;9988;11;9986;10;;;10004;10;10005;13;;;9996.5;0.0
2;33100;INTARIAN_PEPPER_ROOT;15026;11;;;;;15041;8;;;;;15033.5;0.0
2;33200;ASH_COATED_OSMIUM;9988;15;9985;15;;;10004;11;10007;23;;;9996.5;0.0
2;33200;INTARIAN_PEPPER_ROOT;15026;12;;;;;15038;9;;;;;15032.5;0.0
2;33300;ASH_COATED_OSMIUM;9988;22;9985;14;;;10004;14;10005;10;;;9996.5;0.0
2;33300;INTARIAN_PEPPER_ROOT;15026;12;15023;12;15020;17;15039;17;15040;10;15041;12;15032.5;0.0
2;33400;ASH_COATED_OSMIUM;9993;22;;;;;10011;14;;;;;10002.0;0.0
2;33400;INTARIAN_PEPPER_ROOT;15027;15;15026;10;;;15042;9;15045;12;;;15035.0;0.0
2;33500;ASH_COATED_OSMIUM;9987;13;9984;15;;;10006;11;10008;11;;;9997.0;0.0
2;33500;INTARIAN_PEPPER_ROOT;15032;12;15030;6;15029;11;15034;12;15037;24;15038;15;15033.5;0.0
2;33600;ASH_COATED_OSMIUM;9989;14;9987;10;;;10005;11;10007;2;;;9997.0;0.0
2;33600;INTARIAN_PEPPER_ROOT;15024;10;15023;9;;;15038;10;15040;8;;;15031.5;0.0
2;33700;ASH_COATED_OSMIUM;9993;11;9992;12;;;10011;30;10013;10;;;10002.0;0.0
2;33700;INTARIAN_PEPPER_ROOT;15029;12;15026;10;;;15044;12;15046;9;;;15036.5;0.0
2;33800;ASH_COATED_OSMIUM;9989;11;9988;15;;;10005;14;10008;10;;;9997.0;0.0
2;33800;INTARIAN_PEPPER_ROOT;15022;8;15019;11;15017;19;15039;11;15041;9;15044;8;15030.5;0.0
2;33900;ASH_COATED_OSMIUM;9994;15;9993;21;9992;28;10010;10;10012;11;10014;14;10002.5;0.0
2;33900;INTARIAN_PEPPER_ROOT;15029;9;;;;;15041;21;;;;;15035.5;0.0
2;34000;ASH_COATED_OSMIUM;9993;22;9990;5;9987;12;10011;15;10014;15;10015;20;10002.0;0.0
2;34000;INTARIAN_PEPPER_ROOT;15026;11;15025;12;;;15039;8;15042;19;;;15033.0;0.0
2;34100;ASH_COATED_OSMIUM;9992;14;9991;11;9989;4;10011;30;10012;10;10015;11;10001.5;0.0
2;34100;INTARIAN_PEPPER_ROOT;15024;6;;;;;15041;9;;;;;15032.5;0.0
2;34200;ASH_COATED_OSMIUM;9993;11;;;;;10009;15;;;;;10001.5;0.0
2;34200;INTARIAN_PEPPER_ROOT;15028;9;15025;8;15023;11;15041;10;15044;12;15046;23;15035.0;0.0
2;34300;ASH_COATED_OSMIUM;9994;11;9991;24;9988;15;10010;15;10013;11;10015;25;10002.0;0.0
2;34300;INTARIAN_PEPPER_ROOT;15032;17;;;;;15048;12;;;;;15040.0;0.0
2;34400;ASH_COATED_OSMIUM;9988;13;9986;10;;;10004;13;10005;11;;;9996.5;0.0
2;34400;INTARIAN_PEPPER_ROOT;15031;8;;;;;15044;11;;;;;15037.5;0.0
2;34500;ASH_COATED_OSMIUM;9993;11;;;;;10009;12;;;;;10001.0;0.0
2;34500;INTARIAN_PEPPER_ROOT;15028;11;15025;8;;;15040;11;15042;16;;;15034.5;0.0
2;34600;ASH_COATED_OSMIUM;9993;15;9990;13;;;10009;14;10011;15;;;10001.5;0.0
2;34600;INTARIAN_PEPPER_ROOT;15026;12;15023;10;;;15041;11;15044;8;;;15033.5;0.0
2;34700;ASH_COATED_OSMIUM;9993;11;9991;13;;;10009;24;10011;11;;;10001.5;0.0
2;34700;INTARIAN_PEPPER_ROOT;15029;9;15026;12;;;15041;8;15042;12;;;15035.0;0.0
2;34800;ASH_COATED_OSMIUM;9993;15;;;;;10011;13;;;;;10002.0;0.0
2;34800;INTARIAN_PEPPER_ROOT;15031;10;;;;;15043;8;;;;;15037.0;0.0
2;34900;ASH_COATED_OSMIUM;9994;29;;;;;10010;10;;;;;10002.0;0.0
2;34900;INTARIAN_PEPPER_ROOT;15026;10;15023;8;;;15037;10;15040;10;;;15032.0;0.0
2;35000;ASH_COATED_OSMIUM;9993;21;9991;14;9988;22;10011;25;10012;14;10014;14;10002.0;0.0
2;35000;INTARIAN_PEPPER_ROOT;15029;10;15028;12;15027;11;15045;10;15046;11;15049;11;15037.5;0.0
2;35100;ASH_COATED_OSMIUM;9992;20;9990;11;;;10011;13;10013;14;;;10002.0;0.0
2;35100;INTARIAN_PEPPER_ROOT;15028;11;15025;12;15022;9;15041;11;15043;11;15044;17;15034.5;0.0
2;35200;ASH_COATED_OSMIUM;9988;14;9986;13;;;10004;11;10006;14;;;9996.5;0.0
2;35200;INTARIAN_PEPPER_ROOT;15030;12;;;;;15044;10;;;;;15037.5;0.0
2;35300;ASH_COATED_OSMIUM;9994;13;9993;22;;;10010;13;10013;12;;;10002.0;0.0
2;35300;INTARIAN_PEPPER_ROOT;15029;10;15026;25;;;15043;21;15044;8;;;15036.0;0.0
2;35400;ASH_COATED_OSMIUM;9993;10;9990;15;;;10009;15;10010;6;;;10001.5;0.0
2;35400;INTARIAN_PEPPER_ROOT;15031;10;15029;9;15027;11;15042;10;15045;9;15048;9;15037.0;0.0
2;35500;ASH_COATED_OSMIUM;9988;15;9986;14;9985;14;10004;11;10006;27;10009;14;9996.5;0.0
2;35500;INTARIAN_PEPPER_ROOT;15026;12;15024;10;;;15039;25;15042;11;;;15033.0;0.0
2;35600;ASH_COATED_OSMIUM;9992;15;9989;13;9988;12;10011;27;10014;14;10015;11;10001.5;0.0
2;35600;INTARIAN_PEPPER_ROOT;15030;9;15029;8;15026;11;15050;9;15052;10;15054;9;15040.0;0.0
2;35700;ASH_COATED_OSMIUM;9991;27;9988;13;9985;14;10010;12;10012;14;10015;12;10001.0;0.0
2;35700;INTARIAN_PEPPER_ROOT;15027;12;15025;8;15022;12;15043;8;15045;8;15046;12;15035.5;0.0
2;35800;ASH_COATED_OSMIUM;9986;15;9983;13;9981;11;10004;25;10007;15;10010;14;9995.5;0.0
2;35800;INTARIAN_PEPPER_ROOT;15028;9;;;;;15040;9;;;;;15034.0;0.0
2;35900;ASH_COATED_OSMIUM;9992;11;;;;;10010;28;;;;;10001.5;0.0
2;35900;INTARIAN_PEPPER_ROOT;15033;12;15032;10;15031;12;15045;9;15046;11;15048;11;15039.0;0.0
2;36000;ASH_COATED_OSMIUM;9986;28;;;;;10004;10;;;;;9995.5;0.0
2;36000;INTARIAN_PEPPER_ROOT;15033;18;15031;25;;;15043;22;15044;8;;;15038.0;0.0
2;36100;ASH_COATED_OSMIUM;9992;15;;;;;10008;5;;;;;10000.5;0.0
2;36100;INTARIAN_PEPPER_ROOT;15029;17;15026;9;15024;25;15042;12;15045;10;15046;12;15035.5;0.0
2;36200;ASH_COATED_OSMIUM;9986;28;;;;;10004;13;;;;;9995.5;0.0
2;36200;INTARIAN_PEPPER_ROOT;15031;12;15028;9;;;15046;8;15047;12;;;15039.0;0.0
2;36300;ASH_COATED_OSMIUM;9995;15;;;;;10006;12;;;;;10001.0;0.0
2;36300;INTARIAN_PEPPER_ROOT;15033;8;15031;11;;;15037;9;15038;11;;;15035.5;0.0
2;36400;ASH_COATED_OSMIUM;9986;12;;;;;10005;15;;;;;9996.0;0.0
2;36400;INTARIAN_PEPPER_ROOT;15030;25;15028;9;;;15042;24;15045;9;;;15036.0;0.0
2;36500;ASH_COATED_OSMIUM;9993;15;9992;15;;;10009;11;10010;10;;;10001.0;0.0
2;36500;INTARIAN_PEPPER_ROOT;15032;12;;;;;15045;10;;;;;15038.5;0.0
2;36600;ASH_COATED_OSMIUM;9987;15;9984;10;9983;10;10003;25;10005;11;10008;15;9995.5;0.0
2;36600;INTARIAN_PEPPER_ROOT;15028;9;15025;11;15022;10;15041;11;15043;16;15044;11;15035.0;0.0
2;36700;ASH_COATED_OSMIUM;9987;12;9985;12;;;10005;14;10008;13;;;9996.0;0.0
2;36700;INTARIAN_PEPPER_ROOT;15030;9;15028;8;;;15044;10;15046;11;;;15037.5;0.0
2;36800;ASH_COATED_OSMIUM;9987;11;9984;15;9983;12;10005;10;10006;11;10009;5;9996.0;0.0
2;36800;INTARIAN_PEPPER_ROOT;15027;8;15025;11;15024;9;15043;11;15044;10;15047;12;15035.0;0.0
2;36900;ASH_COATED_OSMIUM;9993;20;9992;22;;;10009;14;10010;13;;;10001.5;0.0
2;36900;INTARIAN_PEPPER_ROOT;15028;23;15027;10;15025;3;15043;12;15046;10;15049;8;15036.0;0.0
2;37000;ASH_COATED_OSMIUM;9990;14;9987;14;;;10001;15;10002;12;;;9996.0;0.0
2;37000;INTARIAN_PEPPER_ROOT;15024;12;15023;17;;;15039;8;15041;19;;;15031.5;0.0
2;37100;ASH_COATED_OSMIUM;9991;11;9989;15;9986;25;10009;12;10011;11;10014;12;10000.5;0.0
2;37100;INTARIAN_PEPPER_ROOT;15033;8;15032;9;;;15047;11;15050;11;;;15040.0;0.0
2;37200;ASH_COATED_OSMIUM;9993;15;;;;;10009;10;;;;;10001.0;0.0
2;37200;INTARIAN_PEPPER_ROOT;15030;18;15027;10;;;15042;10;15045;3;;;15036.5;0.0
2;37300;ASH_COATED_OSMIUM;9991;13;9990;21;9988;15;10010;30;10011;10;10014;12;10001.0;0.0
2;37300;INTARIAN_PEPPER_ROOT;15030;9;15029;8;15028;12;15043;12;15045;9;15047;9;15036.5;0.0
2;37400;ASH_COATED_OSMIUM;9986;15;9985;10;;;10005;12;10008;10;;;9995.5;0.0
2;37400;INTARIAN_PEPPER_ROOT;15030;9;;;;;15042;11;;;;;15036.0;0.0
2;37500;ASH_COATED_OSMIUM;9993;27;9992;10;9990;25;10009;11;10010;10;10012;15;10001.0;0.0
2;37500;INTARIAN_PEPPER_ROOT;15030;11;15028;22;15026;18;15043;23;15046;24;15048;10;15036.5;0.0
2;37600;ASH_COATED_OSMIUM;9993;14;9991;11;;;10009;27;10011;15;;;10001.0;0.0
2;37600;INTARIAN_PEPPER_ROOT;15031;9;15030;8;;;15044;10;15047;11;;;15037.5;0.0
2;37700;ASH_COATED_OSMIUM;9986;12;9984;10;9982;10;10005;14;10008;10;10011;14;9995.5;0.0
2;37700;INTARIAN_PEPPER_ROOT;15030;11;15029;11;;;15043;12;15044;8;;;15036.5;0.0
2;37800;ASH_COATED_OSMIUM;9992;10;9991;15;;;10008;12;10011;24;;;10000.5;0.0
2;37800;INTARIAN_PEPPER_ROOT;15036;8;15034;8;;;15048;8;15050;25;;;15042.5;0.0
2;37900;ASH_COATED_OSMIUM;9986;14;;;;;10005;11;;;;;9995.5;0.0
2;37900;INTARIAN_PEPPER_ROOT;15031;10;15028;12;;;15042;12;15043;9;;;15036.5;0.0
2;38000;ASH_COATED_OSMIUM;9987;13;9985;25;;;10003;15;10004;20;;;9995.5;0.0
2;38000;INTARIAN_PEPPER_ROOT;15029;8;15028;11;15026;9;15042;10;15043;8;15044;10;15036.0;0.0
2;38100;ASH_COATED_OSMIUM;9986;11;;;;;10004;11;;;;;9995.0;0.0
2;38100;INTARIAN_PEPPER_ROOT;15034;8;15031;11;;;15046;12;15048;8;;;15040.0;0.0
2;38200;ASH_COATED_OSMIUM;9995;13;9994;13;9991;2;10005;3;10006;15;10007;14;10000.0;0.0
2;38200;INTARIAN_PEPPER_ROOT;15030;11;15028;8;;;15044;8;15046;19;;;15037.0;0.0
2;38300;ASH_COATED_OSMIUM;9992;13;9991;14;9988;25;10008;12;10010;15;10012;14;10000.0;0.0
2;38300;INTARIAN_PEPPER_ROOT;15028;12;;;;;15046;18;;;;;15037.5;0.0
2;38400;ASH_COATED_OSMIUM;9990;20;;;;;10011;15;;;;;10000.5;0.0
2;38400;INTARIAN_PEPPER_ROOT;15032;11;;;;;15045;9;;;;;15039.0;0.0
2;38500;ASH_COATED_OSMIUM;9997;13;9994;11;;;10003;14;10006;15;;;10000.5;0.0
2;38500;INTARIAN_PEPPER_ROOT;15030;12;15027;11;;;15041;11;15043;15;;;15036.0;0.0
2;38600;ASH_COATED_OSMIUM;9987;10;9986;12;;;10003;10;10005;11;;;9995.0;0.0
2;38600;INTARIAN_PEPPER_ROOT;15032;8;;;;;15044;12;;;;;15038.0;0.0
2;38700;ASH_COATED_OSMIUM;9991;14;9990;11;;;10009;24;10011;14;;;10000.0;0.0
2;38700;INTARIAN_PEPPER_ROOT;15032;16;15029;21;;;15045;8;15047;11;;;15039.0;0.0
2;38800;ASH_COATED_OSMIUM;9991;15;9988;15;;;10007;25;10008;10;;;9999.5;0.0
2;38800;INTARIAN_PEPPER_ROOT;15027;12;;;;;15043;10;;;;;15035.5;0.0
2;38900;ASH_COATED_OSMIUM;9990;11;;;;;10008;28;;;;;9999.0;0.0
2;38900;INTARIAN_PEPPER_ROOT;15033;10;15031;19;;;15049;8;15051;10;;;15041.0;0.0
2;39000;ASH_COATED_OSMIUM;9986;10;9983;30;;;10002;14;10003;13;;;9994.5;0.0
2;39000;INTARIAN_PEPPER_ROOT;15031;10;15029;9;;;15047;19;15050;9;;;15039.0;0.0
2;39100;ASH_COATED_OSMIUM;9991;11;9990;10;;;10007;14;10008;13;;;9999.5;0.0
2;39100;INTARIAN_PEPPER_ROOT;15032;11;15030;10;15028;11;15043;10;15046;17;15049;9;15038.0;0.0
2;39200;ASH_COATED_OSMIUM;9985;12;9982;15;;;10003;10;10005;11;;;9994.5;0.0
2;39200;INTARIAN_PEPPER_ROOT;15029;15;15028;8;;;15045;24;15046;12;;;15037.5;0.0
2;39300;ASH_COATED_OSMIUM;9986;13;9985;10;;;10002;12;10003;20;;;9994.5;0.0
2;39300;INTARIAN_PEPPER_ROOT;15033;12;;;;;15045;11;;;;;15039.5;0.0
2;39400;ASH_COATED_OSMIUM;9990;15;;;;;10009;22;;;;;9999.5;0.0
2;39400;INTARIAN_PEPPER_ROOT;15037;9;15036;9;;;15040;16;15041;11;;;15039.0;0.0
2;39500;ASH_COATED_OSMIUM;9985;30;;;;;10003;13;;;;;9994.5;0.0
2;39500;INTARIAN_PEPPER_ROOT;15036;10;15033;12;;;15044;10;15046;9;;;15040.0;0.0
2;39600;ASH_COATED_OSMIUM;9995;14;9993;15;9990;13;10004;15;10007;10;10009;10;10000.0;0.0
2;39600;INTARIAN_PEPPER_ROOT;15030;9;15028;12;;;15042;11;15043;20;;;15036.0;0.0
2;39700;ASH_COATED_OSMIUM;9989;10;9988;10;9987;15;10000;14;10002;10;10003;15;9995.0;0.0
2;39700;INTARIAN_PEPPER_ROOT;15031;10;15028;9;15025;9;15048;12;15050;8;15051;8;15040.0;0.0
2;39800;ASH_COATED_OSMIUM;9992;4;9989;14;;;10008;13;10010;10;;;10000.0;0.0
2;39800;INTARIAN_PEPPER_ROOT;15033;8;15032;9;;;15046;9;15048;8;;;15040.0;0.0
2;39900;ASH_COATED_OSMIUM;9992;10;9991;12;;;10008;10;10010;15;;;10000.5;0.0
2;39900;INTARIAN_PEPPER_ROOT;15031;11;15030;9;;;15046;9;15048;12;;;15039.0;0.0
2;40000;ASH_COATED_OSMIUM;9992;15;9991;14;9988;12;10008;10;10011;15;10012;10;10000.5;0.0
2;40000;INTARIAN_PEPPER_ROOT;15033;9;15031;11;15030;16;15049;11;15051;10;15053;25;15041.0;0.0
2;40100;ASH_COATED_OSMIUM;9990;20;9989;13;9988;2;10011;10;10013;13;10015;10;10000.5;0.0
2;40100;INTARIAN_PEPPER_ROOT;15039;21;;;;;15052;11;;;;;15046.0;0.0
2;40200;ASH_COATED_OSMIUM;9985;28;;;;;10004;12;;;;;9995.0;0.0
2;40200;INTARIAN_PEPPER_ROOT;15036;8;;;;;15048;10;;;;;15042.0;0.0
2;40300;ASH_COATED_OSMIUM;9992;13;9991;13;;;10008;13;10009;22;;;10000.5;0.0
2;40300;INTARIAN_PEPPER_ROOT;15033;3;15032;8;15031;7;15046;8;15047;20;15049;10;15039.5;0.0
2;40400;ASH_COATED_OSMIUM;9990;30;;;;;10009;11;;;;;10000.0;0.0
2;40400;INTARIAN_PEPPER_ROOT;15034;10;15033;12;15031;18;15046;12;15049;10;15050;12;15040.0;0.0
2;40500;ASH_COATED_OSMIUM;9992;14;;;;;10008;13;;;;;10000.5;0.0
2;40500;INTARIAN_PEPPER_ROOT;15037;9;;;;;15050;10;;;;;15043.5;0.0
2;40600;ASH_COATED_OSMIUM;9992;14;9990;11;;;10008;6;10011;25;;;10000.0;0.0
2;40600;INTARIAN_PEPPER_ROOT;15032;12;15030;12;;;15045;11;15048;11;;;15039.0;0.0
2;40700;ASH_COATED_OSMIUM;9991;11;9989;15;;;10010;10;10012;20;;;10001.0;0.0
2;40700;INTARIAN_PEPPER_ROOT;15030;10;15028;25;15027;8;15042;11;15043;9;15045;25;15036.0;0.0
2;40800;ASH_COATED_OSMIUM;9993;11;;;;;10009;15;;;;;10001.5;0.0
2;40800;INTARIAN_PEPPER_ROOT;15032;10;15029;9;;;15044;10;15047;8;;;15038.0;0.0
2;40900;ASH_COATED_OSMIUM;9992;12;9989;15;;;10010;25;10012;24;;;10001.5;0.0
2;40900;INTARIAN_PEPPER_ROOT;15034;8;;;;;15049;11;;;;;15041.5;0.0
2;41000;ASH_COATED_OSMIUM;9992;30;9989;10;9987;15;10010;15;10013;15;10015;15;10001.0;0.0
2;41000;INTARIAN_PEPPER_ROOT;15032;12;;;;;15048;23;;;;;15040.0;0.0
2;41100;ASH_COATED_OSMIUM;9991;12;9989;10;9986;2;10012;13;10014;14;10017;10;10001.5;0.0
2;41100;INTARIAN_PEPPER_ROOT;15036;12;15033;11;;;15048;8;15049;12;;;15042.0;0.0
2;41200;ASH_COATED_OSMIUM;9988;11;9986;14;;;10004;13;10007;25;;;9996.5;0.0
2;41200;INTARIAN_PEPPER_ROOT;15039;9;15038;8;;;15052;10;15054;11;;;15046.0;0.0
2;41300;ASH_COATED_OSMIUM;9993;11;9991;15;9989;9;10011;13;10013;13;10014;30;10002.5;0.0
2;41300;INTARIAN_PEPPER_ROOT;15035;10;15032;12;;;15049;10;15051;18;;;15042.5;0.0
2;41400;ASH_COATED_OSMIUM;9989;10;;;;;10005;13;;;;;9997.0;0.0
2;41400;INTARIAN_PEPPER_ROOT;15036;10;;;;;15049;10;;;;;15042.5;0.0
2;41500;ASH_COATED_OSMIUM;9989;3;9987;15;;;10005;22;10006;11;;;9997.0;0.0
2;41500;INTARIAN_PEPPER_ROOT;15036;9;15035;9;15034;10;15053;12;15055;11;15058;9;15045.0;0.0
2;41600;ASH_COATED_OSMIUM;9994;5;9993;25;9991;13;10010;12;10012;10;10013;11;10002.0;0.0
2;41600;INTARIAN_PEPPER_ROOT;15030;12;15028;11;;;15047;11;15048;24;;;15038.5;0.0
2;41700;ASH_COATED_OSMIUM;9994;11;;;;;10010;11;;;;;10002.0;0.0
2;41700;INTARIAN_PEPPER_ROOT;15035;24;;;;;15048;10;;;;;15042.0;0.0
2;41800;ASH_COATED_OSMIUM;9992;14;;;;;10011;14;;;;;10001.5;0.0
2;41800;INTARIAN_PEPPER_ROOT;15034;11;15032;12;;;15050;7;15053;12;;;15042.5;0.0
2;41900;ASH_COATED_OSMIUM;9987;13;;;;;10005;15;;;;;9996.5;0.0
2;41900;INTARIAN_PEPPER_ROOT;15031;20;;;;;15045;12;;;;;15038.5;0.0
2;42000;ASH_COATED_OSMIUM;9988;4;9987;13;9985;12;10004;15;10006;11;10008;15;9996.5;0.0
2;42000;INTARIAN_PEPPER_ROOT;15043;8;;;;;15057;9;;;;;15050.5;0.0
2;42100;ASH_COATED_OSMIUM;9993;14;;;;;10011;13;;;;;10002.0;0.0
2;42100;INTARIAN_PEPPER_ROOT;15035;8;15033;11;;;15049;8;15051;8;;;15042.5;0.0
2;42200;ASH_COATED_OSMIUM;9988;10;9987;10;9984;13;10004;10;10005;27;10008;10;9996.5;0.0
2;42200;INTARIAN_PEPPER_ROOT;15040;11;;;;;15057;12;;;;;15049.0;0.0
2;42300;ASH_COATED_OSMIUM;9994;11;9992;20;9990;11;10010;11;10012;15;10014;11;10002.0;0.0
2;42300;INTARIAN_PEPPER_ROOT;15036;12;15035;10;15032;9;15048;19;15051;12;15054;11;15042.5;0.0
2;42400;ASH_COATED_OSMIUM;9994;12;;;;;10013;25;;;;;10003.5;0.0
2;42400;INTARIAN_PEPPER_ROOT;15036;10;15033;10;15030;9;15053;10;15054;12;15057;12;15044.5;0.0
2;42500;ASH_COATED_OSMIUM;9995;29;9993;13;9990;13;10011;14;10013;15;10016;12;10003.5;0.0
2;42500;INTARIAN_PEPPER_ROOT;15036;9;15034;11;;;15049;10;15051;8;;;15042.5;0.0
2;42600;ASH_COATED_OSMIUM;9990;20;9988;11;9987;15;10006;25;10007;10;10010;15;9998.0;0.0
2;42600;INTARIAN_PEPPER_ROOT;15036;9;15034;12;;;15053;10;15055;10;;;15044.5;0.0
2;42700;ASH_COATED_OSMIUM;9990;12;9989;15;;;10006;15;10008;14;;;9998.0;0.0
2;42700;INTARIAN_PEPPER_ROOT;15034;7;;;;;15048;9;;;;;15041.5;0.0
2;42800;ASH_COATED_OSMIUM;9998;13;9996;14;9994;11;10007;20;10010;11;10012;8;10003.0;0.0
2;42800;INTARIAN_PEPPER_ROOT;15039;17;15036;19;;;15053;11;15056;9;;;15046.5;0.0
2;42900;ASH_COATED_OSMIUM;9990;15;;;;;10006;5;;;;;9998.0;0.0
2;42900;INTARIAN_PEPPER_ROOT;15032;9;;;;;15047;10;;;;;15040.0;0.0
2;43000;ASH_COATED_OSMIUM;9989;15;9987;12;;;10007;15;10008;10;;;9998.0;0.0
2;43000;INTARIAN_PEPPER_ROOT;15039;10;15037;12;15034;25;15051;10;15052;9;15053;12;15045.0;0.0
2;43100;ASH_COATED_OSMIUM;9990;10;9989;11;9987;10;10006;11;10007;12;10009;11;9998.5;0.0
2;43100;INTARIAN_PEPPER_ROOT;15039;11;15037;8;;;15055;12;15056;11;;;15047.5;0.0
2;43200;ASH_COATED_OSMIUM;9990;14;9989;11;;;10006;10;10009;26;;;9998.5;0.0
2;43200;INTARIAN_PEPPER_ROOT;15039;9;15038;9;;;15042;8;15044;9;;;15040.5;0.0
2;43300;ASH_COATED_OSMIUM;9988;12;9985;10;9982;27;10007;22;10009;12;10012;10;9997.5;0.0
2;43300;INTARIAN_PEPPER_ROOT;15038;8;15037;9;15035;3;15050;11;15052;9;15055;20;15044.5;0.0
2;43400;ASH_COATED_OSMIUM;9995;14;9992;3;;;10011;14;10012;12;;;10003.0;0.0
2;43400;INTARIAN_PEPPER_ROOT;15036;9;15034;10;;;15055;9;15057;9;;;15045.5;0.0
2;43500;ASH_COATED_OSMIUM;9990;10;;;;;10006;14;;;;;9998.0;0.0
2;43500;INTARIAN_PEPPER_ROOT;15038;11;15037;4;15036;10;15049;8;15050;12;15052;19;15043.5;0.0
2;43600;ASH_COATED_OSMIUM;9995;10;;;;;10011;12;;;;;10003.0;0.0
2;43600;INTARIAN_PEPPER_ROOT;15034;18;15031;8;;;15047;11;15049;11;;;15040.5;0.0
2;43700;ASH_COATED_OSMIUM;9989;15;9986;11;9985;11;10005;15;10006;4;10007;11;9997.5;0.0
2;43700;INTARIAN_PEPPER_ROOT;15035;10;;;;;15049;10;;;;;15042.5;0.0
2;43800;ASH_COATED_OSMIUM;9988;10;;;;;10007;10;;;;;9998.0;0.0
2;43800;INTARIAN_PEPPER_ROOT;15040;8;15038;9;;;15051;8;15052;8;;;15045.5;0.0
2;43900;ASH_COATED_OSMIUM;9995;12;9994;12;;;10011;15;10014;14;;;10003.5;0.0
2;43900;INTARIAN_PEPPER_ROOT;15037;12;;;;;15052;8;;;;;15044.5;0.0
2;44000;ASH_COATED_OSMIUM;9995;11;9993;24;;;10011;11;10013;11;;;10003.0;0.0
2;44000;INTARIAN_PEPPER_ROOT;15039;12;15037;10;;;15050;12;15053;11;;;15044.5;0.0
2;44100;ASH_COATED_OSMIUM;9997;14;;;;;10008;12;;;;;10002.5;0.0
2;44100;INTARIAN_PEPPER_ROOT;15046;12;15043;19;;;15058;8;15060;10;;;15052.5;0.0
2;44200;ASH_COATED_OSMIUM;9989;21;;;;;10005;12;;;;;9997.0;0.0
2;44200;INTARIAN_PEPPER_ROOT;15039;9;15036;11;;;15053;22;15054;10;;;15046.5;0.0
2;44300;ASH_COATED_OSMIUM;9988;20;9985;15;;;10004;15;10007;12;;;9996.5;0.0
2;44300;INTARIAN_PEPPER_ROOT;15037;11;15036;19;15035;8;15051;24;15054;6;15055;10;15044.5;0.0
2;44400;ASH_COATED_OSMIUM;9989;12;9986;13;;;10005;24;10008;10;;;9997.0;0.0
2;44400;INTARIAN_PEPPER_ROOT;15036;21;;;;;15050;9;;;;;15043.0;0.0
2;44500;ASH_COATED_OSMIUM;9993;10;9990;13;9989;11;10011;14;10013;12;10014;11;10002.0;0.0
2;44500;INTARIAN_PEPPER_ROOT;15038;11;15037;10;;;15051;12;15053;12;;;15045.0;0.0
2;44600;ASH_COATED_OSMIUM;9994;11;9991;12;;;10010;11;10011;12;;;10002.0;0.0
2;44600;INTARIAN_PEPPER_ROOT;15039;11;15037;15;15034;12;15051;9;15054;8;15057;10;15045.5;0.0
2;44700;ASH_COATED_OSMIUM;9997;14;9996;13;;;10007;30;10009;15;;;10002.5;0.0
2;44700;INTARIAN_PEPPER_ROOT;15042;12;;;;;15055;9;;;;;15048.5;0.0
2;44800;ASH_COATED_OSMIUM;9994;15;;;;;10010;20;;;;;10002.5;0.0
2;44800;INTARIAN_PEPPER_ROOT;15042;9;15039;8;;;15053;10;15054;8;;;15047.5;0.0
2;44900;ASH_COATED_OSMIUM;9994;10;9991;10;9988;21;10010;15;10012;10;10015;15;10002.5;0.0
2;44900;INTARIAN_PEPPER_ROOT;15040;8;15038;10;;;15052;10;15054;10;;;15046.0;0.0
2;45000;ASH_COATED_OSMIUM;9989;27;9987;23;9986;11;10005;14;10008;10;10009;12;9997.5;0.0
2;45000;INTARIAN_PEPPER_ROOT;15040;10;15039;10;;;15051;19;15053;23;;;15045.5;0.0
2;45100;ASH_COATED_OSMIUM;9993;12;9990;14;9987;11;10012;12;10013;11;10016;14;10002.5;0.0
2;45100;INTARIAN_PEPPER_ROOT;15040;12;15037;8;;;15052;15;15055;9;;;15046.0;0.0
2;45200;ASH_COATED_OSMIUM;9995;11;9993;12;9990;10;10011;13;10013;14;10015;26;10003.0;0.0
2;45200;INTARIAN_PEPPER_ROOT;15039;11;15036;12;;;15051;9;15052;8;;;15045.0;0.0
2;45300;ASH_COATED_OSMIUM;9993;10;9990;15;;;10012;13;10015;29;;;10003.0;0.0
2;45300;INTARIAN_PEPPER_ROOT;15031;12;15030;10;15028;12;15047;20;15049;15;15052;23;15039.5;0.0
2;45400;ASH_COATED_OSMIUM;9995;12;9994;14;;;10011;15;10012;14;;;10003.5;0.0
2;45400;INTARIAN_PEPPER_ROOT;15040;10;15039;12;15036;10;15051;12;15054;11;15056;9;15045.5;0.0
2;45500;ASH_COATED_OSMIUM;9994;13;9992;4;;;10010;12;10013;14;;;10002.0;0.0
2;45500;INTARIAN_PEPPER_ROOT;15039;9;15038;8;;;15052;10;15053;11;;;15045.5;0.0
2;45600;ASH_COATED_OSMIUM;9994;13;9992;23;;;10010;15;10011;15;;;10002.0;0.0
2;45600;INTARIAN_PEPPER_ROOT;15038;11;15036;8;;;15050;19;15051;12;;;15044.0;0.0
2;45700;ASH_COATED_OSMIUM;9994;14;9992;13;9991;13;10010;15;10013;15;10014;15;10002.5;0.0
2;45700;INTARIAN_PEPPER_ROOT;15037;11;15035;8;15032;10;15053;9;15055;11;15058;8;15045.0;0.0
2;45800;ASH_COATED_OSMIUM;9989;11;;;;;10005;22;;;;;9997.5;0.0
2;45800;INTARIAN_PEPPER_ROOT;15036;10;;;;;15047;8;;;;;15041.5;0.0
2;45900;ASH_COATED_OSMIUM;9989;15;9988;13;9986;12;10005;27;10007;13;10008;10;9997.5;0.0
2;45900;INTARIAN_PEPPER_ROOT;15042;11;15039;22;15036;9;15055;12;15056;10;15057;24;15048.5;0.0
2;46000;ASH_COATED_OSMIUM;9995;11;9993;15;;;10011;15;10014;15;;;10003.5;0.0
2;46000;INTARIAN_PEPPER_ROOT;15039;9;15037;12;;;15052;9;15054;8;;;15045.5;0.0
2;46100;ASH_COATED_OSMIUM;9988;26;9987;14;;;10007;12;10010;13;;;9998.0;0.0
2;46100;INTARIAN_PEPPER_ROOT;15041;12;15038;20;;;15054;8;15055;8;;;15048.0;0.0
2;46200;ASH_COATED_OSMIUM;9994;12;9991;13;;;10013;12;10016;13;;;10004.0;0.0
2;46200;INTARIAN_PEPPER_ROOT;15041;8;15039;22;;;15057;9;15060;11;;;15049.5;0.0
2;46300;ASH_COATED_OSMIUM;9990;11;;;;;10006;10;;;;;9998.5;0.0
2;46300;INTARIAN_PEPPER_ROOT;15039;8;;;;;15051;12;;;;;15045.0;0.0
2;46400;ASH_COATED_OSMIUM;9991;10;;;;;10007;12;;;;;9999.0;0.0
2;46400;INTARIAN_PEPPER_ROOT;15038;11;15036;9;15034;18;15051;21;15054;12;15056;11;15044.5;0.0
2;46500;ASH_COATED_OSMIUM;9991;27;;;;;10007;15;;;;;9999.0;0.0
2;46500;INTARIAN_PEPPER_ROOT;15040;9;;;;;15057;11;;;;;15049.0;0.0
2;46600;ASH_COATED_OSMIUM;9995;14;9993;15;;;10013;10;10015;29;;;10004.5;0.0
2;46600;INTARIAN_PEPPER_ROOT;15039;11;15036;10;;;15051;10;15054;9;;;15045.5;0.0
2;46700;ASH_COATED_OSMIUM;9999;12;;;;;10009;13;;;;;10004.0;0.0
2;46700;INTARIAN_PEPPER_ROOT;15042;15;15039;11;;;15053;12;15055;16;;;15048.0;0.0
2;46800;ASH_COATED_OSMIUM;9996;15;9995;14;;;10002;12;10005;13;;;9999.0;0.0
2;46800;INTARIAN_PEPPER_ROOT;15037;10;15035;11;;;15054;8;15056;24;;;15046.0;0.0
2;46900;ASH_COATED_OSMIUM;9989;11;9987;13;;;10007;24;10010;10;;;9998.0;0.0
2;46900;INTARIAN_PEPPER_ROOT;15038;9;15035;16;15033;11;15051;21;15053;7;15056;12;15045.0;0.0
2;47000;ASH_COATED_OSMIUM;9989;10;;;;;10005;14;;;;;9997.5;0.0
2;47000;INTARIAN_PEPPER_ROOT;15040;12;15039;22;;;15052;9;15055;12;;;15046.5;0.0
2;47100;ASH_COATED_OSMIUM;9989;10;9988;10;;;10005;20;10006;22;;;9997.5;0.0
2;47100;INTARIAN_PEPPER_ROOT;15037;9;15034;8;15032;5;15051;8;15053;17;15054;10;15044.0;0.0
2;47200;ASH_COATED_OSMIUM;9989;11;;;;;10005;11;;;;;9997.5;0.0
2;47200;INTARIAN_PEPPER_ROOT;15040;10;;;;;15057;8;;;;;15049.0;0.0
2;47300;ASH_COATED_OSMIUM;9989;14;9987;14;9986;15;10005;13;10006;14;10008;10;9997.0;0.0
2;47300;INTARIAN_PEPPER_ROOT;15040;9;15039;8;15038;6;15057;8;15060;21;15061;9;15048.5;0.0
2;47400;ASH_COATED_OSMIUM;9989;10;9988;15;;;10005;15;10008;12;;;9997.0;0.0
2;47400;INTARIAN_PEPPER_ROOT;15043;16;15040;12;;;15055;17;15058;10;;;15049.5;0.0
2;47500;ASH_COATED_OSMIUM;9993;15;9990;14;;;10012;15;10015;15;;;10003.0;0.0
2;47500;INTARIAN_PEPPER_ROOT;15039;11;15036;9;15034;20;15052;21;15055;12;15058;22;15046.0;0.0
2;47600;ASH_COATED_OSMIUM;9995;13;9994;10;;;10011;24;10014;10;;;10003.0;0.0
2;47600;INTARIAN_PEPPER_ROOT;15039;10;15037;9;;;15057;10;15060;8;;;15048.5;0.0
2;47700;ASH_COATED_OSMIUM;9991;14;;;;;10007;11;;;;;9999.0;0.0
2;47700;INTARIAN_PEPPER_ROOT;15040;11;15037;10;;;15054;9;15057;11;;;15047.5;0.0
2;47800;ASH_COATED_OSMIUM;9990;11;;;;;10006;12;;;;;9998.5;0.0
2;47800;INTARIAN_PEPPER_ROOT;15046;12;15043;22;;;15058;8;15059;10;;;15052.5;0.0
2;47900;ASH_COATED_OSMIUM;9994;10;9993;30;;;10004;13;10005;22;;;9999.0;0.0
2;47900;INTARIAN_PEPPER_ROOT;15047;10;;;;;15059;21;;;;;15053.0;0.0
2;48000;ASH_COATED_OSMIUM;9994;14;9993;8;;;10015;25;10016;14;;;10004.5;0.0
2;48000;INTARIAN_PEPPER_ROOT;15042;23;15040;12;15039;10;15053;8;15055;12;15056;9;15048.0;0.0
2;48100;ASH_COATED_OSMIUM;9991;26;;;;;10007;12;;;;;9999.0;0.0
2;48100;INTARIAN_PEPPER_ROOT;15042;12;15040;11;15038;10;15049;11;15051;11;15053;11;15046.0;0.0
2;48200;ASH_COATED_OSMIUM;9992;12;;;;;10008;10;;;;;10000.0;0.0
2;48200;INTARIAN_PEPPER_ROOT;15042;16;15039;11;15036;9;15053;8;15055;12;15056;8;15047.5;0.0
2;48300;ASH_COATED_OSMIUM;9991;10;9990;12;;;10007;21;10008;13;;;9999.5;0.0
2;48300;INTARIAN_PEPPER_ROOT;15040;8;15039;9;15037;9;15053;16;15055;8;15058;12;15047.0;0.0
2;48400;ASH_COATED_OSMIUM;9991;13;9988;29;;;10007;30;10010;15;;;9999.5;0.0
2;48400;INTARIAN_PEPPER_ROOT;15040;11;15038;11;;;15057;10;15060;4;;;15049.0;0.0
2;48500;ASH_COATED_OSMIUM;9996;14;9994;15;9993;11;10012;15;10013;11;10014;10;10004.0;0.0
2;48500;INTARIAN_PEPPER_ROOT;15039;12;15038;23;;;15053;12;15055;21;;;15046.5;0.0
2;48600;ASH_COATED_OSMIUM;9991;14;9988;12;;;10007;15;10008;23;;;9999.0;0.0
2;48600;INTARIAN_PEPPER_ROOT;15039;11;15036;10;15033;17;15051;9;15053;9;15055;8;15045.0;0.0
2;48700;ASH_COATED_OSMIUM;9995;14;9993;13;;;10014;11;10016;13;;;10005.0;0.0
2;48700;INTARIAN_PEPPER_ROOT;15044;22;15043;9;;;15057;9;15060;12;;;15051.0;0.0
2;48800;ASH_COATED_OSMIUM;9990;26;9987;11;;;10009;14;10011;10;;;9999.5;0.0
2;48800;INTARIAN_PEPPER_ROOT;15039;10;;;;;15051;11;;;;;15045.5;0.0
2;48900;ASH_COATED_OSMIUM;10000;14;9997;24;;;10009;15;10012;10;;;10005.0;0.0
2;48900;INTARIAN_PEPPER_ROOT;15042;10;15041;8;15040;12;15055;11;15058;9;15061;9;15049.0;0.0
2;49000;ASH_COATED_OSMIUM;9995;13;9992;14;;;10013;14;10016;12;;;10004.5;0.0
2;49000;INTARIAN_PEPPER_ROOT;15043;8;;;;;15057;9;;;;;15050.0;0.0
2;49100;ASH_COATED_OSMIUM;9995;15;;;;;10013;12;;;;;10004.0;0.0
2;49100;INTARIAN_PEPPER_ROOT;15039;12;15037;11;15034;11;15052;11;15054;9;15055;12;15045.5;0.0
2;49200;ASH_COATED_OSMIUM;9990;15;;;;;10008;12;;;;;9999.5;0.0
2;49200;INTARIAN_PEPPER_ROOT;15039;7;15036;11;15033;18;15052;8;15053;10;15056;8;15046.0;0.0
2;49300;ASH_COATED_OSMIUM;10002;12;10000;11;;;10008;14;10009;11;;;10005.0;0.0
2;49300;INTARIAN_PEPPER_ROOT;15041;11;15038;9;;;15054;11;15056;11;;;15047.5;0.0
2;49400;ASH_COATED_OSMIUM;9997;4;9994;11;;;10013;14;10015;21;;;10005.5;0.0
2;49400;INTARIAN_PEPPER_ROOT;15039;11;;;;;15053;23;;;;;15046.0;0.0
2;49500;ASH_COATED_OSMIUM;9996;10;;;;;10014;13;;;;;10005.5;0.0
2;49500;INTARIAN_PEPPER_ROOT;15043;10;15041;12;;;15059;9;15061;9;;;15051.5;0.0
2;49600;ASH_COATED_OSMIUM;10001;10;10000;12;;;10010;23;10013;12;;;10005.5;0.0
2;49600;INTARIAN_PEPPER_ROOT;15039;11;15036;17;15033;11;15056;11;15057;8;15059;11;15047.5;0.0
2;49700;ASH_COATED_OSMIUM;9997;21;;;;;10013;15;;;;;10005.5;0.0
2;49700;INTARIAN_PEPPER_ROOT;15045;10;15042;22;;;15057;12;15059;8;;;15051.0;0.0
2;49800;ASH_COATED_OSMIUM;9997;28;9995;15;;;10013;13;10015;12;;;10005.5;0.0
2;49800;INTARIAN_PEPPER_ROOT;15040;10;;;;;15055;11;;;;;15048.0;0.0
2;49900;ASH_COATED_OSMIUM;9991;15;9990;11;;;10009;12;10011;12;;;10000.0;0.0
2;49900;INTARIAN_PEPPER_ROOT;15043;11;15040;12;;;15055;8;15058;11;;;15049.0;0.0
2;50000;ASH_COATED_OSMIUM;9992;7;;;;;10008;15;;;;;10000.0;0.0
2;50000;INTARIAN_PEPPER_ROOT;15041;9;15040;10;;;15058;8;15060;25;;;15050.0;0.0
2;50100;ASH_COATED_OSMIUM;9992;15;9990;30;9987;14;10008;14;10010;12;10012;14;10000.0;0.0
2;50100;INTARIAN_PEPPER_ROOT;15039;17;15037;9;15036;9;15054;9;15056;12;15057;11;15047.0;0.0
2;50200;ASH_COATED_OSMIUM;9994;22;9991;15;;;10015;12;10017;13;;;10005.0;0.0
2;50200;INTARIAN_PEPPER_ROOT;15041;8;;;;;15053;12;;;;;15047.0;0.0
2;50300;ASH_COATED_OSMIUM;9997;25;;;;;10013;15;;;;;10005.0;0.0
2;50300;INTARIAN_PEPPER_ROOT;15041;8;;;;;15052;8;;;;;15047.0;0.0
2;50400;ASH_COATED_OSMIUM;9997;10;;;;;10013;12;;;;;10005.5;0.0
2;50400;INTARIAN_PEPPER_ROOT;15050;8;15049;10;15047;12;15062;11;15064;24;15065;12;15056.0;0.0
2;50500;ASH_COATED_OSMIUM;9997;11;9996;11;;;10013;13;10015;10;;;10005.0;0.0
2;50500;INTARIAN_PEPPER_ROOT;15045;20;;;;;15059;20;;;;;15052.5;0.0
2;50600;ASH_COATED_OSMIUM;9996;11;9994;14;9992;5;10012;10;10013;13;10014;11;10004.5;0.0
2;50600;INTARIAN_PEPPER_ROOT;15046;8;15044;12;;;15059;12;15061;12;;;15053.0;0.0
2;50700;ASH_COATED_OSMIUM;9991;14;9988;21;;;10007;27;10009;21;;;9999.0;0.0
2;50700;INTARIAN_PEPPER_ROOT;15039;11;15038;11;15037;10;15054;11;15056;10;15059;11;15046.5;0.0
2;50800;ASH_COATED_OSMIUM;9995;12;9993;10;9992;14;10013;12;10015;23;10016;13;10004.0;0.0
2;50800;INTARIAN_PEPPER_ROOT;15043;8;;;;;15060;10;;;;;15052.0;0.0
2;50900;ASH_COATED_OSMIUM;9991;11;9989;10;9987;10;10007;12;10009;11;10012;10;9999.0;0.0
2;50900;INTARIAN_PEPPER_ROOT;15043;10;15040;11;15037;17;15057;10;15059;11;15061;10;15050.5;0.0
2;51000;ASH_COATED_OSMIUM;9996;22;9993;30;;;10012;14;10013;14;;;10004.5;0.0
2;51000;INTARIAN_PEPPER_ROOT;15046;9;15045;12;;;15057;10;15058;9;;;15052.0;0.0
2;51100;ASH_COATED_OSMIUM;9990;10;9989;14;9987;12;10006;20;10009;14;10010;15;9998.5;0.0
2;51100;INTARIAN_PEPPER_ROOT;15045;9;15044;8;;;15059;16;15062;12;;;15052.0;0.0
2;51200;ASH_COATED_OSMIUM;9991;15;9990;14;;;10007;14;10010;14;;;9999.0;0.0
2;51200;INTARIAN_PEPPER_ROOT;15047;11;15044;12;15042;9;15062;9;15064;8;15065;19;15055.0;0.0
2;51300;ASH_COATED_OSMIUM;9995;27;9992;10;;;10001;29;10004;10;;;9998.5;0.0
2;51300;INTARIAN_PEPPER_ROOT;15044;17;15042;8;15041;8;15059;8;15060;8;15063;11;15051.5;0.0
2;51400;ASH_COATED_OSMIUM;10000;10;9998;15;;;10006;15;10009;14;;;10003.5;0.0
2;51400;INTARIAN_PEPPER_ROOT;15044;19;15041;10;15038;9;15056;5;15057;8;15059;9;15050.0;0.0
2;51500;ASH_COATED_OSMIUM;9994;10;;;;;10013;14;;;;;10004.0;0.0
2;51500;INTARIAN_PEPPER_ROOT;15044;9;;;;;15058;11;;;;;15051.0;0.0
2;51600;ASH_COATED_OSMIUM;9995;13;9993;13;;;10013;15;10015;22;;;10004.0;0.0
2;51600;INTARIAN_PEPPER_ROOT;15048;18;;;;;15059;8;;;;;15054.0;0.0
2;51700;ASH_COATED_OSMIUM;9995;11;9993;11;;;10011;10;10014;11;;;10003.5;0.0
2;51700;INTARIAN_PEPPER_ROOT;15046;12;15044;10;;;15058;12;15060;10;;;15052.0;0.0
2;51800;ASH_COATED_OSMIUM;9992;23;9989;12;;;10013;28;10014;11;;;10002.5;0.0
2;51800;INTARIAN_PEPPER_ROOT;15046;17;15043;16;15040;12;15059;10;15062;10;15065;11;15053.0;0.0
2;51900;ASH_COATED_OSMIUM;9993;13;9990;24;;;10011;10;10014;20;;;10002.0;0.0
2;51900;INTARIAN_PEPPER_ROOT;15042;12;15040;12;15037;11;15056;9;15058;8;15059;9;15049.5;0.0
2;52000;ASH_COATED_OSMIUM;9993;27;;;;;10012;14;;;;;10002.5;0.0
2;52000;INTARIAN_PEPPER_ROOT;15045;11;15044;8;15042;10;15058;8;15059;8;15060;11;15051.5;0.0
2;52100;ASH_COATED_OSMIUM;9988;11;9987;11;;;10004;15;10007;15;;;9996.5;0.0
2;52100;INTARIAN_PEPPER_ROOT;15048;9;15047;12;15045;12;15059;8;15061;9;15062;16;15054.0;0.0
2;52200;ASH_COATED_OSMIUM;9994;13;;;;;10010;5;;;;;10002.5;0.0
2;52200;INTARIAN_PEPPER_ROOT;15047;8;15044;9;;;15060;11;15063;12;;;15053.5;0.0
2;52300;ASH_COATED_OSMIUM;9992;12;9990;13;9987;30;10002;14;10005;14;10007;10;9997.0;0.0
2;52300;INTARIAN_PEPPER_ROOT;15046;8;15045;10;;;15057;9;15060;12;;;15052.0;0.0
2;52400;ASH_COATED_OSMIUM;9994;11;9993;12;;;10010;13;10013;11;;;10002.5;0.0
2;52400;INTARIAN_PEPPER_ROOT;15048;22;15045;11;;;15059;10;15061;8;;;15053.5;0.0
2;52500;ASH_COATED_OSMIUM;9988;25;;;;;10004;11;;;;;9996.5;0.0
2;52500;INTARIAN_PEPPER_ROOT;15049;10;15048;15;15047;9;15061;8;15064;10;15067;10;15055.0;0.0
2;52600;ASH_COATED_OSMIUM;9988;13;;;;;10004;25;;;;;9996.0;0.0
2;52600;INTARIAN_PEPPER_ROOT;15042;10;15040;19;;;15059;11;15060;8;;;15051.0;0.0
2;52700;ASH_COATED_OSMIUM;9987;10;;;;;10006;13;;;;;9996.5;0.0
2;52700;INTARIAN_PEPPER_ROOT;15043;12;15042;9;;;15057;9;15059;10;;;15050.0;0.0
2;52800;ASH_COATED_OSMIUM;9992;15;9990;11;;;10010;14;10011;12;;;10001.5;0.0
2;52800;INTARIAN_PEPPER_ROOT;15045;12;15042;10;;;15062;10;15065;11;;;15053.5;0.0
2;52900;ASH_COATED_OSMIUM;9988;13;9985;23;9984;13;10004;14;10007;15;10008;15;9996.5;0.0
2;52900;INTARIAN_PEPPER_ROOT;15050;4;15047;24;15044;20;15064;11;15066;9;15067;11;15057.0;0.0
2;53000;ASH_COATED_OSMIUM;9999;11;9997;14;;;10004;11;10005;14;;;10002.0;0.0
2;53000;INTARIAN_PEPPER_ROOT;15047;9;15046;9;;;15063;19;15064;9;;;15055.0;0.0
2;53100;ASH_COATED_OSMIUM;9988;21;9986;11;;;10004;12;10007;24;;;9996.5;0.0
2;53100;INTARIAN_PEPPER_ROOT;15045;8;;;;;15059;21;;;;;15052.5;0.0
2;53200;ASH_COATED_OSMIUM;9994;22;;;;;10010;12;;;;;10002.0;0.0
2;53200;INTARIAN_PEPPER_ROOT;15046;10;15044;20;;;15060;8;15063;8;;;15053.0;0.0
2;53300;ASH_COATED_OSMIUM;9992;22;9990;11;9988;11;10011;21;10013;10;10014;11;10002.0;0.0
2;53300;INTARIAN_PEPPER_ROOT;15044;10;;;;;15057;11;;;;;15050.5;0.0
2;53400;ASH_COATED_OSMIUM;9987;13;;;;;10005;13;;;;;9996.5;0.0
2;53400;INTARIAN_PEPPER_ROOT;15046;21;15044;9;;;15063;12;15064;9;;;15055.0;0.0
2;53500;ASH_COATED_OSMIUM;9989;12;9986;13;;;10005;22;10007;14;;;9997.5;0.0
2;53500;INTARIAN_PEPPER_ROOT;15043;12;15042;12;15040;10;15057;11;15058;10;15059;12;15050.5;0.0
2;53600;ASH_COATED_OSMIUM;9994;10;;;;;10010;23;;;;;10002.5;0.0
2;53600;INTARIAN_PEPPER_ROOT;15046;10;15045;12;;;15059;8;15061;12;;;15053.0;0.0
2;53700;ASH_COATED_OSMIUM;9990;25;;;;;10006;11;;;;;9998.5;0.0
2;53700;INTARIAN_PEPPER_ROOT;15049;10;15048;8;;;15061;9;15063;12;;;15055.5;0.0
2;53800;ASH_COATED_OSMIUM;9994;28;9993;27;9992;11;10013;9;10015;14;10017;13;10003.5;0.0
2;53800;INTARIAN_PEPPER_ROOT;15048;10;15045;20;;;15060;10;15061;10;;;15054.0;0.0
2;53900;ASH_COATED_OSMIUM;9989;13;9988;10;;;10005;11;10008;10;;;9997.5;0.0
2;53900;INTARIAN_PEPPER_ROOT;15049;10;15047;8;;;15061;9;15062;11;;;15055.0;0.0
2;54000;ASH_COATED_OSMIUM;9995;13;9993;10;;;10011;13;10013;15;;;10003.0;0.0
2;54000;INTARIAN_PEPPER_ROOT;15046;12;;;;;15060;18;;;;;15053.0;0.0
2;54100;ASH_COATED_OSMIUM;9989;14;;;;;10005;15;;;;;9997.5;0.0
2;54100;INTARIAN_PEPPER_ROOT;15051;9;15049;8;;;15062;10;15065;10;;;15056.5;0.0
2;54200;ASH_COATED_OSMIUM;9994;15;;;;;10012;15;;;;;10003.0;0.0
2;54200;INTARIAN_PEPPER_ROOT;15049;10;;;;;15061;10;;;;;15055.5;0.0
2;54300;ASH_COATED_OSMIUM;9994;12;;;;;10012;24;;;;;10003.0;0.0
2;54300;INTARIAN_PEPPER_ROOT;15050;10;15048;9;15047;12;15063;11;15065;10;15066;15;15057.0;0.0
2;54400;ASH_COATED_OSMIUM;9998;10;9995;12;9992;15;10008;12;10010;23;10012;10;10003.5;0.0
2;54400;INTARIAN_PEPPER_ROOT;15049;8;;;;;15060;3;;;;;15054.5;0.0
2;54500;ASH_COATED_OSMIUM;9995;12;;;;;10011;13;;;;;10003.5;0.0
2;54500;INTARIAN_PEPPER_ROOT;15046;11;15045;12;15044;11;15065;20;15066;12;15068;12;15055.5;0.0
2;54600;ASH_COATED_OSMIUM;9994;13;9992;11;;;10013;14;10016;10;;;10003.5;0.0
2;54600;INTARIAN_PEPPER_ROOT;15044;8;15042;12;;;15064;9;15065;20;;;15054.5;0.0
2;54700;ASH_COATED_OSMIUM;9996;14;;;;;10012;12;;;;;10004.0;0.0
2;54700;INTARIAN_PEPPER_ROOT;15051;21;15048;9;15046;23;15063;8;15066;11;15068;10;15057.0;0.0
2;54800;ASH_COATED_OSMIUM;9989;12;9988;11;9987;15;10007;13;10008;11;10009;15;9998.5;0.0
2;54800;INTARIAN_PEPPER_ROOT;15047;11;15044;8;15042;12;15060;11;15061;18;15063;25;15054.0;0.0
2;54900;ASH_COATED_OSMIUM;9996;6;9994;13;9993;10;10012;15;10015;11;10017;15;10004.0;0.0
2;54900;INTARIAN_PEPPER_ROOT;15049;11;;;;;15063;11;;;;;15056.5;0.0
2;55000;ASH_COATED_OSMIUM;9988;14;;;;;10007;15;;;;;9998.0;0.0
2;55000;INTARIAN_PEPPER_ROOT;15047;10;15044;8;;;15060;8;15062;10;;;15054.0;0.0
2;55100;ASH_COATED_OSMIUM;9995;10;9994;12;9992;14;10011;12;10012;11;10014;11;10003.0;0.0
2;55100;INTARIAN_PEPPER_ROOT;15046;10;15043;22;15042;10;15059;8;15060;12;15063;11;15052.5;0.0
2;55200;ASH_COATED_OSMIUM;9990;10;9987;12;9986;15;10006;12;10008;14;10009;29;9998.0;0.0
2;55200;INTARIAN_PEPPER_ROOT;15042;8;15040;10;;;15059;10;15061;11;;;15050.5;0.0
2;55300;ASH_COATED_OSMIUM;9990;11;9987;12;;;10006;12;10009;15;;;9998.0;0.0
2;55300;INTARIAN_PEPPER_ROOT;15046;9;;;;;15064;10;;;;;15055.0;0.0
2;55400;ASH_COATED_OSMIUM;9994;13;9993;10;;;10012;10;10014;11;;;10003.0;0.0
2;55400;INTARIAN_PEPPER_ROOT;15050;12;;;;;15063;25;;;;;15056.5;0.0
2;55500;ASH_COATED_OSMIUM;9993;10;9991;15;9988;13;10012;12;10013;13;10014;11;10003.0;0.0
2;55500;INTARIAN_PEPPER_ROOT;15049;25;15047;19;15045;12;15060;12;15061;9;15064;12;15055.0;0.0
2;55600;ASH_COATED_OSMIUM;9989;10;9988;15;;;10007;28;10010;10;;;9998.5;0.0
2;55600;INTARIAN_PEPPER_ROOT;15050;8;15049;12;15047;3;15064;23;15066;12;15069;12;15057.0;0.0
2;55700;ASH_COATED_OSMIUM;9989;14;9987;15;9985;3;10008;14;10010;12;10011;13;9998.5;0.0
2;55700;INTARIAN_PEPPER_ROOT;15053;12;15050;8;;;15057;8;15059;18;;;15055.5;0.0
2;55800;ASH_COATED_OSMIUM;9990;10;;;;;10006;10;;;;;9998.0;0.0
2;55800;INTARIAN_PEPPER_ROOT;15052;9;15051;9;;;15066;9;15069;12;;;15059.0;0.0
2;55900;ASH_COATED_OSMIUM;9995;11;9993;20;;;10011;14;10012;10;;;10003.0;0.0
2;55900;INTARIAN_PEPPER_ROOT;15050;11;;;;;15064;12;;;;;15057.5;0.0
2;56000;ASH_COATED_OSMIUM;9989;14;;;;;10005;11;;;;;9997.5;0.0
2;56000;INTARIAN_PEPPER_ROOT;15049;12;15048;12;15046;4;15060;11;15062;10;15064;21;15055.0;0.0
2;56100;ASH_COATED_OSMIUM;9989;15;9988;12;;;10005;11;10007;11;;;9997.5;0.0
2;56100;INTARIAN_PEPPER_ROOT;15054;9;15053;11;15051;8;15065;8;15068;8;15069;21;15059.5;0.0
2;56200;ASH_COATED_OSMIUM;9989;10;;;;;10005;11;;;;;9997.5;0.0
2;56200;INTARIAN_PEPPER_ROOT;15047;9;15046;8;15043;11;15060;9;15062;10;15064;8;15054.0;0.0
2;56300;ASH_COATED_OSMIUM;9987;12;9984;10;;;10006;11;10007;12;;;9997.0;0.0
2;56300;INTARIAN_PEPPER_ROOT;15049;8;15047;9;;;15061;9;15064;11;;;15055.0;0.0
2;56400;ASH_COATED_OSMIUM;9989;12;9986;5;;;10005;11;10008;10;;;9997.0;0.0
2;56400;INTARIAN_PEPPER_ROOT;15050;17;15048;16;15046;8;15063;9;15066;10;15067;10;15056.5;0.0
2;56500;ASH_COATED_OSMIUM;9991;14;9988;11;9985;14;10009;15;10011;10;10013;12;10000.0;0.0
2;56500;INTARIAN_PEPPER_ROOT;15047;8;15044;8;15041;12;15060;8;15062;25;15064;16;15053.5;0.0
2;56600;ASH_COATED_OSMIUM;9997;15;;;;;10002;11;;;;;10000.0;0.0
2;56600;INTARIAN_PEPPER_ROOT;15049;10;15046;10;;;15060;9;15061;10;;;15055.0;0.0
2;56700;ASH_COATED_OSMIUM;9990;12;9987;12;9986;21;10009;29;10011;11;10013;14;9999.5;0.0
2;56700;INTARIAN_PEPPER_ROOT;15049;8;15048;9;15047;12;15061;12;15064;12;15065;8;15055.5;0.0
2;56800;ASH_COATED_OSMIUM;9991;14;9990;6;;;10007;21;10008;22;;;9999.5;0.0
2;56800;INTARIAN_PEPPER_ROOT;15050;8;15048;12;15046;12;15061;8;15062;19;15063;24;15055.5;0.0
2;56900;ASH_COATED_OSMIUM;9991;12;;;;;10009;13;;;;;10000.0;0.0
2;56900;INTARIAN_PEPPER_ROOT;15050;8;15049;10;15046;9;15062;8;15064;9;15066;10;15056.5;0.0
2;57000;ASH_COATED_OSMIUM;9990;11;9987;12;9984;14;10009;10;10010;25;10012;12;9999.5;0.0
2;57000;INTARIAN_PEPPER_ROOT;15054;10;;;;;15067;8;;;;;15061.0;0.0
2;57100;ASH_COATED_OSMIUM;9992;14;9991;15;;;10008;13;10009;14;;;10000.0;0.0
2;57100;INTARIAN_PEPPER_ROOT;15054;10;15052;9;;;15067;25;15070;10;;;15060.5;0.0
2;57200;ASH_COATED_OSMIUM;9991;10;9988;11;;;10007;14;10009;13;;;9999.5;0.0
2;57200;INTARIAN_PEPPER_ROOT;15050;17;;;;;15063;10;;;;;15056.5;0.0
2;57300;ASH_COATED_OSMIUM;9986;29;;;;;10002;14;;;;;9994.0;0.0
2;57300;INTARIAN_PEPPER_ROOT;15052;10;;;;;15067;7;;;;;15059.5;0.0
2;57400;ASH_COATED_OSMIUM;9989;10;9988;10;;;9998;10;9999;10;;;9994.0;0.0
2;57400;INTARIAN_PEPPER_ROOT;15053;9;15050;10;;;15065;10;15067;8;;;15059.0;0.0
2;57500;ASH_COATED_OSMIUM;9992;12;9989;12;9988;13;10008;12;10011;10;10013;13;10000.0;0.0
2;57500;INTARIAN_PEPPER_ROOT;15050;11;15049;12;15046;11;15063;8;15064;8;15067;12;15056.5;0.0
2;57600;ASH_COATED_OSMIUM;9992;21;;;;;10008;15;;;;;10000.0;0.0
2;57600;INTARIAN_PEPPER_ROOT;15049;11;15046;9;;;15060;23;15062;8;;;15054.5;0.0
2;57700;ASH_COATED_OSMIUM;9986;15;;;;;10002;11;;;;;9994.5;0.0
2;57700;INTARIAN_PEPPER_ROOT;15051;8;15048;8;15045;8;15064;10;15065;8;15066;12;15058.0;0.0
2;57800;ASH_COATED_OSMIUM;9986;22;;;;;10002;11;;;;;9994.0;0.0
2;57800;INTARIAN_PEPPER_ROOT;15050;10;15048;10;15045;9;15064;6;15067;9;15068;8;15057.0;0.0
2;57900;ASH_COATED_OSMIUM;9986;27;9983;12;9980;15;10002;15;10005;11;10008;10;9994.0;0.0
2;57900;INTARIAN_PEPPER_ROOT;15051;10;;;;;15063;8;;;;;15057.0;0.0
2;58000;ASH_COATED_OSMIUM;9984;15;;;;;10003;14;;;;;9994.0;0.0
2;58000;INTARIAN_PEPPER_ROOT;15050;8;;;;;15063;12;;;;;15057.0;0.0
2;58100;ASH_COATED_OSMIUM;9990;13;9989;11;9987;20;10008;21;10011;13;10014;3;9999.5;0.0
2;58100;INTARIAN_PEPPER_ROOT;15052;9;15049;9;;;15063;8;15064;11;;;15058.0;0.0
2;58200;ASH_COATED_OSMIUM;9991;10;;;;;10007;14;;;;;9999.5;0.0
2;58200;INTARIAN_PEPPER_ROOT;15051;11;;;;;15064;12;;;;;15058.0;0.0
2;58300;ASH_COATED_OSMIUM;9986;14;9984;10;;;10002;13;10004;10;;;9994.5;0.0
2;58300;INTARIAN_PEPPER_ROOT;15058;12;15056;10;15053;11;15069;10;15072;11;15074;15;15063.5;0.0
2;58400;ASH_COATED_OSMIUM;9992;15;;;;;10008;4;;;;;10000.0;0.0
2;58400;INTARIAN_PEPPER_ROOT;15052;22;15049;11;15046;21;15069;11;15071;8;15073;9;15061.0;0.0
2;58500;ASH_COATED_OSMIUM;9991;15;9990;10;9989;10;10009;10;10011;14;10014;14;10000.0;0.0
2;58500;INTARIAN_PEPPER_ROOT;15055;9;15053;12;15050;11;15068;12;15071;8;15073;9;15061.5;0.0
2;58600;ASH_COATED_OSMIUM;9992;11;;;;;10008;11;;;;;10000.5;0.0
2;58600;INTARIAN_PEPPER_ROOT;15052;22;;;;;15064;10;;;;;15058.5;0.0
2;58700;ASH_COATED_OSMIUM;9987;15;;;;;10003;13;;;;;9995.0;0.0
2;58700;INTARIAN_PEPPER_ROOT;15056;12;;;;;15072;9;;;;;15064.5;0.0
2;58800;ASH_COATED_OSMIUM;9992;14;9991;12;;;10008;30;10011;14;;;10000.5;0.0
2;58800;INTARIAN_PEPPER_ROOT;15054;24;;;;;15066;11;;;;;15060.0;0.0
2;58900;ASH_COATED_OSMIUM;9986;15;9983;2;9982;10;10004;10;10006;15;10007;11;9995.0;0.0
2;58900;INTARIAN_PEPPER_ROOT;15052;25;15050;17;;;15064;10;15067;8;;;15058.5;0.0
2;59000;ASH_COATED_OSMIUM;9992;25;9990;14;;;10008;11;10010;13;;;10000.0;0.0
2;59000;INTARIAN_PEPPER_ROOT;15050;21;15047;20;;;15063;8;15066;11;;;15057.0;0.0
2;59100;ASH_COATED_OSMIUM;9990;12;9989;11;9988;12;10008;11;10011;25;10013;11;9999.0;0.0
2;59100;INTARIAN_PEPPER_ROOT;15052;10;;;;;15066;12;;;;;15059.0;0.0
2;59200;ASH_COATED_OSMIUM;9990;13;9988;15;;;10006;14;10008;4;;;9998.5;0.0
2;59200;INTARIAN_PEPPER_ROOT;15055;11;15053;10;;;15067;12;15069;12;;;15061.0;0.0
2;59300;ASH_COATED_OSMIUM;9986;12;;;;;10002;28;;;;;9994.0;0.0
2;59300;INTARIAN_PEPPER_ROOT;15052;10;15051;11;15048;21;15065;9;15068;11;15069;10;15059.0;0.0
2;59400;ASH_COATED_OSMIUM;9985;11;9984;13;;;10001;11;10004;12;;;9993.5;0.0
2;59400;INTARIAN_PEPPER_ROOT;15051;9;;;;;15068;9;;;;;15059.5;0.0
2;59500;ASH_COATED_OSMIUM;9991;14;9989;11;9986;10;10007;11;10010;12;10013;12;9999.0;0.0
2;59500;INTARIAN_PEPPER_ROOT;15054;12;15053;9;15050;8;15068;11;15069;8;15072;21;15061.0;0.0
2;59600;ASH_COATED_OSMIUM;9985;15;9982;12;9979;27;10001;10;10002;14;10003;14;9993.5;0.0
2;59600;INTARIAN_PEPPER_ROOT;15052;12;15051;11;;;15069;9;15070;18;;;15060.5;0.0
2;59700;ASH_COATED_OSMIUM;9985;11;9982;13;;;10001;14;10003;11;;;9993.5;0.0
2;59700;INTARIAN_PEPPER_ROOT;15053;11;15050;8;15049;12;15065;18;15067;10;15068;12;15059.0;0.0
2;59800;ASH_COATED_OSMIUM;9988;15;9985;26;9984;15;10009;11;10011;11;10012;14;9999.0;0.0
2;59800;INTARIAN_PEPPER_ROOT;15056;22;15054;19;15052;12;15067;11;15069;10;15071;9;15062.0;0.0
2;59900;ASH_COATED_OSMIUM;9986;15;9985;27;;;10002;12;10004;26;;;9994.5;0.0
2;59900;INTARIAN_PEPPER_ROOT;15053;8;15052;12;15051;12;15066;9;15069;10;15072;8;15059.5;0.0
2;60000;ASH_COATED_OSMIUM;9991;29;9989;12;;;10007;15;10010;14;;;9999.5;0.0
2;60000;INTARIAN_PEPPER_ROOT;15056;8;15054;9;;;15069;12;15072;8;;;15062.5;0.0
2;60100;ASH_COATED_OSMIUM;9991;13;;;;;10007;11;;;;;9999.5;0.0
2;60100;INTARIAN_PEPPER_ROOT;15054;25;15052;8;;;15067;21;15068;12;;;15060.5;0.0
2;60200;ASH_COATED_OSMIUM;9991;13;9990;10;;;10007;21;10010;25;;;9999.5;0.0
2;60200;INTARIAN_PEPPER_ROOT;15054;9;;;;;15063;8;;;;;15059.0;0.0
2;60300;ASH_COATED_OSMIUM;9992;11;9990;11;;;10008;10;10009;15;;;10000.0;0.0
2;60300;INTARIAN_PEPPER_ROOT;15055;8;15054;21;;;15069;25;15072;11;;;15062.5;0.0
2;60400;ASH_COATED_OSMIUM;9992;13;;;;;10008;14;;;;;10000.5;0.0
2;60400;INTARIAN_PEPPER_ROOT;15052;11;15051;12;15050;21;15068;12;15070;25;15073;11;15060.0;0.0
2;60500;ASH_COATED_OSMIUM;9987;25;9986;10;;;10003;11;10004;13;;;9995.5;0.0
2;60500;INTARIAN_PEPPER_ROOT;15050;12;15047;19;15046;9;15063;12;15064;9;15065;12;15056.5;0.0
2;60600;ASH_COATED_OSMIUM;9990;5;9988;12;9985;23;10009;22;10011;15;10014;23;10000.0;0.0
2;60600;INTARIAN_PEPPER_ROOT;15051;7;;;;;15064;12;;;;;15058.0;0.0
2;60700;ASH_COATED_OSMIUM;9986;14;9985;11;;;10002;28;10003;11;;;9994.5;0.0
2;60700;INTARIAN_PEPPER_ROOT;15056;9;15055;11;;;15067;9;15069;11;;;15061.5;0.0
2;60800;ASH_COATED_OSMIUM;9991;12;9989;15;;;10007;11;10009;11;;;9999.5;0.0
2;60800;INTARIAN_PEPPER_ROOT;15055;10;;;;;15067;11;;;;;15061.5;0.0
2;60900;ASH_COATED_OSMIUM;9991;10;9990;14;9988;14;10007;23;10009;10;10010;13;9999.5;0.0
2;60900;INTARIAN_PEPPER_ROOT;15054;11;;;;;15066;22;;;;;15060.0;0.0
2;61000;ASH_COATED_OSMIUM;9986;15;;;;;10002;14;;;;;9994.5;0.0
2;61000;INTARIAN_PEPPER_ROOT;15058;12;15057;11;15056;8;15070;19;15072;9;15073;9;15064.5;0.0
2;61100;ASH_COATED_OSMIUM;9991;12;;;;;10007;14;;;;;9999.5;0.0
2;61100;INTARIAN_PEPPER_ROOT;15053;9;15052;11;;;15069;10;15071;11;;;15061.5;0.0
2;61200;ASH_COATED_OSMIUM;9992;13;9989;13;9987;29;10008;10;10010;14;10011;13;10000.0;0.0
2;61200;INTARIAN_PEPPER_ROOT;15052;9;15051;9;15050;11;15068;11;15069;8;15071;10;15060.0;0.0
2;61300;ASH_COATED_OSMIUM;9992;13;9991;12;;;10008;29;10010;14;;;10000.0;0.0
2;61300;INTARIAN_PEPPER_ROOT;15059;10;15056;11;15053;15;15070;10;15072;9;15073;11;15065.0;0.0
2;61400;ASH_COATED_OSMIUM;9991;12;9989;15;9988;11;10009;13;10011;26;10014;10;10000.0;0.0
2;61400;INTARIAN_PEPPER_ROOT;15058;8;15056;8;;;15068;16;15071;11;;;15063.5;0.0
2;61500;ASH_COATED_OSMIUM;9992;11;9990;14;;;10008;15;10010;15;;;10000.5;0.0
2;61500;INTARIAN_PEPPER_ROOT;15055;9;15054;12;15052;12;15069;9;15072;11;15075;8;15062.5;0.0
2;61600;ASH_COATED_OSMIUM;9987;30;;;;;10003;12;;;;;9995.5;0.0
2;61600;INTARIAN_PEPPER_ROOT;15059;24;15058;12;15055;10;15070;11;15073;17;15074;11;15064.5;0.0
2;61700;ASH_COATED_OSMIUM;9996;13;;;;;10005;11;;;;;10001.0;0.0
2;61700;INTARIAN_PEPPER_ROOT;15052;23;;;;;15066;12;;;;;15059.0;0.0
2;61800;ASH_COATED_OSMIUM;9986;13;9985;21;;;10004;10;10007;14;;;9995.5;0.0
2;61800;INTARIAN_PEPPER_ROOT;15053;12;15052;4;;;15066;9;15067;18;;;15060.0;0.0
2;61900;ASH_COATED_OSMIUM;9991;12;9990;13;;;10010;14;10013;13;;;10000.5;0.0
2;61900;INTARIAN_PEPPER_ROOT;15054;12;;;;;15066;12;;;;;15060.0;0.0
2;62000;ASH_COATED_OSMIUM;9991;13;9988;14;;;10009;13;10010;14;;;10000.5;0.0
2;62000;INTARIAN_PEPPER_ROOT;15049;10;15048;9;15047;15;15064;11;15067;11;15068;10;15056.5;0.0
2;62100;ASH_COATED_OSMIUM;9992;14;9990;12;;;10008;4;10010;13;;;10000.5;0.0
2;62100;INTARIAN_PEPPER_ROOT;15056;11;15055;11;;;15071;11;15074;9;;;15064.0;0.0
2;62200;ASH_COATED_OSMIUM;9986;11;;;;;10005;13;;;;;9995.5;0.0
2;62200;INTARIAN_PEPPER_ROOT;15052;12;15049;8;15047;11;15067;12;15069;11;15071;8;15059.5;0.0
2;62300;ASH_COATED_OSMIUM;9991;12;9988;15;9986;15;10010;23;10011;14;10013;12;10000.5;0.0
2;62300;INTARIAN_PEPPER_ROOT;15050;12;;;;;15063;12;;;;;15056.5;0.0
2;62400;ASH_COATED_OSMIUM;9987;14;;;;;10003;13;;;;;9995.0;0.0
2;62400;INTARIAN_PEPPER_ROOT;15054;11;15052;10;;;15075;12;15076;12;;;15065.0;0.0
2;62500;ASH_COATED_OSMIUM;9987;26;9986;25;9984;15;10003;12;10005;12;10008;14;9995.0;0.0
2;62500;INTARIAN_PEPPER_ROOT;15055;12;;;;;15068;9;;;;;15062.0;0.0
2;62600;ASH_COATED_OSMIUM;9987;12;9986;14;9985;14;10003;26;10006;13;10007;23;9995.0;0.0
2;62600;INTARIAN_PEPPER_ROOT;15056;12;15055;21;;;15069;10;15071;10;;;15063.0;0.0
2;62700;ASH_COATED_OSMIUM;9990;15;9987;12;;;9999;30;10000;14;;;9994.5;0.0
2;62700;INTARIAN_PEPPER_ROOT;15057;9;15055;10;;;15071;12;15074;9;;;15064.5;0.0
2;62800;ASH_COATED_OSMIUM;9991;13;9988;14;;;10007;15;10010;11;;;9999.5;0.0
2;62800;INTARIAN_PEPPER_ROOT;15054;19;15053;8;15051;11;15067;10;15070;22;15071;19;15061.0;0.0
2;62900;ASH_COATED_OSMIUM;9994;14;;;;;10005;15;;;;;10000.0;0.0
2;62900;INTARIAN_PEPPER_ROOT;15052;11;15050;10;15049;9;15066;9;15067;11;15069;11;15059.5;0.0
2;63000;ASH_COATED_OSMIUM;9992;10;9989;14;;;10008;10;10011;11;;;10000.0;0.0
2;63000;INTARIAN_PEPPER_ROOT;15054;12;15051;12;;;15067;9;15070;11;;;15061.0;0.0
2;63100;ASH_COATED_OSMIUM;9986;11;9985;12;9982;12;10002;13;10005;11;10008;15;9994.0;0.0
2;63100;INTARIAN_PEPPER_ROOT;15054;12;;;;;15069;25;;;;;15061.5;0.0
2;63200;ASH_COATED_OSMIUM;9986;10;9985;14;;;10002;14;10003;11;;;9994.0;0.0
2;63200;INTARIAN_PEPPER_ROOT;15056;19;15054;8;;;15069;12;15070;11;;;15063.0;0.0
2;63300;ASH_COATED_OSMIUM;9984;14;9981;15;;;10002;10;10004;13;;;9993.5;0.0
2;63300;INTARIAN_PEPPER_ROOT;15052;9;;;;;15069;9;;;;;15061.0;0.0
2;63400;ASH_COATED_OSMIUM;9990;11;9989;10;;;10006;14;10008;15;;;9998.5;0.0
2;63400;INTARIAN_PEPPER_ROOT;15059;9;15057;16;;;15072;8;15073;11;;;15065.5;0.0
2;63500;ASH_COATED_OSMIUM;9990;27;;;;;10006;13;;;;;9998.0;0.0
2;63500;INTARIAN_PEPPER_ROOT;15057;12;15056;18;;;15068;8;15069;11;;;15063.0;0.0
2;63600;ASH_COATED_OSMIUM;9989;4;9986;12;9985;14;9997;28;10000;21;10003;14;9993.5;0.0
2;63600;INTARIAN_PEPPER_ROOT;15056;12;15053;10;;;15072;19;15073;9;;;15064.0;0.0
2;63700;ASH_COATED_OSMIUM;9986;14;;;;;10002;28;;;;;9994.0;0.0
2;63700;INTARIAN_PEPPER_ROOT;15060;9;15057;10;;;15072;19;15075;22;;;15066.0;0.0
2;63800;ASH_COATED_OSMIUM;9991;10;;;;;10007;15;;;;;9999.5;0.0
2;63800;INTARIAN_PEPPER_ROOT;15055;10;15052;17;;;15072;10;15074;10;;;15064.0;0.0
2;63900;ASH_COATED_OSMIUM;9985;11;;;;;10003;11;;;;;9994.0;0.0
2;63900;INTARIAN_PEPPER_ROOT;15057;11;15056;11;;;15068;9;15071;8;;;15062.5;0.0
2;64000;ASH_COATED_OSMIUM;9991;11;9988;11;;;10007;10;10009;13;;;9999.0;0.0
2;64000;INTARIAN_PEPPER_ROOT;15057;18;15055;8;15053;9;15074;9;15076;10;15079;10;15065.5;0.0
2;64100;ASH_COATED_OSMIUM;9985;10;9982;30;9980;14;10003;10;10006;10;10009;10;9994.0;0.0
2;64100;INTARIAN_PEPPER_ROOT;15059;12;;;;;15071;10;;;;;15065.5;0.0
2;64200;ASH_COATED_OSMIUM;9990;15;9988;13;;;10008;11;10010;23;;;9999.0;0.0
2;64200;INTARIAN_PEPPER_ROOT;15056;16;15053;8;15052;22;15069;10;15071;8;15073;11;15062.5;0.0
2;64300;ASH_COATED_OSMIUM;9990;14;9987;12;;;10006;13;10007;12;;;9998.5;0.0
2;64300;INTARIAN_PEPPER_ROOT;15054;12;15051;23;15048;12;15067;9;15069;8;15070;19;15060.5;0.0
2;64400;ASH_COATED_OSMIUM;9989;11;9987;15;;;10008;30;10009;10;;;9999.0;0.0
2;64400;INTARIAN_PEPPER_ROOT;15061;10;15060;10;;;15073;12;15075;12;;;15067.5;0.0
2;64500;ASH_COATED_OSMIUM;9984;11;9983;13;;;10002;15;10005;10;;;9993.5;0.0
2;64500;INTARIAN_PEPPER_ROOT;15057;12;15056;10;;;15070;9;15071;9;;;15064.0;0.0
