day;timestamp;product;bid_price_1;bid_volume_1;bid_price_2;bid_volume_2;bid_price_3;bid_volume_3;ask_price_1;ask_volume_1;ask_price_2;ask_volume_2;ask_price_3;ask_volume_3;mid_price;profit_and_loss
30;0;ASH_COATED_OSMIUM;9996;13;9994;28;9993;12;10014;12;10015;12;10016;13;10005.0;0.0
30;0;INTARIAN_PEPPER_ROOT;42993;10;42991;23;42989;23;43007;12;43010;19;43012;11;43000.0;0.0
30;100;ASH_COATED_OSMIUM;9992;12;9989;13;9986;14;10008;4;10011;12;10012;13;10000.5;0.0
30;100;INTARIAN_PEPPER_ROOT;42995;10;;;;;43009;12;;;;;43002.0;0.0
30;200;ASH_COATED_OSMIUM;9990;20;9989;12;;;10006;11;10008;13;;;9998.0;0.0
30;200;INTARIAN_PEPPER_ROOT;42995;8;42993;10;42991;8;43007;9;43008;9;43011;11;43001.0;0.0
30;300;ASH_COATED_OSMIUM;9988;11;;;;;10007;11;;;;;9997.5;0.0
30;300;INTARIAN_PEPPER_ROOT;42992;11;42989;22;42988;12;43005;10;43007;21;43009;10;42998.5;0.0
30;400;ASH_COATED_OSMIUM;9990;10;;;;;10006;12;;;;;9998.5;0.0
30;400;INTARIAN_PEPPER_ROOT;42991;8;42990;12;;;43006;11;43007;11;;;42999.0;0.0
30;500;ASH_COATED_OSMIUM;9991;29;;;;;10009;14;;;;;10000.0;0.0
30;500;INTARIAN_PEPPER_ROOT;42996;24;42993;10;;;43009;11;43011;12;;;43002.5;0.0
30;600;ASH_COATED_OSMIUM;9990;13;9989;15;;;10006;10;10007;28;;;9998.5;0.0
30;600;INTARIAN_PEPPER_ROOT;42995;12;42993;9;;;43007;8;43009;17;;;43001.0;0.0
30;700;ASH_COATED_OSMIUM;9996;10;;;;;10003;28;;;;;10000.0;0.0
30;700;INTARIAN_PEPPER_ROOT;42998;12;42996;10;42995;8;43014;11;43017;8;43019;12;43006.5;0.0
30;800;ASH_COATED_OSMIUM;9986;10;9983;23;9981;14;10002;14;10005;11;10006;12;9994.0;0.0
30;800;INTARIAN_PEPPER_ROOT;43002;12;43000;12;;;43005;10;43007;12;;;43003.5;0.0
30;900;ASH_COATED_OSMIUM;9984;13;9982;14;9981;15;10003;14;10005;13;10007;12;9994.0;0.0
30;900;INTARIAN_PEPPER_ROOT;42994;16;42992;12;;;43006;12;43007;24;;;43000.0;0.0
30;1000;ASH_COATED_OSMIUM;9986;20;;;;;10004;15;;;;;9995.5;0.0
30;1000;INTARIAN_PEPPER_ROOT;42995;9;;;;;43002;12;;;;;42998.5;0.0
30;1100;ASH_COATED_OSMIUM;9986;10;9984;13;;;10002;13;10004;11;;;9994.5;0.0
30;1100;INTARIAN_PEPPER_ROOT;42999;11;42997;12;42996;9;43013;10;43014;11;43016;10;43006.5;0.0
30;1200;ASH_COATED_OSMIUM;9985;10;9984;14;;;10001;15;10003;11;;;9993.5;0.0
30;1200;INTARIAN_PEPPER_ROOT;42993;24;42992;11;;;43007;10;43008;10;;;43000.0;0.0
30;1300;ASH_COATED_OSMIUM;9981;25;9978;22;;;9997;14;9998;12;;;9989.5;0.0
30;1300;INTARIAN_PEPPER_ROOT;42997;22;42996;10;;;43009;9;43011;8;;;43003.5;0.0
30;1400;ASH_COATED_OSMIUM;9985;13;9982;21;9980;13;10001;11;10004;13;10005;21;9993.5;0.0
30;1400;INTARIAN_PEPPER_ROOT;42996;11;;;;;43011;10;;;;;43003.5;0.0
30;1500;ASH_COATED_OSMIUM;9987;10;9986;15;;;10003;11;10006;13;;;9995.5;0.0
30;1500;INTARIAN_PEPPER_ROOT;42995;23;42992;8;;;43009;8;43011;8;;;43002.5;0.0
30;1600;ASH_COATED_OSMIUM;9989;13;9986;11;9983;15;10007;12;10009;14;10010;12;9998.0;0.0
30;1600;INTARIAN_PEPPER_ROOT;42992;15;42989;20;42986;9;43006;12;43008;11;43011;8;42999.0;0.0
30;1700;ASH_COATED_OSMIUM;9987;12;;;;;10005;10;;;;;9996.5;0.0
30;1700;INTARIAN_PEPPER_ROOT;42993;11;;;;;43009;4;;;;;43001.5;0.0
30;1800;ASH_COATED_OSMIUM;9988;14;9986;12;9984;12;10007;15;10008;22;10010;14;9997.5;0.0
30;1800;INTARIAN_PEPPER_ROOT;42996;8;42994;8;42991;11;43007;8;43010;8;43013;12;43002.0;0.0
30;1900;ASH_COATED_OSMIUM;9991;15;9988;12;;;10007;12;10009;10;;;9999.5;0.0
30;1900;INTARIAN_PEPPER_ROOT;42994;10;;;;;43005;8;;;;;43000.0;0.0
30;2000;ASH_COATED_OSMIUM;9991;25;;;;;10010;20;;;;;10000.5;0.0
30;2000;INTARIAN_PEPPER_ROOT;42993;8;;;;;43006;15;;;;;43000.0;0.0
30;2100;ASH_COATED_OSMIUM;9992;12;9991;13;;;10011;11;10012;23;;;10002.0;0.0
30;2100;INTARIAN_PEPPER_ROOT;42994;12;;;;;43008;9;;;;;43001.5;0.0
30;2200;ASH_COATED_OSMIUM;9991;14;9989;10;;;10007;14;10009;13;;;9999.0;0.0
30;2200;INTARIAN_PEPPER_ROOT;42996;8;42993;9;;;43012;12;43015;8;;;43004.5;0.0
30;2300;ASH_COATED_OSMIUM;9993;13;9992;15;9990;11;10011;12;10014;25;10017;15;10002.0;0.0
30;2300;INTARIAN_PEPPER_ROOT;42993;12;;;;;43007;10;;;;;43000.0;0.0
30;2400;ASH_COATED_OSMIUM;9996;14;;;;;10012;11;;;;;10004.0;0.0
30;2400;INTARIAN_PEPPER_ROOT;43000;12;;;;;43011;10;;;;;43006.0;0.0
30;2500;ASH_COATED_OSMIUM;9990;15;9989;13;9988;10;10006;10;10008;13;10010;24;9998.5;0.0
30;2500;INTARIAN_PEPPER_ROOT;42995;24;42993;8;;;43009;10;43012;10;;;43002.5;0.0
30;2600;ASH_COATED_OSMIUM;9989;10;9986;13;9985;21;10007;14;10008;13;10009;14;9998.0;0.0
30;2600;INTARIAN_PEPPER_ROOT;42998;11;42997;9;42995;8;43010;11;43012;8;43015;19;43004.0;0.0
30;2700;ASH_COATED_OSMIUM;9991;15;9988;11;9985;10;10007;15;10009;15;10011;13;9999.0;0.0
30;2700;INTARIAN_PEPPER_ROOT;42997;12;42994;10;;;43008;25;43011;12;;;43002.5;0.0
30;2800;ASH_COATED_OSMIUM;9988;12;9987;12;;;10004;11;10006;30;;;9996.5;0.0
30;2800;INTARIAN_PEPPER_ROOT;42996;11;42994;12;;;43010;11;43011;8;;;43003.0;0.0
30;2900;ASH_COATED_OSMIUM;9983;11;;;;;10001;22;;;;;9992.0;0.0
30;2900;INTARIAN_PEPPER_ROOT;42993;12;42991;9;42989;22;43011;8;43014;11;43016;11;43002.0;0.0
30;3000;ASH_COATED_OSMIUM;9988;13;9985;13;9982;20;10004;13;10005;13;10007;10;9996.5;0.0
30;3000;INTARIAN_PEPPER_ROOT;42995;10;42994;9;42993;12;43007;10;43009;8;43012;8;43001.5;0.0
30;3100;ASH_COATED_OSMIUM;9988;14;9987;12;;;10004;12;10006;13;;;9996.5;0.0
30;3100;INTARIAN_PEPPER_ROOT;42996;10;42994;24;;;43012;17;43013;8;;;43004.0;0.0
30;3200;ASH_COATED_OSMIUM;9989;12;;;;;10005;2;;;;;9997.0;0.0
30;3200;INTARIAN_PEPPER_ROOT;42992;11;42989;16;;;43011;19;43014;8;;;43001.5;0.0
30;3300;ASH_COATED_OSMIUM;9987;23;;;;;10005;12;;;;;9996.5;0.0
30;3300;INTARIAN_PEPPER_ROOT;42999;8;42998;23;;;43011;10;43013;9;;;43005.5;0.0
30;3400;ASH_COATED_OSMIUM;9987;10;;;;;10003;10;;;;;9995.5;0.0
30;3400;INTARIAN_PEPPER_ROOT;42994;11;42993;9;;;43007;10;43008;12;;;43000.5;0.0
30;3500;ASH_COATED_OSMIUM;9985;10;9982;15;9981;14;10003;22;10004;12;10007;15;9994.5;0.0
30;3500;INTARIAN_PEPPER_ROOT;42994;12;42993;12;42992;10;43005;12;43008;12;43009;10;43000.0;0.0
30;3600;ASH_COATED_OSMIUM;9989;10;9987;10;;;10005;10;10006;14;;;9997.0;0.0
30;3600;INTARIAN_PEPPER_ROOT;42997;12;;;;;43009;9;;;;;43003.5;0.0
30;3700;ASH_COATED_OSMIUM;9990;12;;;;;10006;11;;;;;9998.5;0.0
30;3700;INTARIAN_PEPPER_ROOT;42998;8;42995;10;;;43010;8;43011;12;;;43004.0;0.0
30;3800;ASH_COATED_OSMIUM;9989;12;9988;10;;;10008;11;10009;11;;;9998.5;0.0
30;3800;INTARIAN_PEPPER_ROOT;42996;11;;;;;43009;9;;;;;43002.5;0.0
30;3900;ASH_COATED_OSMIUM;9995;12;;;;;10011;12;;;;;10003.0;0.0
30;3900;INTARIAN_PEPPER_ROOT;42994;9;42993;10;42990;21;43008;9;43011;20;43013;10;43001.5;0.0
30;4000;ASH_COATED_OSMIUM;10000;15;9999;14;;;10016;10;10019;15;;;10008.0;0.0
30;4000;INTARIAN_PEPPER_ROOT;42997;23;42996;12;42995;11;43008;8;43011;11;43014;8;43002.5;0.0
30;4100;ASH_COATED_OSMIUM;10000;13;;;;;10016;15;;;;;10008.5;0.0
30;4100;INTARIAN_PEPPER_ROOT;42998;8;42996;10;;;43010;5;43012;12;;;43004.0;0.0
30;4200;ASH_COATED_OSMIUM;9997;10;9996;26;9995;14;10013;12;10016;13;10018;15;10005.0;0.0
30;4200;INTARIAN_PEPPER_ROOT;43000;9;42997;11;;;43017;12;43018;25;;;43008.5;0.0
30;4300;ASH_COATED_OSMIUM;9994;14;9991;12;;;10012;22;10014;10;;;10003.0;0.0
30;4300;INTARIAN_PEPPER_ROOT;43000;10;42998;10;42995;11;43009;8;43012;11;43015;12;43005.0;0.0
30;4400;ASH_COATED_OSMIUM;9994;13;9993;15;;;10010;15;10012;14;;;10002.5;0.0
30;4400;INTARIAN_PEPPER_ROOT;43000;11;42999;12;;;43011;12;43012;8;;;43005.5;0.0
30;4500;ASH_COATED_OSMIUM;9990;26;;;;;10006;20;;;;;9998.5;0.0
30;4500;INTARIAN_PEPPER_ROOT;42997;9;42996;11;42995;12;43013;8;43016;11;43019;15;43005.0;0.0
30;4600;ASH_COATED_OSMIUM;9995;2;9993;15;9990;11;10011;12;10014;15;10017;12;10003.5;0.0
30;4600;INTARIAN_PEPPER_ROOT;43001;11;;;;;43012;12;;;;;43007.0;0.0
30;4700;ASH_COATED_OSMIUM;9995;10;9994;15;9991;20;10011;12;10013;11;10015;12;10003.5;0.0
30;4700;INTARIAN_PEPPER_ROOT;43000;8;42997;11;42995;10;43013;11;43015;12;43018;25;43007.0;0.0
30;4800;ASH_COATED_OSMIUM;9996;27;;;;;10012;24;;;;;10004.5;0.0
30;4800;INTARIAN_PEPPER_ROOT;42999;10;;;;;43015;8;;;;;43007.0;0.0
30;4900;ASH_COATED_OSMIUM;9999;15;9996;30;;;10015;11;10018;4;;;10007.0;0.0
30;4900;INTARIAN_PEPPER_ROOT;43002;9;43001;19;;;43013;10;43016;11;;;43007.5;0.0
30;5000;ASH_COATED_OSMIUM;9996;13;9993;24;;;10012;10;10013;21;;;10004.5;0.0
30;5000;INTARIAN_PEPPER_ROOT;42999;11;;;;;43013;9;;;;;43006.0;0.0
30;5100;ASH_COATED_OSMIUM;9998;9;9996;5;;;10014;26;10017;11;;;10006.0;0.0
30;5100;INTARIAN_PEPPER_ROOT;42995;11;;;;;43011;12;;;;;43003.0;0.0
30;5200;ASH_COATED_OSMIUM;9990;13;9989;13;;;10009;14;10010;10;;;10000.0;0.0
30;5200;INTARIAN_PEPPER_ROOT;43002;8;43001;12;;;43015;12;43016;8;;;43008.5;0.0
30;5300;ASH_COATED_OSMIUM;9997;10;9995;21;;;10013;14;10016;26;;;10005.0;0.0
30;5300;INTARIAN_PEPPER_ROOT;43002;21;43001;9;;;43014;9;43015;10;;;43008.0;0.0
30;5400;ASH_COATED_OSMIUM;9995;15;;;;;10014;10;;;;;10005.0;0.0
30;5400;INTARIAN_PEPPER_ROOT;42998;10;;;;;43011;4;;;;;43004.5;0.0
30;5500;ASH_COATED_OSMIUM;9997;14;;;;;10013;11;;;;;10005.5;0.0
30;5500;INTARIAN_PEPPER_ROOT;42997;11;42996;23;;;43011;10;43014;11;;;43004.5;0.0
30;5600;ASH_COATED_OSMIUM;9991;23;9988;12;;;10009;13;10012;13;;;10000.0;0.0
30;5600;INTARIAN_PEPPER_ROOT;43001;10;43000;11;42997;9;43015;9;43017;8;43020;10;43008.5;0.0
30;5700;ASH_COATED_OSMIUM;9992;15;9989;15;;;10001;12;10003;12;;;9996.5;0.0
30;5700;INTARIAN_PEPPER_ROOT;42996;12;42993;11;42992;20;43008;11;43010;10;43011;11;43002.0;0.0
30;5800;ASH_COATED_OSMIUM;9994;14;9993;15;9991;3;10012;6;10015;11;10018;15;10003.5;0.0
30;5800;INTARIAN_PEPPER_ROOT;42993;12;42992;10;42989;10;43008;12;43009;10;43012;11;43000.5;0.0
30;5900;ASH_COATED_OSMIUM;9989;10;9987;23;9986;13;10005;14;10008;11;10009;15;9997.5;0.0
30;5900;INTARIAN_PEPPER_ROOT;43000;9;42999;10;42998;3;43013;10;43015;10;43018;12;43006.5;0.0
30;6000;ASH_COATED_OSMIUM;9990;10;9987;11;;;10009;15;10011;22;;;9999.5;0.0
30;6000;INTARIAN_PEPPER_ROOT;42992;9;42989;20;42986;8;43004;12;43006;25;43009;12;42998.0;0.0
30;6100;ASH_COATED_OSMIUM;9992;12;;;;;10008;15;;;;;10000.0;0.0
30;6100;INTARIAN_PEPPER_ROOT;43001;12;;;;;43012;12;;;;;43006.5;0.0
30;6200;ASH_COATED_OSMIUM;9988;14;9987;30;9986;12;10004;11;10006;15;10008;12;9996.0;0.0
30;6200;INTARIAN_PEPPER_ROOT;42998;12;42997;10;;;43011;9;43012;21;;;43004.5;0.0
30;6300;ASH_COATED_OSMIUM;9992;13;9990;12;;;10008;10;10011;11;;;10000.0;0.0
30;6300;INTARIAN_PEPPER_ROOT;42996;12;42995;12;42993;8;43013;8;43015;9;43016;9;43004.5;0.0
30;6400;ASH_COATED_OSMIUM;9997;10;;;;;10013;2;;;;;10005.5;0.0
30;6400;INTARIAN_PEPPER_ROOT;42998;17;42995;4;42992;8;43011;12;43012;9;43013;11;43004.5;0.0
30;6500;ASH_COATED_OSMIUM;9999;21;9997;13;9994;5;10018;11;10019;30;10020;12;10008.5;0.0
30;6500;INTARIAN_PEPPER_ROOT;43004;9;43001;8;;;43018;11;43021;11;;;43011.0;0.0
30;6600;ASH_COATED_OSMIUM;9997;15;;;;;10016;11;;;;;10007.0;0.0
30;6600;INTARIAN_PEPPER_ROOT;42998;11;42997;8;42994;19;43016;12;43017;9;43020;18;43007.0;0.0
30;6700;ASH_COATED_OSMIUM;10000;29;9999;15;;;10019;30;10021;13;;;10010.0;0.0
30;6700;INTARIAN_PEPPER_ROOT;43006;10;43005;8;43004;12;43017;8;43020;11;43021;9;43012.0;0.0
30;6800;ASH_COATED_OSMIUM;9998;14;;;;;10017;23;;;;;10008.0;0.0
30;6800;INTARIAN_PEPPER_ROOT;43006;8;43003;8;43000;8;43020;10;43021;10;43024;11;43013.0;0.0
30;6900;ASH_COATED_OSMIUM;9996;14;9993;15;;;10012;15;10013;13;;;10004.5;0.0
30;6900;INTARIAN_PEPPER_ROOT;43003;8;;;;;43017;12;;;;;43010.0;0.0
30;7000;ASH_COATED_OSMIUM;9990;13;;;;;10011;12;;;;;10001.0;0.0
30;7000;INTARIAN_PEPPER_ROOT;43002;10;;;;;43013;9;;;;;43008.0;0.0
30;7100;ASH_COATED_OSMIUM;9990;13;;;;;10006;10;;;;;9998.0;0.0
30;7100;INTARIAN_PEPPER_ROOT;42998;11;;;;;43014;10;;;;;43006.5;0.0
30;7200;ASH_COATED_OSMIUM;9991;12;;;;;10010;13;;;;;10001.0;0.0
30;7200;INTARIAN_PEPPER_ROOT;42993;11;;;;;43007;8;;;;;43000.5;0.0
30;7300;ASH_COATED_OSMIUM;9995;10;;;;;10011;14;;;;;10003.5;0.0
30;7300;INTARIAN_PEPPER_ROOT;43001;8;42998;21;;;43013;15;43014;11;;;43007.0;0.0
30;7400;ASH_COATED_OSMIUM;9995;15;9993;13;9991;7;10011;11;10014;11;10017;15;10003.5;0.0
30;7400;INTARIAN_PEPPER_ROOT;43004;24;43002;10;;;43015;8;43017;9;;;43009.5;0.0
30;7500;ASH_COATED_OSMIUM;9992;13;9989;13;;;10010;14;10013;26;;;10001.5;0.0
30;7500;INTARIAN_PEPPER_ROOT;43003;11;;;;;43017;9;;;;;43010.0;0.0
30;7600;ASH_COATED_OSMIUM;9989;28;;;;;10005;10;;;;;9997.5;0.0
30;7600;INTARIAN_PEPPER_ROOT;43001;9;;;;;43014;8;;;;;43008.0;0.0
30;7700;ASH_COATED_OSMIUM;9993;10;;;;;10009;24;;;;;10001.5;0.0
30;7700;INTARIAN_PEPPER_ROOT;43005;10;;;;;43017;10;;;;;43011.0;0.0
30;7800;ASH_COATED_OSMIUM;9992;12;9989;12;;;10011;4;10014;14;;;10002.0;0.0
30;7800;INTARIAN_PEPPER_ROOT;43001;19;43000;10;;;43018;8;43019;11;;;43010.0;0.0
30;7900;ASH_COATED_OSMIUM;9990;2;;;;;10006;14;;;;;9998.0;0.0
30;7900;INTARIAN_PEPPER_ROOT;43010;21;43007;10;;;43016;9;43018;11;;;43013.0;0.0
30;8000;ASH_COATED_OSMIUM;9989;10;9986;10;;;10005;15;10008;11;;;9997.5;0.0
30;8000;INTARIAN_PEPPER_ROOT;43002;19;43001;10;43000;9;43013;8;43014;12;43015;12;43007.5;0.0
30;8100;ASH_COATED_OSMIUM;9991;14;;;;;10007;12;;;;;9999.5;0.0
30;8100;INTARIAN_PEPPER_ROOT;43000;16;42998;11;;;43013;10;43016;11;;;43007.0;0.0
30;8200;ASH_COATED_OSMIUM;9992;11;;;;;10008;15;;;;;10000.5;0.0
30;8200;INTARIAN_PEPPER_ROOT;43001;11;;;;;43014;8;;;;;43008.0;0.0
30;8300;ASH_COATED_OSMIUM;9986;27;9985;11;9984;11;10002;13;10005;12;10006;20;9994.0;0.0
30;8300;INTARIAN_PEPPER_ROOT;42997;10;;;;;43015;10;;;;;43006.5;0.0
30;8400;ASH_COATED_OSMIUM;9990;14;9988;15;;;10006;15;10007;26;;;9998.5;0.0
30;8400;INTARIAN_PEPPER_ROOT;43003;9;;;;;43014;10;;;;;43009.0;0.0
30;8500;ASH_COATED_OSMIUM;9989;25;9988;26;;;10007;12;10010;15;;;9998.5;0.0
30;8500;INTARIAN_PEPPER_ROOT;42998;11;;;;;43012;24;;;;;43005.5;0.0
30;8600;ASH_COATED_OSMIUM;9989;12;;;;;10007;25;;;;;9998.5;0.0
30;8600;INTARIAN_PEPPER_ROOT;43001;9;43000;11;;;43017;9;43019;11;;;43009.5;0.0
30;8700;ASH_COATED_OSMIUM;9996;10;9993;13;;;10012;15;10014;10;;;10004.0;0.0
30;8700;INTARIAN_PEPPER_ROOT;43003;25;43001;9;;;43016;4;43019;9;;;43010.0;0.0
30;8800;ASH_COATED_OSMIUM;9992;15;;;;;10010;11;;;;;10001.0;0.0
30;8800;INTARIAN_PEPPER_ROOT;43001;8;42998;24;42997;8;43014;9;43016;12;43019;8;43008.0;0.0
30;8900;ASH_COATED_OSMIUM;9995;28;9994;13;9991;15;10011;25;10012;13;10015;15;10003.5;0.0
30;8900;INTARIAN_PEPPER_ROOT;43003;10;43002;11;;;43018;10;43021;11;;;43010.5;0.0
30;9000;ASH_COATED_OSMIUM;9996;15;9995;22;;;10012;14;10015;11;;;10004.5;0.0
30;9000;INTARIAN_PEPPER_ROOT;43007;11;43006;8;;;43019;11;43020;10;;;43013.5;0.0
30;9100;ASH_COATED_OSMIUM;9999;11;9998;27;;;10015;13;10018;11;;;10007.0;0.0
30;9100;INTARIAN_PEPPER_ROOT;42998;11;42995;12;42994;17;43016;9;43018;12;43020;12;43007.5;0.0
30;9200;ASH_COATED_OSMIUM;9995;12;;;;;10011;13;;;;;10003.0;0.0
30;9200;INTARIAN_PEPPER_ROOT;42998;9;;;;;43012;23;;;;;43005.5;0.0
30;9300;ASH_COATED_OSMIUM;9994;12;;;;;10010;11;;;;;10002.0;0.0
30;9300;INTARIAN_PEPPER_ROOT;43004;8;43001;18;42999;22;43017;8;43020;9;43023;11;43011.0;0.0
30;9400;ASH_COATED_OSMIUM;9995;14;9993;14;9990;15;10014;12;10015;13;10017;11;10005.0;0.0
30;9400;INTARIAN_PEPPER_ROOT;43002;15;43001;9;42998;8;43016;10;43017;10;43020;7;43009.0;0.0
30;9500;ASH_COATED_OSMIUM;10000;15;;;;;10016;15;;;;;10008.0;0.0
30;9500;INTARIAN_PEPPER_ROOT;43006;17;43003;11;43000;10;43009;18;43012;11;43014;8;43007.5;0.0
30;9600;ASH_COATED_OSMIUM;9998;13;9995;22;9993;10;10014;13;10017;11;10018;14;10006.0;0.0
30;9600;INTARIAN_PEPPER_ROOT;43005;5;;;;;43016;10;;;;;43011.0;0.0
30;9700;ASH_COATED_OSMIUM;9998;15;;;;;10016;14;;;;;10007.0;0.0
30;9700;INTARIAN_PEPPER_ROOT;43004;25;;;;;43016;10;;;;;43010.0;0.0
30;9800;ASH_COATED_OSMIUM;9996;8;9995;15;;;10012;10;10014;14;;;10004.5;0.0
30;9800;INTARIAN_PEPPER_ROOT;43001;9;42998;24;;;43015;11;43017;10;;;43008.5;0.0
30;9900;ASH_COATED_OSMIUM;9993;11;9990;14;;;10011;10;10012;13;;;10002.5;0.0
30;9900;INTARIAN_PEPPER_ROOT;43001;8;;;;;43015;12;;;;;43008.0;0.0
30;10000;ASH_COATED_OSMIUM;9995;15;9992;14;9991;27;10011;13;10014;10;10015;15;10003.0;0.0
30;10000;INTARIAN_PEPPER_ROOT;43009;24;43006;11;43003;10;43022;10;43025;9;43028;11;43016.0;0.0
30;10100;ASH_COATED_OSMIUM;9994;11;;;;;10010;15;;;;;10002.5;0.0
30;10100;INTARIAN_PEPPER_ROOT;43003;10;43002;9;43001;9;43015;8;43016;11;43019;11;43009.0;0.0
30;10200;ASH_COATED_OSMIUM;10001;15;9998;15;9995;2;10017;11;10020;30;10021;11;10009.5;0.0
30;10200;INTARIAN_PEPPER_ROOT;43004;11;;;;;43016;8;;;;;43010.0;0.0
30;10300;ASH_COATED_OSMIUM;10003;28;10002;21;9999;29;10019;14;10020;14;10023;11;10011.0;0.0
30;10300;INTARIAN_PEPPER_ROOT;43006;25;43003;12;;;43022;24;43025;11;;;43014.5;0.0
30;10400;ASH_COATED_OSMIUM;9996;10;9994;22;9993;13;10012;25;10014;11;10015;15;10004.0;0.0
30;10400;INTARIAN_PEPPER_ROOT;43004;25;43001;8;;;43016;12;43019;8;;;43010.0;0.0
30;10500;ASH_COATED_OSMIUM;9999;12;9998;11;;;10015;5;10016;13;;;10007.5;0.0
30;10500;INTARIAN_PEPPER_ROOT;43002;9;43000;9;;;43017;23;43019;11;;;43009.5;0.0
30;10600;ASH_COATED_OSMIUM;9995;13;9993;10;;;10011;15;10014;10;;;10003.5;0.0
30;10600;INTARIAN_PEPPER_ROOT;43006;11;43005;12;43003;12;43018;8;43021;11;43022;11;43012.0;0.0
30;10700;ASH_COATED_OSMIUM;9993;11;9990;11;9987;11;10009;15;10011;11;10012;15;10001.0;0.0
30;10700;INTARIAN_PEPPER_ROOT;43004;10;43002;10;42999;10;43017;8;43020;19;43022;8;43010.5;0.0
30;10800;ASH_COATED_OSMIUM;9992;10;9989;15;;;10008;29;10009;15;;;10000.5;0.0
30;10800;INTARIAN_PEPPER_ROOT;43000;8;42998;11;42995;24;43013;18;43015;11;43016;10;43006.5;0.0
30;10900;ASH_COATED_OSMIUM;9988;13;9985;13;;;10004;15;10007;13;;;9996.5;0.0
30;10900;INTARIAN_PEPPER_ROOT;43003;8;43002;11;;;43015;11;43017;12;;;43009.0;0.0
30;11000;ASH_COATED_OSMIUM;9987;11;;;;;10003;14;;;;;9995.0;0.0
30;11000;INTARIAN_PEPPER_ROOT;43003;8;43002;9;;;43017;10;43019;11;;;43010.5;0.0
30;11100;ASH_COATED_OSMIUM;9982;10;;;;;10001;11;;;;;9991.5;0.0
30;11100;INTARIAN_PEPPER_ROOT;43003;21;43000;18;;;43018;8;43019;8;;;43011.0;0.0
30;11200;ASH_COATED_OSMIUM;9984;2;;;;;10000;12;;;;;9992.0;0.0
30;11200;INTARIAN_PEPPER_ROOT;43004;22;43003;11;43002;12;43018;12;43021;11;43023;9;43011.0;0.0
30;11300;ASH_COATED_OSMIUM;9993;10;9991;14;;;10009;14;10011;14;;;10001.5;0.0
30;11300;INTARIAN_PEPPER_ROOT;43003;10;43002;9;;;43017;9;43020;10;;;43010.0;0.0
30;11400;ASH_COATED_OSMIUM;9988;12;9986;14;9984;14;10007;3;10008;11;10010;14;9997.5;0.0
30;11400;INTARIAN_PEPPER_ROOT;43008;9;;;;;43020;20;;;;;43014.0;0.0
30;11500;ASH_COATED_OSMIUM;9988;13;9986;10;;;10004;14;10006;27;;;9996.0;0.0
30;11500;INTARIAN_PEPPER_ROOT;43002;10;43000;24;;;43016;23;43018;12;;;43009.5;0.0
30;11600;ASH_COATED_OSMIUM;9989;27;9988;28;;;10005;10;10008;20;;;9997.5;0.0
30;11600;INTARIAN_PEPPER_ROOT;43003;17;43001;11;;;43018;24;43019;8;;;43010.5;0.0
30;11700;ASH_COATED_OSMIUM;9990;11;9989;11;;;10006;15;10008;13;;;9998.0;0.0
30;11700;INTARIAN_PEPPER_ROOT;43002;9;43000;8;;;43018;10;43021;11;;;43010.0;0.0
30;11800;ASH_COATED_OSMIUM;9994;13;;;;;10010;12;;;;;10002.5;0.0
30;11800;INTARIAN_PEPPER_ROOT;43004;10;43001;10;43000;20;43015;8;43016;12;43018;22;43009.5;0.0
30;11900;ASH_COATED_OSMIUM;9992;11;9991;10;;;10008;10;10009;11;;;10000.0;0.0
30;11900;INTARIAN_PEPPER_ROOT;43008;11;43006;11;;;43020;20;43021;8;;;43014.5;0.0
30;12000;ASH_COATED_OSMIUM;9995;11;9993;14;;;10011;11;10012;15;;;10003.0;0.0
30;12000;INTARIAN_PEPPER_ROOT;43005;9;43004;12;;;43018;11;43019;12;;;43011.5;0.0
30;12100;ASH_COATED_OSMIUM;9997;12;9994;12;9993;10;10013;27;10014;15;10015;11;10005.5;0.0
30;12100;INTARIAN_PEPPER_ROOT;43006;8;;;;;43018;9;;;;;43012.5;0.0
30;12200;ASH_COATED_OSMIUM;9994;10;9992;10;;;10012;12;10013;29;;;10003.0;0.0
30;12200;INTARIAN_PEPPER_ROOT;43005;10;43003;12;;;43021;11;43022;10;;;43013.5;0.0
30;12300;ASH_COATED_OSMIUM;9993;11;9990;11;9988;15;10009;14;10010;12;10013;15;10001.0;0.0
30;12300;INTARIAN_PEPPER_ROOT;43007;8;;;;;43018;12;;;;;43013.0;0.0
30;12400;ASH_COATED_OSMIUM;9991;24;9990;15;;;10007;10;10008;12;;;9999.5;0.0
30;12400;INTARIAN_PEPPER_ROOT;43005;17;43004;12;43001;8;43017;12;43020;8;43022;9;43011.5;0.0
30;12500;ASH_COATED_OSMIUM;9989;13;9986;12;9985;10;10007;13;10009;30;10011;15;9998.5;0.0
30;12500;INTARIAN_PEPPER_ROOT;43002;12;43000;11;;;43013;10;43016;11;;;43008.0;0.0
30;12600;ASH_COATED_OSMIUM;9985;10;9982;11;;;10006;11;10007;13;;;9996.0;0.0
30;12600;INTARIAN_PEPPER_ROOT;43008;10;43007;10;43005;11;43019;16;43022;18;43023;8;43013.5;0.0
30;12700;ASH_COATED_OSMIUM;9985;20;9984;12;;;10001;14;10002;15;;;9993.0;0.0
30;12700;INTARIAN_PEPPER_ROOT;43004;11;;;;;43020;12;;;;;43012.5;0.0
30;12800;ASH_COATED_OSMIUM;9981;13;;;;;9999;13;;;;;9990.0;0.0
30;12800;INTARIAN_PEPPER_ROOT;43008;12;;;;;43022;10;;;;;43015.0;0.0
30;12900;ASH_COATED_OSMIUM;9983;24;9980;11;;;10002;13;10005;14;;;9992.5;0.0
30;12900;INTARIAN_PEPPER_ROOT;43009;9;;;;;43022;18;;;;;43015.5;0.0
30;13000;ASH_COATED_OSMIUM;9987;15;9986;15;;;10003;26;10004;12;;;9995.5;0.0
30;13000;INTARIAN_PEPPER_ROOT;43005;15;43004;4;;;43020;9;43022;16;;;43013.0;0.0
30;13100;ASH_COATED_OSMIUM;9989;11;9987;13;;;10005;15;10008;14;;;9997.5;0.0
30;13100;INTARIAN_PEPPER_ROOT;43006;23;43005;11;43002;10;43019;8;43021;12;43022;12;43013.0;0.0
30;13200;ASH_COATED_OSMIUM;9997;14;9995;23;;;10004;28;10007;21;;;10001.0;0.0
30;13200;INTARIAN_PEPPER_ROOT;43010;18;43008;11;43005;24;43021;11;43024;12;43026;8;43015.5;0.0
30;13300;ASH_COATED_OSMIUM;9990;30;9988;14;9986;10;10011;3;10012;13;10014;12;10001.0;0.0
30;13300;INTARIAN_PEPPER_ROOT;43008;12;43005;10;43004;20;43024;11;43025;12;43026;12;43016.5;0.0
30;13400;ASH_COATED_OSMIUM;9990;12;9988;26;9986;12;10006;12;10007;13;10010;5;9998.5;0.0
30;13400;INTARIAN_PEPPER_ROOT;43007;18;43005;10;43002;12;43019;9;43021;8;43022;18;43013.0;0.0
30;13500;ASH_COATED_OSMIUM;9992;2;9991;24;;;10001;13;10004;11;;;9997.0;0.0
30;13500;INTARIAN_PEPPER_ROOT;43009;11;43006;25;43004;10;43022;10;43023;9;43025;10;43015.5;0.0
30;13600;ASH_COATED_OSMIUM;9986;23;;;;;10002;13;;;;;9994.5;0.0
30;13600;INTARIAN_PEPPER_ROOT;43008;12;43007;4;;;43020;11;43021;12;;;43014.0;0.0
30;13700;ASH_COATED_OSMIUM;9986;23;9984;10;9982;13;10002;27;10005;12;10008;13;9994.5;0.0
30;13700;INTARIAN_PEPPER_ROOT;43005;9;43004;21;;;43017;10;43019;9;;;43011.0;0.0
30;13800;ASH_COATED_OSMIUM;9990;10;9987;11;9984;14;10006;15;10008;14;10009;11;9998.5;0.0
30;13800;INTARIAN_PEPPER_ROOT;43009;12;;;;;43023;12;;;;;43016.5;0.0
30;13900;ASH_COATED_OSMIUM;9990;4;9988;10;;;10008;12;10009;14;;;9999.5;0.0
30;13900;INTARIAN_PEPPER_ROOT;43004;11;43002;17;42999;17;43020;11;43023;8;43026;12;43012.0;0.0
30;14000;ASH_COATED_OSMIUM;9991;13;9988;11;;;10009;13;10012;15;;;10000.5;0.0
30;14000;INTARIAN_PEPPER_ROOT;43004;11;;;;;43016;18;;;;;43010.5;0.0
30;14100;ASH_COATED_OSMIUM;9995;11;9993;15;;;10011;10;10012;11;;;10003.0;0.0
30;14100;INTARIAN_PEPPER_ROOT;43007;9;43004;12;;;43016;12;43018;12;;;43012.0;0.0
30;14200;ASH_COATED_OSMIUM;9990;24;9987;11;;;10006;13;10009;15;;;9998.5;0.0
30;14200;INTARIAN_PEPPER_ROOT;43005;11;;;;;43018;24;;;;;43011.5;0.0
30;14300;ASH_COATED_OSMIUM;9991;13;;;;;10010;14;;;;;10001.0;0.0
30;14300;INTARIAN_PEPPER_ROOT;43004;12;43001;11;42999;8;43017;12;43019;17;43021;9;43011.0;0.0
30;14400;ASH_COATED_OSMIUM;9990;15;9989;11;;;10006;10;10007;14;;;9998.5;0.0
30;14400;INTARIAN_PEPPER_ROOT;43009;12;;;;;43021;9;;;;;43015.5;0.0
30;14500;ASH_COATED_OSMIUM;9988;12;;;;;10004;15;;;;;9996.0;0.0
30;14500;INTARIAN_PEPPER_ROOT;43005;10;43004;8;43002;5;43018;9;43019;11;43020;10;43012.0;0.0
30;14600;ASH_COATED_OSMIUM;9985;14;;;;;10001;11;;;;;9993.0;0.0
30;14600;INTARIAN_PEPPER_ROOT;43007;18;43005;10;;;43021;25;43023;10;;;43014.5;0.0
30;14700;ASH_COATED_OSMIUM;9979;13;9976;15;;;9995;14;9996;4;;;9987.0;0.0
30;14700;INTARIAN_PEPPER_ROOT;43010;8;43008;10;43005;11;43022;10;43023;9;43026;22;43016.5;0.0
30;14800;ASH_COATED_OSMIUM;9981;21;;;;;9997;12;;;;;9989.0;0.0
30;14800;INTARIAN_PEPPER_ROOT;43004;9;43002;10;43001;9;43018;11;43021;10;43024;8;43011.5;0.0
30;14900;ASH_COATED_OSMIUM;9985;10;;;;;10003;15;;;;;9994.5;0.0
30;14900;INTARIAN_PEPPER_ROOT;43010;9;;;;;43021;10;;;;;43015.5;0.0
30;15000;ASH_COATED_OSMIUM;9990;15;;;;;10006;15;;;;;9998.5;0.0
30;15000;INTARIAN_PEPPER_ROOT;43009;21;;;;;43020;10;;;;;43014.5;0.0
30;15100;ASH_COATED_OSMIUM;9996;13;9993;12;9992;12;10003;10;10005;20;10006;12;9999.5;0.0
30;15100;INTARIAN_PEPPER_ROOT;43004;9;43003;21;43000;8;43017;23;43018;11;43019;15;43010.5;0.0
30;15200;ASH_COATED_OSMIUM;9991;13;9988;10;9985;10;10007;10;10010;12;10013;12;9999.5;0.0
30;15200;INTARIAN_PEPPER_ROOT;43008;8;43007;9;43006;11;43019;10;43022;12;43024;11;43013.5;0.0
30;15300;ASH_COATED_OSMIUM;9993;15;9990;15;9989;26;10011;12;10012;23;10015;13;10002.0;0.0
30;15300;INTARIAN_PEPPER_ROOT;43012;17;;;;;43023;8;;;;;43017.5;0.0
30;15400;ASH_COATED_OSMIUM;9991;14;;;;;10010;10;;;;;10000.5;0.0
30;15400;INTARIAN_PEPPER_ROOT;43010;17;43007;11;;;43022;20;43023;8;;;43016.5;0.0
30;15500;ASH_COATED_OSMIUM;9994;14;9992;12;;;10010;5;10013;15;;;10002.0;0.0
30;15500;INTARIAN_PEPPER_ROOT;43011;10;43010;11;;;43022;23;43023;9;;;43016.5;0.0
30;15600;ASH_COATED_OSMIUM;9992;11;9990;14;;;10008;12;10010;11;;;10000.5;0.0
30;15600;INTARIAN_PEPPER_ROOT;43008;12;43005;10;;;43022;10;43023;11;;;43015.5;0.0
30;15700;ASH_COATED_OSMIUM;9991;15;9990;21;9988;12;10007;15;10008;15;10009;21;9999.0;0.0
30;15700;INTARIAN_PEPPER_ROOT;43008;8;43007;11;;;43021;10;43023;12;;;43014.5;0.0
30;15800;ASH_COATED_OSMIUM;9996;12;9994;10;;;10012;10;10013;14;;;10004.0;0.0
30;15800;INTARIAN_PEPPER_ROOT;43007;10;;;;;43024;10;;;;;43015.5;0.0
30;15900;ASH_COATED_OSMIUM;9992;15;9991;14;;;10010;11;10012;12;;;10001.0;0.0
30;15900;INTARIAN_PEPPER_ROOT;43012;8;43010;9;43007;12;43025;11;43026;10;43027;12;43019.0;0.0
30;16000;ASH_COATED_OSMIUM;9984;10;9982;14;;;10000;14;10001;14;;;9992.5;0.0
30;16000;INTARIAN_PEPPER_ROOT;43010;11;43007;10;43005;10;43023;10;43026;8;43028;12;43017.0;0.0
30;16100;ASH_COATED_OSMIUM;9980;10;9978;12;;;9996;13;9997;30;;;9988.5;0.0
30;16100;INTARIAN_PEPPER_ROOT;43007;10;43006;16;;;43021;12;43022;8;;;43014.0;0.0
30;16200;ASH_COATED_OSMIUM;9985;14;9982;12;9981;11;10001;13;10004;10;10007;11;9993.5;0.0
30;16200;INTARIAN_PEPPER_ROOT;43010;12;;;;;43028;10;;;;;43019.0;0.0
30;16300;ASH_COATED_OSMIUM;9985;14;9984;4;;;10001;11;10002;15;;;9993.0;0.0
30;16300;INTARIAN_PEPPER_ROOT;43010;11;43009;10;;;43022;9;43024;12;;;43016.5;0.0
30;16400;ASH_COATED_OSMIUM;9986;12;9983;10;;;10002;24;10004;12;;;9994.0;0.0
30;16400;INTARIAN_PEPPER_ROOT;43010;10;43009;16;43008;12;43026;9;43029;9;43031;10;43018.0;0.0
30;16500;ASH_COATED_OSMIUM;10002;12;;;;;10011;14;;;;;10006.5;0.0
30;16500;INTARIAN_PEPPER_ROOT;43008;9;;;;;43021;8;;;;;43014.5;0.0
30;16600;ASH_COATED_OSMIUM;10000;15;9998;10;;;10018;24;10021;12;;;10009.0;0.0
30;16600;INTARIAN_PEPPER_ROOT;43009;10;43006;11;;;43023;8;43025;8;;;43016.0;0.0
30;16700;ASH_COATED_OSMIUM;9999;13;9997;14;;;10015;13;10018;14;;;10007.5;0.0
30;16700;INTARIAN_PEPPER_ROOT;43009;10;43007;8;;;43024;10;43025;11;;;43017.0;0.0
30;16800;ASH_COATED_OSMIUM;10001;30;10000;11;;;10020;10;10023;8;;;10011.0;0.0
30;16800;INTARIAN_PEPPER_ROOT;43011;9;43010;10;43007;10;43023;22;43024;20;43027;8;43017.0;0.0
30;16900;ASH_COATED_OSMIUM;9999;20;9997;12;;;10015;10;10017;10;;;10007.0;0.0
30;16900;INTARIAN_PEPPER_ROOT;43011;12;43010;12;;;43023;8;43026;12;;;43017.5;0.0
30;17000;ASH_COATED_OSMIUM;10006;10;10005;15;;;10012;13;10015;4;;;10009.5;0.0
30;17000;INTARIAN_PEPPER_ROOT;43010;17;43007;8;43006;11;43022;10;43023;12;43026;10;43016.5;0.0
30;17100;ASH_COATED_OSMIUM;9993;13;9992;27;9989;28;10009;24;10010;10;10012;14;10001.0;0.0
30;17100;INTARIAN_PEPPER_ROOT;43008;9;43006;8;43003;9;43021;10;43024;22;43027;16;43015.0;0.0
30;17200;ASH_COATED_OSMIUM;9998;20;9995;12;;;10003;11;10006;30;;;10000.5;0.0
30;17200;INTARIAN_PEPPER_ROOT;43007;11;43004;18;;;43022;8;43025;12;;;43015.0;0.0
30;17300;ASH_COATED_OSMIUM;9994;14;9993;11;;;10010;6;10013;11;;;10002.5;0.0
30;17300;INTARIAN_PEPPER_ROOT;43010;8;43007;12;;;43024;9;43027;8;;;43017.5;0.0
30;17400;ASH_COATED_OSMIUM;9991;24;;;;;10010;14;;;;;10000.5;0.0
30;17400;INTARIAN_PEPPER_ROOT;43008;12;;;;;43021;8;;;;;43015.0;0.0
30;17500;ASH_COATED_OSMIUM;10002;15;;;;;10011;13;;;;;10007.0;0.0
30;17500;INTARIAN_PEPPER_ROOT;43011;11;43010;21;43008;10;43024;23;43026;15;43028;19;43017.5;0.0
30;17600;ASH_COATED_OSMIUM;9994;11;9993;14;9992;11;10010;11;10011;13;10013;27;10002.0;0.0
30;17600;INTARIAN_PEPPER_ROOT;43012;9;43011;15;;;43025;9;43026;25;;;43018.5;0.0
30;17700;ASH_COATED_OSMIUM;9993;13;;;;;10014;12;;;;;10004.0;0.0
30;17700;INTARIAN_PEPPER_ROOT;43011;17;43008;5;;;43027;11;43030;10;;;43019.5;0.0
30;17800;ASH_COATED_OSMIUM;9988;10;9986;10;;;10004;14;10005;21;;;9996.0;0.0
30;17800;INTARIAN_PEPPER_ROOT;43010;9;43008;8;;;43023;11;43026;12;;;43017.0;0.0
30;17900;ASH_COATED_OSMIUM;9997;14;9996;11;9994;24;10013;14;10014;10;10016;12;10005.5;0.0
30;17900;INTARIAN_PEPPER_ROOT;43011;9;;;;;43025;10;;;;;43018.5;0.0
30;18000;ASH_COATED_OSMIUM;9996;21;;;;;10012;15;;;;;10004.0;0.0
30;18000;INTARIAN_PEPPER_ROOT;43013;8;43010;11;;;43029;11;43032;24;;;43021.5;0.0
30;18100;ASH_COATED_OSMIUM;9990;11;;;;;10006;21;;;;;9998.0;0.0
30;18100;INTARIAN_PEPPER_ROOT;43012;9;43009;8;;;43026;9;43027;19;;;43019.0;0.0
30;18200;ASH_COATED_OSMIUM;9993;13;9990;15;;;10009;14;10012;10;;;10001.0;0.0
30;18200;INTARIAN_PEPPER_ROOT;43010;12;43007;12;;;43023;10;43024;9;;;43017.0;0.0
30;18300;ASH_COATED_OSMIUM;9985;15;9983;11;9982;14;10001;11;10002;11;10003;14;9993.5;0.0
30;18300;INTARIAN_PEPPER_ROOT;43015;10;;;;;43027;8;;;;;43021.5;0.0
30;18400;ASH_COATED_OSMIUM;9984;12;9982;14;9979;15;10000;13;10002;15;10003;15;9992.5;0.0
30;18400;INTARIAN_PEPPER_ROOT;43019;10;;;;;43021;12;;;;;43020.0;0.0
30;18500;ASH_COATED_OSMIUM;9995;10;9992;10;;;10001;11;10003;4;;;9998.0;0.0
30;18500;INTARIAN_PEPPER_ROOT;43007;16;43005;24;;;43021;12;43023;12;;;43014.5;0.0
30;18600;ASH_COATED_OSMIUM;9986;15;9983;13;;;10007;11;10009;14;;;9997.0;0.0
30;18600;INTARIAN_PEPPER_ROOT;43006;17;43003;9;43000;10;43020;25;43021;11;43022;9;43013.5;0.0
30;18700;ASH_COATED_OSMIUM;9990;13;9988;15;9986;10;9998;15;10000;13;10002;24;9994.0;0.0
30;18700;INTARIAN_PEPPER_ROOT;43012;10;;;;;43030;8;;;;;43021.0;0.0
30;18800;ASH_COATED_OSMIUM;9987;29;9985;30;9982;14;10003;14;10005;15;10006;10;9995.5;0.0
30;18800;INTARIAN_PEPPER_ROOT;43009;9;43008;9;;;43020;11;43023;11;;;43014.5;0.0
30;18900;ASH_COATED_OSMIUM;9986;11;9985;29;;;10002;30;10004;11;;;9994.5;0.0
30;18900;INTARIAN_PEPPER_ROOT;43013;12;43011;11;;;43025;11;43028;9;;;43019.0;0.0
30;19000;ASH_COATED_OSMIUM;9993;15;9992;12;9989;24;10009;12;10012;14;10015;5;10001.5;0.0
30;19000;INTARIAN_PEPPER_ROOT;43011;19;43009;8;43007;11;43028;9;43030;8;43033;9;43019.5;0.0
30;19100;ASH_COATED_OSMIUM;9995;14;9992;22;;;10011;11;10014;13;;;10003.0;0.0
30;19100;INTARIAN_PEPPER_ROOT;43011;8;43009;12;;;43025;21;43027;10;;;43018.0;0.0
30;19200;ASH_COATED_OSMIUM;9998;7;;;;;10017;30;;;;;10008.0;0.0
30;19200;INTARIAN_PEPPER_ROOT;43009;8;;;;;43026;10;;;;;43017.5;0.0
30;19300;ASH_COATED_OSMIUM;10001;12;9998;28;;;10017;9;10020;14;;;10009.0;0.0
30;19300;INTARIAN_PEPPER_ROOT;43013;12;43012;11;;;43027;12;43029;16;;;43020.5;0.0
30;19400;ASH_COATED_OSMIUM;9998;12;9995;21;;;10014;11;10015;10;;;10006.0;0.0
30;19400;INTARIAN_PEPPER_ROOT;43011;12;43008;24;;;43028;8;43029;12;;;43020.0;0.0
30;19500;ASH_COATED_OSMIUM;9993;11;9990;12;9989;14;10009;15;10010;11;10013;27;10001.0;0.0
30;19500;INTARIAN_PEPPER_ROOT;43010;25;;;;;43023;12;;;;;43016.5;0.0
30;19600;ASH_COATED_OSMIUM;9997;11;;;;;10013;11;;;;;10005.5;0.0
30;19600;INTARIAN_PEPPER_ROOT;43010;10;43009;10;;;43027;12;43029;12;;;43019.0;0.0
30;19700;ASH_COATED_OSMIUM;9990;12;9988;21;;;10006;5;10007;15;;;9998.5;0.0
30;19700;INTARIAN_PEPPER_ROOT;43009;12;43008;8;;;43020;21;43021;12;;;43014.5;0.0
30;19800;ASH_COATED_OSMIUM;9998;10;;;;;10014;13;;;;;10006.5;0.0
30;19800;INTARIAN_PEPPER_ROOT;43015;11;43013;10;;;43024;8;43025;10;;;43019.5;0.0
30;19900;ASH_COATED_OSMIUM;9999;15;9997;15;;;10015;3;10018;13;;;10007.5;0.0
30;19900;INTARIAN_PEPPER_ROOT;43018;11;;;;;43030;21;;;;;43024.5;0.0
30;20000;ASH_COATED_OSMIUM;9990;12;9989;11;9987;22;10006;3;10007;8;10008;14;9998.5;0.0
30;20000;INTARIAN_PEPPER_ROOT;43014;11;43011;12;43010;11;43029;6;43032;25;43033;11;43022.0;0.0
30;20100;ASH_COATED_OSMIUM;9991;15;9988;12;;;10007;14;10009;29;;;9999.5;0.0
30;20100;INTARIAN_PEPPER_ROOT;43017;9;43015;8;;;43030;10;43033;12;;;43023.5;0.0
30;20200;ASH_COATED_OSMIUM;9993;10;9991;11;;;10009;12;10011;29;;;10001.0;0.0
30;20200;INTARIAN_PEPPER_ROOT;43012;11;43011;10;43008;9;43025;12;43026;11;43028;10;43018.5;0.0
30;20300;ASH_COATED_OSMIUM;9993;11;;;;;10009;15;;;;;10001.5;0.0
30;20300;INTARIAN_PEPPER_ROOT;43012;4;43010;9;;;43026;21;43029;3;;;43019.5;0.0
30;20400;ASH_COATED_OSMIUM;9993;11;;;;;10009;13;;;;;10001.0;0.0
30;20400;INTARIAN_PEPPER_ROOT;43013;9;43011;10;;;43026;11;43027;10;;;43020.0;0.0
30;20500;ASH_COATED_OSMIUM;9999;10;9997;15;;;10012;15;10015;10;;;10005.5;0.0
30;20500;INTARIAN_PEPPER_ROOT;43013;18;43011;11;;;43026;10;43029;10;;;43019.5;0.0
30;20600;ASH_COATED_OSMIUM;10003;15;10000;12;9997;5;10019;15;10022;11;10025;13;10011.0;0.0
30;20600;INTARIAN_PEPPER_ROOT;43013;8;43012;9;;;43026;11;43027;3;;;43020.0;0.0
30;20700;ASH_COATED_OSMIUM;9997;12;;;;;10013;13;;;;;10005.0;0.0
30;20700;INTARIAN_PEPPER_ROOT;43017;11;43016;10;;;43029;11;43030;12;;;43023.5;0.0
30;20800;ASH_COATED_OSMIUM;9992;12;;;;;10011;12;;;;;10002.0;0.0
30;20800;INTARIAN_PEPPER_ROOT;43015;9;43012;9;43010;10;43026;12;43027;24;43028;10;43021.0;0.0
30;20900;ASH_COATED_OSMIUM;9998;30;;;;;10008;13;;;;;10003.0;0.0
30;20900;INTARIAN_PEPPER_ROOT;43017;9;43015;11;;;43029;12;43032;6;;;43023.5;0.0
30;21000;ASH_COATED_OSMIUM;10000;22;9999;13;;;10007;14;10009;12;;;10004.0;0.0
30;21000;INTARIAN_PEPPER_ROOT;43016;9;43015;22;43012;22;43029;11;43031;23;43032;10;43022.5;0.0
30;21100;ASH_COATED_OSMIUM;9995;10;9993;24;;;10014;15;10015;27;;;10005.0;0.0
30;21100;INTARIAN_PEPPER_ROOT;43015;10;;;;;43028;21;;;;;43021.5;0.0
30;21200;ASH_COATED_OSMIUM;9994;10;9992;12;9990;27;10015;15;10018;28;10020;13;10004.5;0.0
30;21200;INTARIAN_PEPPER_ROOT;43017;21;;;;;43030;8;;;;;43024.0;0.0
30;21300;ASH_COATED_OSMIUM;9994;13;;;;;10012;10;;;;;10003.0;0.0
30;21300;INTARIAN_PEPPER_ROOT;43018;12;43015;9;;;43029;8;43031;7;;;43023.5;0.0
30;21400;ASH_COATED_OSMIUM;10001;15;9999;13;9996;10;10010;15;10013;10;10016;10;10006.0;0.0
30;21400;INTARIAN_PEPPER_ROOT;43015;12;43013;12;43011;22;43029;6;43031;12;43034;10;43022.0;0.0
30;21500;ASH_COATED_OSMIUM;9996;13;9993;13;9991;29;10014;15;10016;14;10019;11;10005.0;0.0
30;21500;INTARIAN_PEPPER_ROOT;43014;9;43011;9;;;43027;11;43029;10;;;43020.5;0.0
30;21600;ASH_COATED_OSMIUM;9995;13;9993;15;;;10011;21;10012;4;;;10003.5;0.0
30;21600;INTARIAN_PEPPER_ROOT;43021;22;43018;23;43015;8;43024;9;43026;8;43027;22;43023.0;0.0
30;21700;ASH_COATED_OSMIUM;9992;10;9990;15;;;10013;6;10015;12;;;10002.5;0.0
30;21700;INTARIAN_PEPPER_ROOT;43013;9;43010;8;;;43027;16;43028;8;;;43020.0;0.0
30;21800;ASH_COATED_OSMIUM;9993;29;9991;13;9990;14;10009;11;10010;12;10011;15;10001.5;0.0
30;21800;INTARIAN_PEPPER_ROOT;43022;11;;;;;43024;9;;;;;43023.5;0.0
30;21900;ASH_COATED_OSMIUM;9994;15;;;;;10013;15;;;;;10003.5;0.0
30;21900;INTARIAN_PEPPER_ROOT;43014;11;;;;;43026;23;;;;;43020.0;0.0
30;22000;ASH_COATED_OSMIUM;9992;11;9990;13;9989;13;10008;10;10009;13;10010;23;10000.5;0.0
30;22000;INTARIAN_PEPPER_ROOT;43016;11;43014;25;;;43029;12;43030;12;;;43022.5;0.0
30;22100;ASH_COATED_OSMIUM;9990;11;9987;12;;;10008;14;10011;10;;;9999.0;0.0
30;22100;INTARIAN_PEPPER_ROOT;43016;15;43015;21;;;43032;8;43035;15;;;43024.5;0.0
30;22200;ASH_COATED_OSMIUM;9996;11;;;;;10012;10;;;;;10004.5;0.0
30;22200;INTARIAN_PEPPER_ROOT;43018;12;43017;11;43016;23;43031;10;43034;10;43035;9;43025.0;0.0
30;22300;ASH_COATED_OSMIUM;9998;14;9995;14;;;10014;2;10017;11;;;10006.5;0.0
30;22300;INTARIAN_PEPPER_ROOT;43013;9;43010;8;43007;12;43028;11;43030;23;43031;12;43021.0;0.0
30;22400;ASH_COATED_OSMIUM;9992;12;9990;15;9988;20;10008;26;10010;13;10012;14;10000.0;0.0
30;22400;INTARIAN_PEPPER_ROOT;43015;9;43012;16;;;43028;9;43030;8;;;43021.5;0.0
30;22500;ASH_COATED_OSMIUM;9990;11;9987;21;;;10009;15;10012;29;;;9999.5;0.0
30;22500;INTARIAN_PEPPER_ROOT;43017;10;43014;12;43011;10;43032;11;43033;9;43034;18;43025.0;0.0
30;22600;ASH_COATED_OSMIUM;9990;11;9988;13;;;10006;13;10009;13;;;9998.5;0.0
30;22600;INTARIAN_PEPPER_ROOT;43021;8;43020;9;;;43033;10;43036;9;;;43027.0;0.0
30;22700;ASH_COATED_OSMIUM;9988;13;9986;10;9984;12;10006;15;10007;13;10008;25;9997.5;0.0
30;22700;INTARIAN_PEPPER_ROOT;43017;16;43014;11;43012;10;43029;11;43031;8;43034;19;43023.0;0.0
30;22800;ASH_COATED_OSMIUM;9996;13;9994;11;9991;13;10012;2;10015;13;10017;12;10004.0;0.0
30;22800;INTARIAN_PEPPER_ROOT;43012;11;43009;11;;;43028;9;43029;8;;;43020.5;0.0
30;22900;ASH_COATED_OSMIUM;9992;27;9991;15;;;10011;14;10013;22;;;10002.0;0.0
30;22900;INTARIAN_PEPPER_ROOT;43013;10;43010;11;43009;11;43026;11;43028;10;43031;12;43020.0;0.0
30;23000;ASH_COATED_OSMIUM;9993;29;9992;15;;;10012;12;10013;15;;;10002.5;0.0
30;23000;INTARIAN_PEPPER_ROOT;43019;12;43016;10;43015;8;43032;9;43035;10;43036;9;43026.0;0.0
30;23100;ASH_COATED_OSMIUM;9994;12;9991;11;;;10010;14;10011;13;;;10002.5;0.0
30;23100;INTARIAN_PEPPER_ROOT;43018;12;43015;10;;;43030;10;43033;9;;;43024.0;0.0
30;23200;ASH_COATED_OSMIUM;9991;11;9990;15;9989;12;10007;30;10010;11;10011;12;9999.0;0.0
30;23200;INTARIAN_PEPPER_ROOT;43016;12;43015;8;43014;10;43029;9;43031;12;43033;10;43022.5;0.0
30;23300;ASH_COATED_OSMIUM;9989;14;;;;;10005;11;;;;;9997.0;0.0
30;23300;INTARIAN_PEPPER_ROOT;43013;11;;;;;43029;11;;;;;43021.5;0.0
30;23400;ASH_COATED_OSMIUM;9993;24;9991;10;9988;11;10004;14;10006;12;10007;10;9998.5;0.0
30;23400;INTARIAN_PEPPER_ROOT;43019;15;43017;8;43014;9;43033;12;43035;10;43037;8;43026.0;0.0
30;23500;ASH_COATED_OSMIUM;9998;12;9995;12;9992;22;10014;12;10015;13;10018;13;10006.5;0.0
30;23500;INTARIAN_PEPPER_ROOT;43021;11;43018;10;43017;9;43033;8;43036;8;43037;10;43027.0;0.0
30;23600;ASH_COATED_OSMIUM;10001;12;;;;;10017;29;;;;;10009.0;0.0
30;23600;INTARIAN_PEPPER_ROOT;43015;8;43013;8;;;43030;8;43031;9;;;43023.0;0.0
30;23700;ASH_COATED_OSMIUM;9998;11;9995;12;;;10014;20;10015;15;;;10006.5;0.0
30;23700;INTARIAN_PEPPER_ROOT;43018;11;43015;8;43013;9;43032;10;43033;19;43035;8;43025.0;0.0
30;23800;ASH_COATED_OSMIUM;9993;10;;;;;10009;14;;;;;10001.5;0.0
30;23800;INTARIAN_PEPPER_ROOT;43020;10;;;;;43031;11;;;;;43026.0;0.0
30;23900;ASH_COATED_OSMIUM;9997;26;9994;10;;;10016;27;10017;13;;;10006.5;0.0
30;23900;INTARIAN_PEPPER_ROOT;43016;9;43014;8;43013;12;43028;11;43031;8;43033;10;43022.0;0.0
30;24000;ASH_COATED_OSMIUM;9996;13;9993;11;;;10012;10;10013;23;;;10004.5;0.0
30;24000;INTARIAN_PEPPER_ROOT;43018;11;;;;;43031;9;;;;;43024.5;0.0
30;24100;ASH_COATED_OSMIUM;9990;12;;;;;10008;13;;;;;9999.0;0.0
30;24100;INTARIAN_PEPPER_ROOT;43018;12;43015;12;43012;11;43030;9;43031;8;43033;9;43024.5;0.0
30;24200;ASH_COATED_OSMIUM;9990;10;9987;12;9986;13;10006;11;10007;13;10009;26;9998.5;0.0
30;24200;INTARIAN_PEPPER_ROOT;43021;11;;;;;43033;10;;;;;43027.0;0.0
30;24300;ASH_COATED_OSMIUM;9989;14;9987;13;9984;22;10005;21;10006;12;10009;25;9997.0;0.0
30;24300;INTARIAN_PEPPER_ROOT;43014;9;;;;;43028;10;;;;;43021.5;0.0
30;24400;ASH_COATED_OSMIUM;9995;11;9994;11;;;10011;13;10014;14;;;10003.5;0.0
30;24400;INTARIAN_PEPPER_ROOT;43020;10;43019;9;;;43036;11;43039;11;;;43028.0;0.0
30;24500;ASH_COATED_OSMIUM;9995;15;9993;10;;;10014;12;10015;13;;;10005.0;0.0
30;24500;INTARIAN_PEPPER_ROOT;43019;9;43016;12;;;43034;10;43035;20;;;43027.0;0.0
30;24600;ASH_COATED_OSMIUM;9997;12;9994;12;;;10013;12;10016;12;;;10005.0;0.0
30;24600;INTARIAN_PEPPER_ROOT;43023;15;43021;9;;;43036;9;43039;17;;;43029.5;0.0
30;24700;ASH_COATED_OSMIUM;10000;12;;;;;10016;15;;;;;10008.5;0.0
30;24700;INTARIAN_PEPPER_ROOT;43013;17;43010;9;;;43025;8;43028;23;;;43019.0;0.0
30;24800;ASH_COATED_OSMIUM;9999;12;9998;4;;;10015;12;10018;11;;;10007.0;0.0
30;24800;INTARIAN_PEPPER_ROOT;43016;9;43014;8;43011;19;43032;24;43035;10;43036;12;43024.0;0.0
30;24900;ASH_COATED_OSMIUM;9996;13;9994;10;;;10015;12;10018;14;;;10005.5;0.0
30;24900;INTARIAN_PEPPER_ROOT;43020;10;43019;17;;;43031;17;43032;10;;;43026.0;0.0
30;25000;ASH_COATED_OSMIUM;9997;14;;;;;10013;30;;;;;10005.0;0.0
30;25000;INTARIAN_PEPPER_ROOT;43023;8;43022;9;;;43035;8;43038;9;;;43029.5;0.0
30;25100;ASH_COATED_OSMIUM;9999;11;;;;;10015;10;;;;;10007.0;0.0
30;25100;INTARIAN_PEPPER_ROOT;43019;11;43017;11;;;43030;11;43031;9;;;43024.5;0.0
30;25200;ASH_COATED_OSMIUM;9995;10;9994;12;;;10011;11;10013;10;;;10003.0;0.0
30;25200;INTARIAN_PEPPER_ROOT;43021;12;43020;12;;;43036;8;43037;11;;;43029.0;0.0
30;25300;ASH_COATED_OSMIUM;9991;12;9988;23;9985;11;10007;21;10008;4;10009;12;9999.0;0.0
30;25300;INTARIAN_PEPPER_ROOT;43018;9;43016;19;;;43032;19;43033;10;;;43025.0;0.0
30;25400;ASH_COATED_OSMIUM;9988;13;9986;21;9985;11;10006;22;10007;11;10010;13;9997.0;0.0
30;25400;INTARIAN_PEPPER_ROOT;43022;16;43020;11;;;43036;10;43039;20;;;43029.0;0.0
30;25500;ASH_COATED_OSMIUM;9989;11;9986;10;;;10005;12;10008;13;;;9997.5;0.0
30;25500;INTARIAN_PEPPER_ROOT;43016;9;43015;8;;;43030;8;43032;12;;;43023.5;0.0
30;25600;ASH_COATED_OSMIUM;9995;12;9992;15;9989;11;10000;15;10002;6;10004;11;9997.5;0.0
30;25600;INTARIAN_PEPPER_ROOT;43023;12;43021;8;43019;5;43036;10;43038;8;43041;12;43030.0;0.0
30;25700;ASH_COATED_OSMIUM;9986;30;9983;25;;;10005;13;10008;12;;;9995.5;0.0
30;25700;INTARIAN_PEPPER_ROOT;43018;8;43015;12;43014;11;43030;8;43031;8;43034;23;43024.5;0.0
30;25800;ASH_COATED_OSMIUM;9988;10;9987;13;9985;11;10004;11;10005;14;10007;2;9996.0;0.0
30;25800;INTARIAN_PEPPER_ROOT;43015;20;;;;;43029;10;;;;;43022.5;0.0
30;25900;ASH_COATED_OSMIUM;9986;12;;;;;10002;13;;;;;9994.0;0.0
30;25900;INTARIAN_PEPPER_ROOT;43020;11;43019;25;43017;10;43035;10;43036;9;43039;24;43027.5;0.0
30;26000;ASH_COATED_OSMIUM;9980;14;9978;14;9975;15;9996;11;9997;15;9999;11;9988.0;0.0
30;26000;INTARIAN_PEPPER_ROOT;43019;9;43016;9;43013;8;43035;22;43037;15;43040;8;43027.5;0.0
30;26100;ASH_COATED_OSMIUM;9981;15;9980;12;9979;10;9997;15;9998;10;9999;13;9989.5;0.0
30;26100;INTARIAN_PEPPER_ROOT;43023;10;43022;11;43021;8;43036;16;43038;21;43040;9;43029.5;0.0
30;26200;ASH_COATED_OSMIUM;9986;13;;;;;10002;11;;;;;9994.5;0.0
30;26200;INTARIAN_PEPPER_ROOT;43017;7;;;;;43033;11;;;;;43025.5;0.0
30;26300;ASH_COATED_OSMIUM;9983;10;9982;11;;;9999;15;10001;13;;;9991.5;0.0
30;26300;INTARIAN_PEPPER_ROOT;43019;9;43018;12;;;43031;24;43033;11;;;43025.0;0.0
30;26400;ASH_COATED_OSMIUM;9982;10;9979;14;9976;12;9998;13;9999;14;10001;10;9990.0;0.0
30;26400;INTARIAN_PEPPER_ROOT;43021;12;43020;12;43018;12;43034;10;43035;10;43037;12;43028.0;0.0
30;26500;ASH_COATED_OSMIUM;9987;13;9986;14;;;10003;10;10006;3;;;9995.5;0.0
30;26500;INTARIAN_PEPPER_ROOT;43019;9;;;;;43033;12;;;;;43026.5;0.0
30;26600;ASH_COATED_OSMIUM;9996;21;9995;13;9992;11;10015;10;10018;14;10021;20;10005.5;0.0
30;26600;INTARIAN_PEPPER_ROOT;43019;18;43017;12;;;43032;8;43033;11;;;43026.0;0.0
30;26700;ASH_COATED_OSMIUM;9995;14;9994;20;9991;10;10011;11;10012;15;10013;15;10003.0;0.0
30;26700;INTARIAN_PEPPER_ROOT;43022;10;43019;9;;;43033;11;43036;11;;;43027.5;0.0
30;26800;ASH_COATED_OSMIUM;10001;22;;;;;10017;24;;;;;10009.5;0.0
30;26800;INTARIAN_PEPPER_ROOT;43019;8;43018;19;;;43035;12;43037;8;;;43027.0;0.0
30;26900;ASH_COATED_OSMIUM;9995;12;9992;11;;;10013;10;10014;11;;;10004.0;0.0
30;26900;INTARIAN_PEPPER_ROOT;43019;8;;;;;43033;12;;;;;43026.0;0.0
30;27000;ASH_COATED_OSMIUM;9994;12;9991;12;;;10010;10;10011;11;;;10002.5;0.0
30;27000;INTARIAN_PEPPER_ROOT;43019;21;;;;;43030;23;;;;;43024.5;0.0
30;27100;ASH_COATED_OSMIUM;9998;11;9996;12;9995;13;10014;11;10017;13;10018;10;10006.0;0.0
30;27100;INTARIAN_PEPPER_ROOT;43020;10;;;;;43034;10;;;;;43027.5;0.0
30;27200;ASH_COATED_OSMIUM;9996;15;9994;15;;;10014;13;10016;14;;;10005.5;0.0
30;27200;INTARIAN_PEPPER_ROOT;43019;9;43017;25;43015;9;43033;25;43036;22;43039;8;43026.0;0.0
30;27300;ASH_COATED_OSMIUM;9995;12;;;;;10011;11;;;;;10003.5;0.0
30;27300;INTARIAN_PEPPER_ROOT;43022;9;;;;;43034;11;;;;;43028.5;0.0
30;27400;ASH_COATED_OSMIUM;9994;15;9993;12;;;10012;14;10015;12;;;10003.0;0.0
30;27400;INTARIAN_PEPPER_ROOT;43019;10;;;;;43031;8;;;;;43025.5;0.0
30;27500;ASH_COATED_OSMIUM;9992;11;;;;;10011;14;;;;;10002.0;0.0
30;27500;INTARIAN_PEPPER_ROOT;43023;9;;;;;43034;8;;;;;43029.0;0.0
30;27600;ASH_COATED_OSMIUM;9993;10;;;;;10009;10;;;;;10001.0;0.0
30;27600;INTARIAN_PEPPER_ROOT;43025;18;43023;16;43021;12;43038;9;43039;12;43042;12;43032.0;0.0
30;27700;ASH_COATED_OSMIUM;9994;12;;;;;10004;15;;;;;9999.0;0.0
30;27700;INTARIAN_PEPPER_ROOT;43024;12;43023;22;;;43038;12;43039;10;;;43031.5;0.0
30;27800;ASH_COATED_OSMIUM;9990;10;9988;11;9986;10;10006;11;10008;15;10009;13;9998.0;0.0
30;27800;INTARIAN_PEPPER_ROOT;43024;11;43023;11;43020;10;43035;10;43036;11;43037;8;43029.5;0.0
30;27900;ASH_COATED_OSMIUM;9988;11;9987;5;;;9997;28;10000;2;;;9993.0;0.0
30;27900;INTARIAN_PEPPER_ROOT;43021;8;43018;8;;;43034;9;43035;8;;;43027.5;0.0
30;28000;ASH_COATED_OSMIUM;9984;26;9983;23;;;10000;11;10003;27;;;9992.0;0.0
30;28000;INTARIAN_PEPPER_ROOT;43025;12;43022;11;;;43033;19;43036;12;;;43029.5;0.0
30;28100;ASH_COATED_OSMIUM;9988;15;9985;11;;;10004;11;10006;21;;;9996.5;0.0
30;28100;INTARIAN_PEPPER_ROOT;43018;9;43017;11;43015;9;43031;22;43033;12;43035;9;43025.0;0.0
30;28200;ASH_COATED_OSMIUM;9992;13;9991;20;;;10008;14;10011;21;;;10000.0;0.0
30;28200;INTARIAN_PEPPER_ROOT;43028;18;43026;11;;;43041;10;43043;9;;;43035.0;0.0
30;28300;ASH_COATED_OSMIUM;9988;15;;;;;10004;10;;;;;9996.5;0.0
30;28300;INTARIAN_PEPPER_ROOT;43024;12;43021;17;;;43039;12;43042;9;;;43031.5;0.0
30;28400;ASH_COATED_OSMIUM;9999;13;9998;13;;;10005;15;10007;26;;;10002.5;0.0
30;28400;INTARIAN_PEPPER_ROOT;43020;11;43019;9;43018;10;43034;12;43036;8;43037;12;43027.5;0.0
30;28500;ASH_COATED_OSMIUM;9988;13;9987;15;9984;14;10004;12;10005;2;10008;14;9996.5;0.0
30;28500;INTARIAN_PEPPER_ROOT;43020;8;43018;10;43015;11;43031;9;43032;11;43034;10;43026.0;0.0
30;28600;ASH_COATED_OSMIUM;9989;14;;;;;10005;20;;;;;9997.5;0.0
30;28600;INTARIAN_PEPPER_ROOT;43020;18;43018;22;43017;11;43039;10;43041;8;43044;23;43030.0;0.0
30;28700;ASH_COATED_OSMIUM;9997;11;;;;;10006;14;;;;;10001.5;0.0
30;28700;INTARIAN_PEPPER_ROOT;43023;11;;;;;43036;12;;;;;43029.5;0.0
30;28800;ASH_COATED_OSMIUM;9999;14;9998;15;;;10008;10;10011;12;;;10004.0;0.0
30;28800;INTARIAN_PEPPER_ROOT;43023;8;43020;9;;;43034;16;43037;9;;;43029.0;0.0
30;28900;ASH_COATED_OSMIUM;10001;12;;;;;10010;10;;;;;10005.5;0.0
30;28900;INTARIAN_PEPPER_ROOT;43021;11;43018;8;43015;8;43032;10;43035;11;43037;11;43027.0;0.0
30;29000;ASH_COATED_OSMIUM;9996;10;9995;14;9992;10;10015;11;10018;30;10021;15;10006.0;0.0
30;29000;INTARIAN_PEPPER_ROOT;43019;12;;;;;43032;10;;;;;43026.0;0.0
30;29100;ASH_COATED_OSMIUM;9998;28;;;;;10014;5;;;;;10006.5;0.0
30;29100;INTARIAN_PEPPER_ROOT;43019;8;43017;11;;;43035;11;43036;10;;;43027.5;0.0
30;29200;ASH_COATED_OSMIUM;9995;10;9993;13;9990;11;10011;30;10012;10;10015;11;10003.0;0.0
30;29200;INTARIAN_PEPPER_ROOT;43028;19;43027;21;43025;11;43040;18;43041;5;43044;23;43034.0;0.0
30;29300;ASH_COATED_OSMIUM;9993;10;9991;10;9988;15;10009;15;10011;14;10012;14;10001.5;0.0
30;29300;INTARIAN_PEPPER_ROOT;43017;11;43015;12;43014;23;43033;9;43036;8;43037;10;43025.5;0.0
30;29400;ASH_COATED_OSMIUM;9996;12;9993;13;;;10012;10;10015;13;;;10004.5;0.0
30;29400;INTARIAN_PEPPER_ROOT;43020;9;43017;10;43015;23;43035;12;43036;9;43037;10;43027.5;0.0
30;29500;ASH_COATED_OSMIUM;9990;12;9987;14;;;10006;12;10009;15;;;9998.0;0.0
30;29500;INTARIAN_PEPPER_ROOT;43021;8;43020;10;;;43033;9;43035;12;;;43027.5;0.0
30;29600;ASH_COATED_OSMIUM;9991;11;9989;13;;;10007;27;10008;13;;;9999.0;0.0
30;29600;INTARIAN_PEPPER_ROOT;43019;9;43018;8;;;43032;9;43034;9;;;43025.5;0.0
30;29700;ASH_COATED_OSMIUM;9986;12;9983;15;9982;11;10002;20;10004;13;10006;15;9994.5;0.0
30;29700;INTARIAN_PEPPER_ROOT;43022;16;43021;15;43018;18;43034;12;43036;8;43037;10;43028.5;0.0
30;29800;ASH_COATED_OSMIUM;9995;13;9992;15;;;10014;11;10016;14;;;10004.5;0.0
30;29800;INTARIAN_PEPPER_ROOT;43021;8;43019;19;;;43035;10;43037;10;;;43028.0;0.0
30;29900;ASH_COATED_OSMIUM;9994;15;;;;;10010;13;;;;;10002.0;0.0
30;29900;INTARIAN_PEPPER_ROOT;43027;12;43026;25;;;43038;8;43041;8;;;43032.5;0.0
30;30000;ASH_COATED_OSMIUM;9999;21;;;;;10011;20;;;;;10005.5;0.0
30;30000;INTARIAN_PEPPER_ROOT;43020;10;43017;11;;;43032;9;43033;9;;;43026.0;0.0
30;30100;ASH_COATED_OSMIUM;9999;11;9998;14;9995;11;10017;30;10018;14;10021;10;10008.5;0.0
30;30100;INTARIAN_PEPPER_ROOT;43021;8;;;;;43040;8;;;;;43030.5;0.0
30;30200;ASH_COATED_OSMIUM;9994;14;;;;;10010;13;;;;;10002.0;0.0
30;30200;INTARIAN_PEPPER_ROOT;43021;9;43020;11;;;43035;25;43036;10;;;43028.5;0.0
30;30300;ASH_COATED_OSMIUM;9997;13;9994;24;9993;15;10013;12;10016;13;10018;15;10005.0;0.0
30;30300;INTARIAN_PEPPER_ROOT;43021;12;;;;;43035;10;;;;;43028.0;0.0
30;30400;ASH_COATED_OSMIUM;9998;13;9996;13;;;10014;15;10016;13;;;10006.5;0.0
30;30400;INTARIAN_PEPPER_ROOT;43024;11;43023;11;;;43038;23;43041;12;;;43031.5;0.0
30;30500;ASH_COATED_OSMIUM;9996;11;;;;;10012;14;;;;;10004.5;0.0
30;30500;INTARIAN_PEPPER_ROOT;43022;17;43019;10;;;43039;10;43040;11;;;43030.5;0.0
30;30600;ASH_COATED_OSMIUM;9996;2;;;;;10012;13;;;;;10004.5;0.0
30;30600;INTARIAN_PEPPER_ROOT;43024;10;43022;10;;;43036;18;43037;8;;;43030.5;0.0
30;30700;ASH_COATED_OSMIUM;9990;12;9988;15;;;10006;15;10009;12;;;9998.5;0.0
30;30700;INTARIAN_PEPPER_ROOT;43023;24;43021;11;;;43035;10;43036;12;;;43029.0;0.0
30;30800;ASH_COATED_OSMIUM;9994;11;;;;;10010;14;;;;;10002.0;0.0
30;30800;INTARIAN_PEPPER_ROOT;43027;11;43024;10;;;43039;25;43042;10;;;43033.0;0.0
30;30900;ASH_COATED_OSMIUM;9999;10;;;;;10008;10;;;;;10004.0;0.0
30;30900;INTARIAN_PEPPER_ROOT;43026;9;;;;;43039;22;;;;;43032.5;0.0
30;31000;ASH_COATED_OSMIUM;9997;11;;;;;10013;11;;;;;10005.0;0.0
30;31000;INTARIAN_PEPPER_ROOT;43022;12;;;;;43039;12;;;;;43030.5;0.0
30;31100;ASH_COATED_OSMIUM;9997;10;9996;13;;;10013;14;10014;14;;;10005.0;0.0
30;31100;INTARIAN_PEPPER_ROOT;43019;8;43018;11;;;43036;11;43039;24;;;43027.5;0.0
30;31200;ASH_COATED_OSMIUM;10000;12;;;;;10007;13;;;;;10003.5;0.0
30;31200;INTARIAN_PEPPER_ROOT;43024;16;43022;10;43020;10;43038;8;43041;10;43044;8;43031.5;0.0
30;31300;ASH_COATED_OSMIUM;9991;29;;;;;10009;10;;;;;10000.5;0.0
30;31300;INTARIAN_PEPPER_ROOT;43025;20;;;;;43040;15;;;;;43032.5;0.0
30;31400;ASH_COATED_OSMIUM;9987;11;;;;;10006;10;;;;;9996.5;0.0
30;31400;INTARIAN_PEPPER_ROOT;43023;12;;;;;43040;8;;;;;43032.0;0.0
30;31500;ASH_COATED_OSMIUM;9990;11;9988;13;9985;14;10009;10;10012;28;10014;7;9999.5;0.0
30;31500;INTARIAN_PEPPER_ROOT;43027;11;43024;10;;;43038;11;43040;9;;;43033.0;0.0
30;31600;ASH_COATED_OSMIUM;9983;12;;;;;9999;13;;;;;9991.5;0.0
30;31600;INTARIAN_PEPPER_ROOT;43029;11;43027;9;;;43040;12;43043;8;;;43035.0;0.0
30;31700;ASH_COATED_OSMIUM;9990;10;9988;26;9985;14;9995;12;9996;15;9997;12;9993.0;0.0
30;31700;INTARIAN_PEPPER_ROOT;43024;12;43022;12;;;43035;12;43038;11;;;43029.5;0.0
30;31800;ASH_COATED_OSMIUM;9986;13;9984;15;;;10002;26;10005;10;;;9994.5;0.0
30;31800;INTARIAN_PEPPER_ROOT;43025;23;43023;8;;;43039;12;43042;9;;;43032.0;0.0
30;31900;ASH_COATED_OSMIUM;9993;11;;;;;10009;12;;;;;10001.0;0.0
30;31900;INTARIAN_PEPPER_ROOT;43026;9;43024;9;;;43039;24;43040;8;;;43032.5;0.0
30;32000;ASH_COATED_OSMIUM;10000;12;;;;;10018;14;;;;;10009.5;0.0
30;32000;INTARIAN_PEPPER_ROOT;43023;10;43022;8;;;43038;20;43039;19;;;43030.5;0.0
30;32100;ASH_COATED_OSMIUM;10000;14;9999;13;9998;13;10016;15;10017;14;10020;15;10008.0;0.0
30;32100;INTARIAN_PEPPER_ROOT;43028;8;43025;9;43022;11;43041;12;43043;12;43045;10;43034.5;0.0
30;32200;ASH_COATED_OSMIUM;9997;14;9995;30;;;10016;12;10018;10;;;10006.5;0.0
30;32200;INTARIAN_PEPPER_ROOT;43023;10;43020;11;;;43037;10;43040;9;;;43030.0;0.0
30;32300;ASH_COATED_OSMIUM;9993;29;9990;15;;;10009;13;10010;20;;;10001.5;0.0
30;32300;INTARIAN_PEPPER_ROOT;43028;10;;;;;43039;17;;;;;43034.0;0.0
30;32400;ASH_COATED_OSMIUM;9999;15;;;;;10012;14;;;;;10006.0;0.0
30;32400;INTARIAN_PEPPER_ROOT;43028;8;43026;12;;;43045;9;43048;9;;;43037.0;0.0
30;32500;ASH_COATED_OSMIUM;10000;10;9999;10;9997;11;10016;15;10018;13;10019;13;10008.0;0.0
30;32500;INTARIAN_PEPPER_ROOT;43027;9;43025;16;;;43044;25;43046;9;;;43036.0;0.0
30;32600;ASH_COATED_OSMIUM;9997;14;9994;12;;;10013;22;10014;12;;;10005.5;0.0
30;32600;INTARIAN_PEPPER_ROOT;43026;9;;;;;43039;8;;;;;43032.5;0.0
30;32700;ASH_COATED_OSMIUM;10000;11;;;;;10016;13;;;;;10008.0;0.0
30;32700;INTARIAN_PEPPER_ROOT;43019;11;;;;;43038;9;;;;;43029.0;0.0
30;32800;ASH_COATED_OSMIUM;10000;13;9997;12;;;10009;30;10011;10;;;10005.0;0.0
30;32800;INTARIAN_PEPPER_ROOT;43023;10;43022;12;;;43037;10;43039;25;;;43030.5;0.0
30;32900;ASH_COATED_OSMIUM;9994;15;;;;;10012;12;;;;;10003.0;0.0
30;32900;INTARIAN_PEPPER_ROOT;43027;3;43025;9;43024;9;43043;9;43045;10;43048;12;43035.5;0.0
30;33000;ASH_COATED_OSMIUM;9993;13;9992;10;;;10009;14;10010;20;;;10001.5;0.0
30;33000;INTARIAN_PEPPER_ROOT;43021;8;;;;;43037;25;;;;;43029.5;0.0
30;33100;ASH_COATED_OSMIUM;9995;14;;;;;10011;11;;;;;10003.5;0.0
30;33100;INTARIAN_PEPPER_ROOT;43023;11;43021;9;;;43035;12;43038;11;;;43029.5;0.0
30;33200;ASH_COATED_OSMIUM;9995;14;9994;11;;;10011;14;10013;14;;;10003.0;0.0
30;33200;INTARIAN_PEPPER_ROOT;43028;9;43027;12;;;43044;10;43045;5;;;43036.0;0.0
30;33300;ASH_COATED_OSMIUM;9992;11;9989;10;9987;12;10010;11;10013;13;10016;11;10001.5;0.0
30;33300;INTARIAN_PEPPER_ROOT;43027;3;43026;9;43025;8;43040;10;43041;8;43043;12;43034.0;0.0
30;33400;ASH_COATED_OSMIUM;10001;24;9998;12;;;10017;15;10019;14;;;10009.5;0.0
30;33400;INTARIAN_PEPPER_ROOT;43031;12;43030;12;43027;9;43043;9;43046;8;43048;23;43037.5;0.0
30;33500;ASH_COATED_OSMIUM;9996;4;;;;;10017;10;;;;;10007.0;0.0
30;33500;INTARIAN_PEPPER_ROOT;43032;24;;;;;43034;10;;;;;43033.0;0.0
30;33600;ASH_COATED_OSMIUM;9992;15;9990;12;9989;13;10008;13;10009;15;10011;14;10000.5;0.0
30;33600;INTARIAN_PEPPER_ROOT;43026;12;43023;8;;;43043;12;43045;10;;;43035.0;0.0
30;33700;ASH_COATED_OSMIUM;9998;13;;;;;10014;11;;;;;10006.5;0.0
30;33700;INTARIAN_PEPPER_ROOT;43027;8;;;;;43039;9;;;;;43033.0;0.0
30;33800;ASH_COATED_OSMIUM;9999;21;9998;14;9997;13;10015;10;10017;13;10018;12;10007.5;0.0
30;33800;INTARIAN_PEPPER_ROOT;43027;9;43026;11;;;43040;8;43043;9;;;43033.5;0.0
30;33900;ASH_COATED_OSMIUM;9998;12;9997;14;;;10014;10;10016;28;;;10006.0;0.0
30;33900;INTARIAN_PEPPER_ROOT;43022;16;;;;;43036;11;;;;;43029.0;0.0
30;34000;ASH_COATED_OSMIUM;9995;12;9994;12;9993;13;10011;13;10014;14;10015;13;10003.0;0.0
30;34000;INTARIAN_PEPPER_ROOT;43026;20;;;;;43043;12;;;;;43034.5;0.0
30;34100;ASH_COATED_OSMIUM;10003;25;;;;;10019;15;;;;;10011.5;0.0
30;34100;INTARIAN_PEPPER_ROOT;43025;9;43022;9;;;43041;8;43042;12;;;43033.5;0.0
30;34200;ASH_COATED_OSMIUM;9999;13;;;;;10015;12;;;;;10007.0;0.0
30;34200;INTARIAN_PEPPER_ROOT;43026;10;;;;;43038;8;;;;;43032.0;0.0
30;34300;ASH_COATED_OSMIUM;9992;12;9989;26;9987;25;10008;25;10011;14;10014;12;10000.0;0.0
30;34300;INTARIAN_PEPPER_ROOT;43026;10;43023;11;;;43039;9;43042;12;;;43032.5;0.0
30;34400;ASH_COATED_OSMIUM;9995;26;9992;15;9989;29;10011;10;10012;5;10015;29;10003.0;0.0
30;34400;INTARIAN_PEPPER_ROOT;43024;12;;;;;43042;9;;;;;43033.5;0.0
30;34500;ASH_COATED_OSMIUM;9994;15;9992;10;9990;15;10010;10;10011;14;10012;27;10002.5;0.0
30;34500;INTARIAN_PEPPER_ROOT;43030;9;;;;;43041;16;;;;;43035.5;0.0
30;34600;ASH_COATED_OSMIUM;9996;27;9995;10;9994;14;10002;10;10004;13;10006;14;9999.5;0.0
30;34600;INTARIAN_PEPPER_ROOT;43028;20;43026;8;;;43039;9;43041;8;;;43033.5;0.0
30;34700;ASH_COATED_OSMIUM;9994;20;9993;14;;;10010;15;10012;12;;;10002.0;0.0
30;34700;INTARIAN_PEPPER_ROOT;43031;9;43030;12;;;43043;8;43045;11;;;43037.0;0.0
30;34800;ASH_COATED_OSMIUM;9996;11;9994;11;9991;10;10012;11;10013;12;10015;11;10004.5;0.0
30;34800;INTARIAN_PEPPER_ROOT;43030;3;;;;;43044;10;;;;;43037.5;0.0
30;34900;ASH_COATED_OSMIUM;10000;29;9999;10;;;10016;13;10017;12;;;10008.5;0.0
30;34900;INTARIAN_PEPPER_ROOT;43029;9;43026;12;;;43046;22;43048;17;;;43037.5;0.0
30;35000;ASH_COATED_OSMIUM;9997;12;9994;13;;;10013;13;10014;13;;;10005.0;0.0
30;35000;INTARIAN_PEPPER_ROOT;43027;10;43026;11;43024;10;43042;9;43044;9;43046;12;43034.5;0.0
30;35100;ASH_COATED_OSMIUM;9992;23;;;;;10008;25;;;;;10000.0;0.0
30;35100;INTARIAN_PEPPER_ROOT;43030;18;;;;;43042;9;;;;;43036.0;0.0
30;35200;ASH_COATED_OSMIUM;9995;12;;;;;10011;3;;;;;10003.5;0.0
30;35200;INTARIAN_PEPPER_ROOT;43033;20;;;;;43045;8;;;;;43039.0;0.0
30;35300;ASH_COATED_OSMIUM;9991;14;9989;4;9987;12;10007;10;10009;14;10011;14;9999.5;0.0
30;35300;INTARIAN_PEPPER_ROOT;43031;10;43028;11;;;43045;10;43048;12;;;43038.0;0.0
30;35400;ASH_COATED_OSMIUM;9987;10;;;;;9998;13;;;;;9992.5;0.0
30;35400;INTARIAN_PEPPER_ROOT;43030;11;;;;;43044;12;;;;;43037.0;0.0
30;35500;ASH_COATED_OSMIUM;9989;28;9986;24;9983;15;10005;12;10006;14;10009;15;9997.5;0.0
30;35500;INTARIAN_PEPPER_ROOT;43031;9;43030;12;;;43044;22;43045;12;;;43037.5;0.0
30;35600;ASH_COATED_OSMIUM;9989;13;9987;22;;;10005;21;10006;10;;;9997.0;0.0
30;35600;INTARIAN_PEPPER_ROOT;43031;9;43028;15;;;43045;11;43047;24;;;43038.0;0.0
30;35700;ASH_COATED_OSMIUM;9999;13;9996;13;9993;12;10015;11;10017;13;10018;3;10007.0;0.0
30;35700;INTARIAN_PEPPER_ROOT;43028;8;43025;8;;;43039;12;43040;9;;;43033.5;0.0
30;35800;ASH_COATED_OSMIUM;9997;14;9994;15;9991;13;10013;11;10016;15;10017;12;10005.0;0.0
30;35800;INTARIAN_PEPPER_ROOT;43029;12;43026;12;43023;11;43042;21;43044;21;43046;8;43036.0;0.0
30;35900;ASH_COATED_OSMIUM;9992;12;;;;;10011;10;;;;;10002.0;0.0
30;35900;INTARIAN_PEPPER_ROOT;43026;11;43025;9;;;43038;12;43041;24;;;43032.0;0.0
30;36000;ASH_COATED_OSMIUM;9996;11;;;;;10012;13;;;;;10004.0;0.0
30;36000;INTARIAN_PEPPER_ROOT;43028;9;43027;9;;;43043;15;43045;9;;;43035.5;0.0
30;36100;ASH_COATED_OSMIUM;10003;14;10002;14;10000;22;10019;15;10022;11;10025;10;10011.0;0.0
30;36100;INTARIAN_PEPPER_ROOT;43028;10;43027;8;;;43043;11;43046;23;;;43035.5;0.0
30;36200;ASH_COATED_OSMIUM;9999;15;;;;;10009;14;;;;;10004.5;0.0
30;36200;INTARIAN_PEPPER_ROOT;43026;11;;;;;43037;9;;;;;43032.0;0.0
30;36300;ASH_COATED_OSMIUM;10001;26;10000;14;9998;11;10017;15;10018;11;10020;11;10009.0;0.0
30;36300;INTARIAN_PEPPER_ROOT;43029;10;;;;;43042;11;;;;;43035.5;0.0
30;36400;ASH_COATED_OSMIUM;9998;15;;;;;10016;13;;;;;10007.0;0.0
30;36400;INTARIAN_PEPPER_ROOT;43031;16;;;;;43044;20;;;;;43037.5;0.0
30;36500;ASH_COATED_OSMIUM;9996;15;9993;13;9992;13;10012;10;10015;12;10016;11;10004.5;0.0
30;36500;INTARIAN_PEPPER_ROOT;43029;9;43028;25;;;43040;11;43043;11;;;43035.0;0.0
30;36600;ASH_COATED_OSMIUM;10000;10;9997;28;;;10018;13;10021;12;;;10009.5;0.0
30;36600;INTARIAN_PEPPER_ROOT;43028;10;43026;10;;;43041;10;43042;11;;;43034.5;0.0
30;36700;ASH_COATED_OSMIUM;9997;15;;;;;10013;22;;;;;10005.5;0.0
30;36700;INTARIAN_PEPPER_ROOT;43029;9;43028;11;43026;11;43043;7;43045;18;43046;9;43036.5;0.0
30;36800;ASH_COATED_OSMIUM;9994;14;;;;;10010;15;;;;;10002.0;0.0
30;36800;INTARIAN_PEPPER_ROOT;43033;8;43030;12;43029;9;43045;8;43047;8;43050;8;43039.5;0.0
30;36900;ASH_COATED_OSMIUM;9991;15;9990;12;;;10007;10;10010;14;;;9999.5;0.0
30;36900;INTARIAN_PEPPER_ROOT;43031;12;43029;18;43027;11;43045;8;43048;11;43051;18;43038.0;0.0
30;37000;ASH_COATED_OSMIUM;9986;15;9983;11;9982;2;10005;22;10007;9;10009;6;9996.0;0.0
30;37000;INTARIAN_PEPPER_ROOT;43031;11;;;;;43045;12;;;;;43038.0;0.0
30;37100;ASH_COATED_OSMIUM;9991;10;9990;15;;;10012;29;10014;22;;;10001.5;0.0
30;37100;INTARIAN_PEPPER_ROOT;43031;8;43029;11;;;43045;20;43048;9;;;43038.0;0.0
30;37200;ASH_COATED_OSMIUM;9989;11;;;;;10007;30;;;;;9998.0;0.0
30;37200;INTARIAN_PEPPER_ROOT;43030;12;43029;9;;;43043;9;43045;20;;;43037.0;0.0
30;37300;ASH_COATED_OSMIUM;9991;10;;;;;10010;11;;;;;10000.5;0.0
30;37300;INTARIAN_PEPPER_ROOT;43031;9;43028;12;;;43044;15;43046;10;;;43038.0;0.0
30;37400;ASH_COATED_OSMIUM;9991;12;9990;30;9989;22;10007;27;10010;13;10012;13;9999.5;0.0
30;37400;INTARIAN_PEPPER_ROOT;43032;10;43030;12;;;43044;11;43046;9;;;43038.5;0.0
30;37500;ASH_COATED_OSMIUM;9986;12;9985;12;;;10005;13;10008;10;;;9995.5;0.0
30;37500;INTARIAN_PEPPER_ROOT;43032;15;;;;;43045;25;;;;;43039.0;0.0
30;37600;ASH_COATED_OSMIUM;9993;10;;;;;10004;14;;;;;9998.5;0.0
30;37600;INTARIAN_PEPPER_ROOT;43030;10;;;;;43047;8;;;;;43038.5;0.0
30;37700;ASH_COATED_OSMIUM;9991;15;9990;11;9988;13;10002;10;10004;11;10005;14;9997.0;0.0
30;37700;INTARIAN_PEPPER_ROOT;43033;8;43030;12;;;43047;21;43048;4;;;43040.5;0.0
30;37800;ASH_COATED_OSMIUM;9986;29;9983;27;;;10002;23;10005;14;;;9994.5;0.0
30;37800;INTARIAN_PEPPER_ROOT;43027;10;43026;11;43025;8;43042;18;43043;10;43045;11;43034.5;0.0
30;37900;ASH_COATED_OSMIUM;9990;15;9989;15;9988;22;10006;13;10007;12;10008;12;9998.0;0.0
30;37900;INTARIAN_PEPPER_ROOT;43031;10;43029;12;;;43044;8;43046;11;;;43037.5;0.0
30;38000;ASH_COATED_OSMIUM;9990;11;9987;11;9985;11;10006;11;10009;14;10012;30;9998.0;0.0
30;38000;INTARIAN_PEPPER_ROOT;43031;10;;;;;43047;11;;;;;43039.5;0.0
30;38100;ASH_COATED_OSMIUM;9986;14;9983;14;;;10002;11;10004;12;;;9994.5;0.0
30;38100;INTARIAN_PEPPER_ROOT;43029;12;43027;9;;;43049;8;43050;23;;;43039.5;0.0
30;38200;ASH_COATED_OSMIUM;9990;11;;;;;10008;11;;;;;9999.0;0.0
30;38200;INTARIAN_PEPPER_ROOT;43032;15;43029;8;;;43044;8;43045;10;;;43038.0;0.0
30;38300;ASH_COATED_OSMIUM;9992;27;9991;12;9990;13;10008;10;10010;30;10011;14;10000.0;0.0
30;38300;INTARIAN_PEPPER_ROOT;43031;12;43029;15;;;43044;12;43047;8;;;43038.0;0.0
30;38400;ASH_COATED_OSMIUM;9988;13;9985;10;;;10006;15;10009;15;;;9997.5;0.0
30;38400;INTARIAN_PEPPER_ROOT;43034;8;43033;9;43032;8;43047;12;43050;11;43051;10;43040.5;0.0
30;38500;ASH_COATED_OSMIUM;9995;12;;;;;10011;27;;;;;10003.0;0.0
30;38500;INTARIAN_PEPPER_ROOT;43029;10;;;;;43043;8;;;;;43036.0;0.0
30;38600;ASH_COATED_OSMIUM;9993;13;;;;;10012;15;;;;;10002.5;0.0
30;38600;INTARIAN_PEPPER_ROOT;43034;10;43033;12;;;43046;12;43047;12;;;43040.5;0.0
30;38700;ASH_COATED_OSMIUM;9987;11;9986;15;;;10003;14;10004;15;;;9995.0;0.0
30;38700;INTARIAN_PEPPER_ROOT;43029;8;43028;9;;;43042;12;43045;20;;;43036.0;0.0
30;38800;ASH_COATED_OSMIUM;9984;13;9983;13;;;10003;10;10005;15;;;9994.0;0.0
30;38800;INTARIAN_PEPPER_ROOT;43029;11;43028;11;;;43046;9;43047;9;;;43038.0;0.0
30;38900;ASH_COATED_OSMIUM;9984;20;9982;11;9980;10;10000;13;10003;14;10005;13;9992.5;0.0
30;38900;INTARIAN_PEPPER_ROOT;43032;24;43031;8;;;43046;19;43048;25;;;43039.5;0.0
30;39000;ASH_COATED_OSMIUM;9985;13;;;;;10004;13;;;;;9994.5;0.0
30;39000;INTARIAN_PEPPER_ROOT;43035;10;43032;11;;;43047;12;43049;9;;;43041.5;0.0
30;39100;ASH_COATED_OSMIUM;9991;12;9989;13;;;10007;15;10009;14;;;9999.0;0.0
30;39100;INTARIAN_PEPPER_ROOT;43034;10;;;;;43046;24;;;;;43040.5;0.0
30;39200;ASH_COATED_OSMIUM;9990;26;9987;12;;;10006;12;10008;15;;;9998.0;0.0
30;39200;INTARIAN_PEPPER_ROOT;43037;9;43034;10;;;43051;12;43054;10;;;43044.0;0.0
30;39300;ASH_COATED_OSMIUM;9992;23;9989;15;;;10011;11;10014;30;;;10002.0;0.0
30;39300;INTARIAN_PEPPER_ROOT;43032;8;43029;11;43028;10;43044;8;43047;8;43050;21;43038.5;0.0
30;39400;ASH_COATED_OSMIUM;9997;30;;;;;10003;15;;;;;10000.0;0.0
30;39400;INTARIAN_PEPPER_ROOT;43032;10;;;;;43044;10;;;;;43038.0;0.0
30;39500;ASH_COATED_OSMIUM;9985;15;9983;13;;;10003;14;10004;10;;;9994.5;0.0
30;39500;INTARIAN_PEPPER_ROOT;43035;10;;;;;43048;20;;;;;43041.5;0.0
30;39600;ASH_COATED_OSMIUM;9982;10;9980;15;9979;14;9998;20;9999;12;10002;10;9990.5;0.0
30;39600;INTARIAN_PEPPER_ROOT;43034;12;43033;10;;;43051;19;43054;9;;;43042.5;0.0
30;39700;ASH_COATED_OSMIUM;9987;13;9985;11;;;9996;12;9997;12;;;9991.5;0.0
30;39700;INTARIAN_PEPPER_ROOT;43032;8;43031;11;43030;8;43045;9;43048;8;43049;10;43039.0;0.0
30;39800;ASH_COATED_OSMIUM;9977;12;;;;;9995;11;;;;;9986.0;0.0
30;39800;INTARIAN_PEPPER_ROOT;43031;21;43028;10;43027;12;43045;21;43048;8;43051;11;43038.5;0.0
30;39900;ASH_COATED_OSMIUM;9980;10;9979;27;;;9996;12;9999;11;;;9988.0;0.0
30;39900;INTARIAN_PEPPER_ROOT;43038;10;;;;;43051;8;;;;;43044.5;0.0
30;40000;ASH_COATED_OSMIUM;9984;13;9981;22;;;9993;11;9995;13;;;9989.0;0.0
30;40000;INTARIAN_PEPPER_ROOT;43035;10;43034;11;;;43048;21;43049;9;;;43041.5;0.0
30;40100;ASH_COATED_OSMIUM;9981;14;9978;10;;;9997;10;10000;11;;;9989.5;0.0
30;40100;INTARIAN_PEPPER_ROOT;43036;11;43034;11;43033;19;43049;10;43052;11;43053;8;43043.0;0.0
30;40200;ASH_COATED_OSMIUM;9990;12;;;;;9999;4;;;;;9995.0;0.0
30;40200;INTARIAN_PEPPER_ROOT;43037;8;43036;16;43034;9;43049;8;43052;10;43055;18;43043.0;0.0
30;40300;ASH_COATED_OSMIUM;9987;11;9985;13;9984;14;10003;13;10005;15;10007;29;9995.0;0.0
30;40300;INTARIAN_PEPPER_ROOT;43030;11;43029;10;43028;8;43046;11;43048;9;43049;9;43038.5;0.0
30;40400;ASH_COATED_OSMIUM;9989;13;9987;20;;;10005;22;10007;10;;;9997.5;0.0
30;40400;INTARIAN_PEPPER_ROOT;43032;10;;;;;43049;12;;;;;43040.5;0.0
30;40500;ASH_COATED_OSMIUM;9989;28;9987;14;;;10005;12;10008;15;;;9997.0;0.0
30;40500;INTARIAN_PEPPER_ROOT;43034;8;43032;12;;;43046;10;43048;10;;;43040.5;0.0
30;40600;ASH_COATED_OSMIUM;9990;15;;;;;10006;11;;;;;9998.0;0.0
30;40600;INTARIAN_PEPPER_ROOT;43033;8;43032;11;;;43044;11;43046;11;;;43039.0;0.0
30;40700;ASH_COATED_OSMIUM;9984;10;9983;22;;;10000;12;10003;14;;;9992.5;0.0
30;40700;INTARIAN_PEPPER_ROOT;43034;9;43031;8;;;43045;16;43048;12;;;43039.5;0.0
30;40800;ASH_COATED_OSMIUM;9982;10;9980;10;9977;20;10001;21;10003;13;10005;11;9992.0;0.0
30;40800;INTARIAN_PEPPER_ROOT;43039;8;43036;9;;;43052;12;43055;11;;;43046.0;0.0
30;40900;ASH_COATED_OSMIUM;9982;10;9979;27;9977;20;10001;15;10003;13;10005;11;9991.5;0.0
30;40900;INTARIAN_PEPPER_ROOT;43034;11;43032;15;43031;10;43047;10;43049;10;43050;8;43041.0;0.0
30;41000;ASH_COATED_OSMIUM;9987;15;9986;14;;;10006;13;10007;11;;;9996.5;0.0
30;41000;INTARIAN_PEPPER_ROOT;43033;12;;;;;43046;10;;;;;43039.5;0.0
30;41100;ASH_COATED_OSMIUM;9988;12;;;;;10006;14;;;;;9997.0;0.0
30;41100;INTARIAN_PEPPER_ROOT;43031;10;43030;11;;;43045;11;43048;20;;;43038.5;0.0
30;41200;ASH_COATED_OSMIUM;9983;10;9982;11;9981;27;10004;12;10007;13;10010;12;9994.0;0.0
30;41200;INTARIAN_PEPPER_ROOT;43032;12;;;;;43046;12;;;;;43039.5;0.0
30;41300;ASH_COATED_OSMIUM;9989;12;9986;13;9984;27;10005;14;10008;13;10009;15;9997.5;0.0
30;41300;INTARIAN_PEPPER_ROOT;43037;8;;;;;43048;11;;;;;43043.0;0.0
30;41400;ASH_COATED_OSMIUM;9991;10;9988;14;9985;12;10007;13;10008;12;10011;13;9999.0;0.0
30;41400;INTARIAN_PEPPER_ROOT;43036;11;;;;;43048;8;;;;;43042.5;0.0
30;41500;ASH_COATED_OSMIUM;9989;14;9986;12;;;10005;11;10007;11;;;9997.0;0.0
30;41500;INTARIAN_PEPPER_ROOT;43034;6;43032;17;;;43046;9;43048;11;;;43040.5;0.0
30;41600;ASH_COATED_OSMIUM;9989;13;;;;;10008;13;;;;;9999.0;0.0
30;41600;INTARIAN_PEPPER_ROOT;43033;11;43030;9;;;43046;23;43048;24;;;43040.0;0.0
30;41700;ASH_COATED_OSMIUM;9995;14;9992;11;;;10001;12;10002;15;;;9998.0;0.0
30;41700;INTARIAN_PEPPER_ROOT;43035;9;43032;9;43030;9;43047;22;43049;12;43050;10;43041.5;0.0
30;41800;ASH_COATED_OSMIUM;9995;12;9992;4;9989;13;10005;11;10008;15;10011;28;10000.0;0.0
30;41800;INTARIAN_PEPPER_ROOT;43033;11;43031;11;43029;12;43050;11;43052;12;43053;9;43041.5;0.0
30;41900;ASH_COATED_OSMIUM;9987;14;;;;;10003;15;;;;;9995.0;0.0
30;41900;INTARIAN_PEPPER_ROOT;43042;10;;;;;43044;15;;;;;43043.0;0.0
30;42000;ASH_COATED_OSMIUM;9989;11;;;;;10005;22;;;;;9997.5;0.0
30;42000;INTARIAN_PEPPER_ROOT;43035;11;43032;4;;;43049;9;43051;8;;;43042.0;0.0
30;42100;ASH_COATED_OSMIUM;9991;12;9989;11;;;10009;26;10011;14;;;10000.0;0.0
30;42100;INTARIAN_PEPPER_ROOT;43033;11;;;;;43047;10;;;;;43040.0;0.0
30;42200;ASH_COATED_OSMIUM;9994;30;;;;;10013;10;;;;;10004.0;0.0
30;42200;INTARIAN_PEPPER_ROOT;43033;12;;;;;43050;12;;;;;43041.5;0.0
30;42300;ASH_COATED_OSMIUM;9994;15;;;;;10010;12;;;;;10002.5;0.0
30;42300;INTARIAN_PEPPER_ROOT;43040;9;43037;11;43036;3;43053;9;43054;11;43055;10;43046.5;0.0
30;42400;ASH_COATED_OSMIUM;9992;13;;;;;10008;10;;;;;10000.0;0.0
30;42400;INTARIAN_PEPPER_ROOT;43038;25;;;;;43051;9;;;;;43045.0;0.0
30;42500;ASH_COATED_OSMIUM;9996;12;9995;11;;;10012;13;10015;15;;;10004.5;0.0
30;42500;INTARIAN_PEPPER_ROOT;43035;8;43033;9;;;43048;20;43049;11;;;43042.0;0.0
30;42600;ASH_COATED_OSMIUM;9996;10;;;;;10012;20;;;;;10004.0;0.0
30;42600;INTARIAN_PEPPER_ROOT;43034;9;43033;9;;;43047;18;43048;17;;;43041.0;0.0
30;42700;ASH_COATED_OSMIUM;9996;10;9993;27;9991;10;10012;11;10014;12;10015;12;10004.5;0.0
30;42700;INTARIAN_PEPPER_ROOT;43035;8;43033;9;43032;9;43046;11;43048;9;43049;10;43040.5;0.0
30;42800;ASH_COATED_OSMIUM;9998;11;9996;14;;;10014;13;10017;13;;;10006.5;0.0
30;42800;INTARIAN_PEPPER_ROOT;43031;11;43029;12;;;43048;10;43051;11;;;43040.0;0.0
30;42900;ASH_COATED_OSMIUM;9992;13;;;;;10008;24;;;;;10000.5;0.0
30;42900;INTARIAN_PEPPER_ROOT;43037;10;43035;10;43034;11;43049;21;43051;19;43054;8;43043.5;0.0
30;43000;ASH_COATED_OSMIUM;9993;20;;;;;10009;13;;;;;10001.5;0.0
30;43000;INTARIAN_PEPPER_ROOT;43035;8;43032;9;;;43049;11;43051;10;;;43042.0;0.0
30;43100;ASH_COATED_OSMIUM;9991;15;;;;;10007;12;;;;;9999.0;0.0
30;43100;INTARIAN_PEPPER_ROOT;43039;10;;;;;43052;9;;;;;43045.5;0.0
30;43200;ASH_COATED_OSMIUM;9996;15;9995;11;;;10012;30;10015;13;;;10004.5;0.0
30;43200;INTARIAN_PEPPER_ROOT;43033;19;;;;;43048;9;;;;;43041.0;0.0
30;43300;ASH_COATED_OSMIUM;9992;27;;;;;10008;28;;;;;10000.5;0.0
30;43300;INTARIAN_PEPPER_ROOT;43033;11;;;;;43050;12;;;;;43042.0;0.0
30;43400;ASH_COATED_OSMIUM;9992;13;;;;;10008;21;;;;;10000.0;0.0
30;43400;INTARIAN_PEPPER_ROOT;43036;19;43033;12;;;43048;10;43049;11;;;43042.5;0.0
30;43500;ASH_COATED_OSMIUM;9990;10;9987;10;9985;12;10006;12;10009;13;10010;14;9998.5;0.0
30;43500;INTARIAN_PEPPER_ROOT;43036;9;;;;;43047;8;;;;;43042.0;0.0
30;43600;ASH_COATED_OSMIUM;9983;11;9982;12;;;9999;11;10002;20;;;9991.5;0.0
30;43600;INTARIAN_PEPPER_ROOT;43041;19;43039;11;;;43053;12;43056;11;;;43047.0;0.0
30;43700;ASH_COATED_OSMIUM;9987;22;9985;15;;;10003;14;10005;30;;;9995.5;0.0
30;43700;INTARIAN_PEPPER_ROOT;43035;8;43034;8;;;43050;24;43053;8;;;43043.0;0.0
30;43800;ASH_COATED_OSMIUM;9991;12;;;;;10010;11;;;;;10000.5;0.0
30;43800;INTARIAN_PEPPER_ROOT;43035;9;;;;;43048;8;;;;;43041.5;0.0
30;43900;ASH_COATED_OSMIUM;9990;21;9989;15;;;10006;12;10007;14;;;9998.0;0.0
30;43900;INTARIAN_PEPPER_ROOT;43036;12;43035;9;;;43051;10;43052;12;;;43043.5;0.0
30;44000;ASH_COATED_OSMIUM;9990;14;9989;10;;;10006;24;10008;14;;;9998.5;0.0
30;44000;INTARIAN_PEPPER_ROOT;43041;16;43038;8;;;43054;8;43056;8;;;43048.0;0.0
30;44100;ASH_COATED_OSMIUM;9994;10;9992;15;9990;10;10010;28;10011;28;10014;13;10002.0;0.0
30;44100;INTARIAN_PEPPER_ROOT;43039;10;43036;8;;;43051;12;43054;11;;;43045.5;0.0
30;44200;ASH_COATED_OSMIUM;9994;15;9993;12;9992;15;10012;3;10013;9;10014;3;10003.5;0.0
30;44200;INTARIAN_PEPPER_ROOT;43035;21;43033;12;43032;9;43049;11;43052;7;43055;11;43042.5;0.0
30;44300;ASH_COATED_OSMIUM;9996;13;9994;14;;;10012;15;10013;11;;;10004.5;0.0
30;44300;INTARIAN_PEPPER_ROOT;43040;10;;;;;43049;11;;;;;43045.0;0.0
30;44400;ASH_COATED_OSMIUM;9998;14;;;;;10014;12;;;;;10006.0;0.0
30;44400;INTARIAN_PEPPER_ROOT;43035;11;43032;10;43030;10;43049;12;43052;9;43054;19;43042.0;0.0
30;44500;ASH_COATED_OSMIUM;9990;11;9988;15;;;10009;13;10010;12;;;9999.5;0.0
30;44500;INTARIAN_PEPPER_ROOT;43038;23;43037;8;43035;15;43052;8;43053;23;43055;9;43045.5;0.0
30;44600;ASH_COATED_OSMIUM;9993;15;;;;;10002;11;;;;;9998.0;0.0
30;44600;INTARIAN_PEPPER_ROOT;43041;12;;;;;43053;11;;;;;43047.0;0.0
30;44700;ASH_COATED_OSMIUM;9983;13;9981;11;;;10002;11;10004;11;;;9993.0;0.0
30;44700;INTARIAN_PEPPER_ROOT;43037;25;43035;11;43033;10;43054;12;43056;10;43059;10;43046.0;0.0
30;44800;ASH_COATED_OSMIUM;9983;13;;;;;9999;14;;;;;9991.0;0.0
30;44800;INTARIAN_PEPPER_ROOT;43036;12;43033;19;43031;11;43050;11;43053;10;43055;10;43043.5;0.0
30;44900;ASH_COATED_OSMIUM;9986;14;;;;;10002;12;;;;;9994.0;0.0
30;44900;INTARIAN_PEPPER_ROOT;43034;9;43031;10;;;43048;10;43049;8;;;43041.5;0.0
30;45000;ASH_COATED_OSMIUM;9982;14;9981;12;;;10003;26;10006;15;;;9992.5;0.0
30;45000;INTARIAN_PEPPER_ROOT;43037;12;;;;;43050;9;;;;;43043.5;0.0
30;45100;ASH_COATED_OSMIUM;9985;15;9984;14;;;10001;14;10004;10;;;9993.5;0.0
30;45100;INTARIAN_PEPPER_ROOT;43040;10;43039;11;;;43053;8;43054;11;;;43046.5;0.0
30;45200;ASH_COATED_OSMIUM;9985;13;;;;;9993;14;;;;;9989.5;0.0
30;45200;INTARIAN_PEPPER_ROOT;43037;11;43034;9;43033;10;43054;12;43055;11;43056;20;43045.5;0.0
30;45300;ASH_COATED_OSMIUM;9986;15;9985;11;;;10002;15;10005;11;;;9994.0;0.0
30;45300;INTARIAN_PEPPER_ROOT;43043;8;;;;;43054;9;;;;;43048.5;0.0
30;45400;ASH_COATED_OSMIUM;9984;12;;;;;10002;11;;;;;9993.5;0.0
30;45400;INTARIAN_PEPPER_ROOT;43038;11;43037;9;;;43049;12;43051;11;;;43043.5;0.0
30;45500;ASH_COATED_OSMIUM;9986;10;9985;15;9982;14;10002;11;10004;10;10007;12;9994.0;0.0
30;45500;INTARIAN_PEPPER_ROOT;43040;11;43037;3;;;43052;17;43055;12;;;43046.5;0.0
30;45600;ASH_COATED_OSMIUM;9985;15;9983;10;;;10001;12;10002;10;;;9993.5;0.0
30;45600;INTARIAN_PEPPER_ROOT;43041;8;43040;24;;;43052;11;43053;11;;;43046.5;0.0
30;45700;ASH_COATED_OSMIUM;9986;4;9984;22;9982;12;10004;15;10006;10;10008;22;9995.0;0.0
30;45700;INTARIAN_PEPPER_ROOT;43040;12;;;;;43053;22;;;;;43047.0;0.0
30;45800;ASH_COATED_OSMIUM;9990;11;9989;21;9988;5;10006;14;10009;11;10011;29;9998.0;0.0
30;45800;INTARIAN_PEPPER_ROOT;43037;10;43034;10;43032;12;43048;8;43050;9;43053;12;43042.5;0.0
30;45900;ASH_COATED_OSMIUM;9984;15;9983;13;;;10003;11;10006;12;;;9994.0;0.0
30;45900;INTARIAN_PEPPER_ROOT;43039;15;43037;8;;;43053;11;43055;10;;;43046.5;0.0
30;46000;ASH_COATED_OSMIUM;9987;14;9984;13;;;10005;14;10006;4;;;9996.0;0.0
30;46000;INTARIAN_PEPPER_ROOT;43040;12;43037;10;;;43053;12;43055;12;;;43046.5;0.0
30;46100;ASH_COATED_OSMIUM;9986;11;9985;12;9983;15;10005;14;10006;29;10007;13;9996.0;0.0
30;46100;INTARIAN_PEPPER_ROOT;43041;11;43040;8;43037;11;43055;11;43058;22;43060;8;43048.0;0.0
30;46200;ASH_COATED_OSMIUM;9988;15;;;;;10007;14;;;;;9997.5;0.0
30;46200;INTARIAN_PEPPER_ROOT;43040;19;43038;9;43036;9;43053;9;43054;8;43057;11;43047.0;0.0
30;46300;ASH_COATED_OSMIUM;9985;11;9983;15;;;10001;13;10004;14;;;9993.0;0.0
30;46300;INTARIAN_PEPPER_ROOT;43040;12;;;;;43053;9;;;;;43046.5;0.0
30;46400;ASH_COATED_OSMIUM;9988;27;9986;10;9985;13;10004;25;10006;14;10009;12;9996.0;0.0
30;46400;INTARIAN_PEPPER_ROOT;43038;8;43037;25;;;43051;15;43053;16;;;43045.0;0.0
30;46500;ASH_COATED_OSMIUM;9984;13;9983;12;;;10005;29;10008;13;;;9994.5;0.0
30;46500;INTARIAN_PEPPER_ROOT;43039;10;;;;;43052;10;;;;;43046.0;0.0
30;46600;ASH_COATED_OSMIUM;9985;22;;;;;10003;10;;;;;9994.5;0.0
30;46600;INTARIAN_PEPPER_ROOT;43040;11;43038;12;43035;10;43054;11;43056;24;43057;8;43047.0;0.0
30;46700;ASH_COATED_OSMIUM;9992;26;9989;28;;;10008;10;10011;6;;;10000.0;0.0
30;46700;INTARIAN_PEPPER_ROOT;43041;12;;;;;43057;11;;;;;43049.5;0.0
30;46800;ASH_COATED_OSMIUM;9993;14;9991;13;9990;11;10011;10;10012;2;10015;13;10002.0;0.0
30;46800;INTARIAN_PEPPER_ROOT;43041;25;43040;11;43037;20;43055;11;43057;12;43059;10;43048.5;0.0
30;46900;ASH_COATED_OSMIUM;9994;15;;;;;10004;10;;;;;9999.0;0.0
30;46900;INTARIAN_PEPPER_ROOT;43041;10;43040;12;;;43056;12;43059;12;;;43048.5;0.0
30;47000;ASH_COATED_OSMIUM;9987;13;9986;14;9984;14;10006;13;10009;11;10011;12;9997.0;0.0
30;47000;INTARIAN_PEPPER_ROOT;43041;12;;;;;43054;10;;;;;43047.5;0.0
30;47100;ASH_COATED_OSMIUM;9999;15;9997;11;;;10015;29;10018;11;;;10007.5;0.0
30;47100;INTARIAN_PEPPER_ROOT;43038;10;43037;10;;;43051;11;43052;12;;;43044.5;0.0
30;47200;ASH_COATED_OSMIUM;9992;11;9991;12;;;10011;15;10012;13;;;10002.0;0.0
30;47200;INTARIAN_PEPPER_ROOT;43042;9;43040;10;;;43055;8;43056;11;;;43049.0;0.0
30;47300;ASH_COATED_OSMIUM;9995;10;;;;;10011;5;;;;;10003.0;0.0
30;47300;INTARIAN_PEPPER_ROOT;43037;10;43035;8;43033;9;43049;23;43052;10;43053;23;43043.0;0.0
30;47400;ASH_COATED_OSMIUM;9993;26;9991;10;;;10009;12;10011;11;;;10001.0;0.0
30;47400;INTARIAN_PEPPER_ROOT;43041;22;43038;11;;;43053;8;43056;10;;;43047.0;0.0
30;47500;ASH_COATED_OSMIUM;9988;10;9986;12;;;10007;15;10008;12;;;9997.5;0.0
30;47500;INTARIAN_PEPPER_ROOT;43042;11;;;;;43055;20;;;;;43049.0;0.0
30;47600;ASH_COATED_OSMIUM;9989;12;9987;27;;;10005;7;10006;11;;;9997.5;0.0
30;47600;INTARIAN_PEPPER_ROOT;43039;17;43036;10;;;43055;8;43056;8;;;43047.5;0.0
30;47700;ASH_COATED_OSMIUM;9983;14;;;;;9999;5;;;;;9991.5;0.0
30;47700;INTARIAN_PEPPER_ROOT;43041;8;;;;;43054;9;;;;;43048.0;0.0
30;47800;ASH_COATED_OSMIUM;9983;12;9981;11;;;10001;10;10004;13;;;9992.5;0.0
30;47800;INTARIAN_PEPPER_ROOT;43047;12;;;;;43050;12;;;;;43049.0;0.0
30;47900;ASH_COATED_OSMIUM;9988;12;9985;13;;;10007;29;10008;11;;;9997.5;0.0
30;47900;INTARIAN_PEPPER_ROOT;43044;21;;;;;43057;10;;;;;43051.0;0.0
30;48000;ASH_COATED_OSMIUM;9998;11;9997;11;9995;10;10016;15;10017;15;10020;14;10007.5;0.0
30;48000;INTARIAN_PEPPER_ROOT;43038;9;43036;8;;;43050;10;43053;11;;;43044.5;0.0
30;48100;ASH_COATED_OSMIUM;9994;27;9993;14;;;10004;15;10007;15;;;9999.5;0.0
30;48100;INTARIAN_PEPPER_ROOT;43039;8;43038;12;43036;10;43051;11;43052;12;43053;8;43045.0;0.0
30;48200;ASH_COATED_OSMIUM;9994;11;;;;;10010;14;;;;;10002.5;0.0
30;48200;INTARIAN_PEPPER_ROOT;43043;11;43040;10;43037;11;43056;8;43058;9;43061;11;43049.5;0.0
30;48300;ASH_COATED_OSMIUM;9997;14;9996;26;;;10013;14;10014;20;;;10005.0;0.0
30;48300;INTARIAN_PEPPER_ROOT;43040;10;;;;;43054;12;;;;;43047.0;0.0
30;48400;ASH_COATED_OSMIUM;9995;13;9993;12;;;10014;15;10016;13;;;10004.5;0.0
30;48400;INTARIAN_PEPPER_ROOT;43042;10;;;;;43055;9;;;;;43048.5;0.0
30;48500;ASH_COATED_OSMIUM;10000;12;9997;15;9996;5;10016;10;10019;14;10021;12;10008.0;0.0
30;48500;INTARIAN_PEPPER_ROOT;43037;23;43036;9;;;43052;9;43054;8;;;43045.0;0.0
30;48600;ASH_COATED_OSMIUM;10000;10;;;;;10016;11;;;;;10008.5;0.0
30;48600;INTARIAN_PEPPER_ROOT;43041;8;43040;8;43039;12;43055;9;43057;10;43060;11;43048.5;0.0
30;48700;ASH_COATED_OSMIUM;10002;10;;;;;10018;12;;;;;10010.5;0.0
30;48700;INTARIAN_PEPPER_ROOT;43044;10;43042;25;43040;11;43057;9;43059;10;43060;12;43051.0;0.0
30;48800;ASH_COATED_OSMIUM;10006;12;;;;;10011;14;;;;;10009.0;0.0
30;48800;INTARIAN_PEPPER_ROOT;43040;8;;;;;43054;10;;;;;43047.5;0.0
30;48900;ASH_COATED_OSMIUM;9988;13;;;;;10006;30;;;;;9997.5;0.0
30;48900;INTARIAN_PEPPER_ROOT;43041;8;;;;;43055;25;;;;;43048.0;0.0
30;49000;ASH_COATED_OSMIUM;9989;13;;;;;10005;10;;;;;9997.0;0.0
30;49000;INTARIAN_PEPPER_ROOT;43039;8;43036;19;;;43056;22;43057;9;;;43047.5;0.0
30;49100;ASH_COATED_OSMIUM;9991;10;9988;11;;;10010;10;10012;13;;;10000.5;0.0
30;49100;INTARIAN_PEPPER_ROOT;43043;8;43042;9;;;43055;10;43058;9;;;43049.5;0.0
30;49200;ASH_COATED_OSMIUM;9987;14;9986;14;;;10003;11;10006;14;;;9995.0;0.0
30;49200;INTARIAN_PEPPER_ROOT;43041;11;43040;3;43037;21;43054;10;43055;9;43058;10;43047.5;0.0
30;49300;ASH_COATED_OSMIUM;9986;10;9983;15;9980;15;10002;10;10005;12;10006;3;9994.5;0.0
30;49300;INTARIAN_PEPPER_ROOT;43040;10;;;;;43054;12;;;;;43047.0;0.0
30;49400;ASH_COATED_OSMIUM;9995;10;;;;;10011;14;;;;;10003.0;0.0
30;49400;INTARIAN_PEPPER_ROOT;43045;11;43044;10;;;43058;10;43059;9;;;43051.5;0.0
30;49500;ASH_COATED_OSMIUM;9997;10;9996;13;9994;14;10003;11;10005;25;10008;11;10000.0;0.0
30;49500;INTARIAN_PEPPER_ROOT;43040;8;;;;;43054;10;;;;;43047.5;0.0
30;49600;ASH_COATED_OSMIUM;9991;11;9989;29;;;10007;15;10009;12;;;9999.0;0.0
30;49600;INTARIAN_PEPPER_ROOT;43045;20;43043;16;43042;8;43058;9;43059;9;43060;23;43051.5;0.0
30;49700;ASH_COATED_OSMIUM;9991;15;;;;;10009;14;;;;;10000.0;0.0
30;49700;INTARIAN_PEPPER_ROOT;43041;9;43038;9;;;43056;12;43057;17;;;43049.0;0.0
30;49800;ASH_COATED_OSMIUM;9995;15;9993;29;;;10011;11;10012;12;;;10003.5;0.0
30;49800;INTARIAN_PEPPER_ROOT;43045;9;43044;10;43042;9;43057;12;43059;8;43060;9;43051.0;0.0
30;49900;ASH_COATED_OSMIUM;9996;10;;;;;10012;10;;;;;10004.5;0.0
30;49900;INTARIAN_PEPPER_ROOT;43046;9;;;;;43058;8;;;;;43052.0;0.0
30;50000;ASH_COATED_OSMIUM;9994;14;;;;;10010;11;;;;;10002.0;0.0
30;50000;INTARIAN_PEPPER_ROOT;43047;9;;;;;43058;12;;;;;43052.5;0.0
30;50100;ASH_COATED_OSMIUM;9984;12;;;;;10000;14;;;;;9992.5;0.0
30;50100;INTARIAN_PEPPER_ROOT;43042;12;43039;11;;;43057;12;43060;18;;;43049.5;0.0
30;50200;ASH_COATED_OSMIUM;9987;28;9986;12;;;10005;11;10006;29;;;9996.0;0.0
30;50200;INTARIAN_PEPPER_ROOT;43044;9;;;;;43057;11;;;;;43050.5;0.0
30;50300;ASH_COATED_OSMIUM;9991;15;9988;12;;;10007;11;10008;13;;;9999.0;0.0
30;50300;INTARIAN_PEPPER_ROOT;43043;15;43042;8;43040;12;43060;8;43063;9;43066;11;43051.5;0.0
30;50400;ASH_COATED_OSMIUM;9989;3;9987;12;;;10007;13;10010;12;;;9998.0;0.0
30;50400;INTARIAN_PEPPER_ROOT;43046;9;43045;9;;;43059;9;43062;23;;;43053.0;0.0
30;50500;ASH_COATED_OSMIUM;9985;22;;;;;10001;13;;;;;9993.5;0.0
30;50500;INTARIAN_PEPPER_ROOT;43049;8;43048;11;;;43061;25;43064;25;;;43055.0;0.0
30;50600;ASH_COATED_OSMIUM;9989;14;9986;10;9984;12;10007;15;10010;15;10013;12;9998.0;0.0
30;50600;INTARIAN_PEPPER_ROOT;43047;15;43045;11;43044;9;43052;24;43055;24;43058;9;43049.5;0.0
30;50700;ASH_COATED_OSMIUM;9994;13;9992;28;;;10010;15;10012;14;;;10002.0;0.0
30;50700;INTARIAN_PEPPER_ROOT;43041;21;43040;12;;;43056;12;43057;8;;;43049.0;0.0
30;50800;ASH_COATED_OSMIUM;9993;11;9992;14;;;10009;14;10010;10;;;10001.0;0.0
30;50800;INTARIAN_PEPPER_ROOT;43046;11;;;;;43058;9;;;;;43052.5;0.0
30;50900;ASH_COATED_OSMIUM;9992;11;9991;13;9990;21;10008;20;10010;11;10011;10;10000.0;0.0
30;50900;INTARIAN_PEPPER_ROOT;43043;8;43040;11;;;43060;10;43061;10;;;43052.0;0.0
30;51000;ASH_COATED_OSMIUM;9993;11;9992;23;;;10009;2;10012;10;;;10001.0;0.0
30;51000;INTARIAN_PEPPER_ROOT;43042;11;;;;;43058;10;;;;;43050.0;0.0
30;51100;ASH_COATED_OSMIUM;9998;12;9996;10;;;10005;12;10007;15;;;10001.5;0.0
30;51100;INTARIAN_PEPPER_ROOT;43046;12;43044;12;;;43063;18;43065;9;;;43054.5;0.0
30;51200;ASH_COATED_OSMIUM;9993;12;9990;14;9988;21;10009;13;10011;21;10012;13;10001.5;0.0
30;51200;INTARIAN_PEPPER_ROOT;43046;9;43044;10;43041;11;43059;9;43061;9;43063;8;43052.5;0.0
30;51300;ASH_COATED_OSMIUM;9988;10;;;;;10004;15;;;;;9996.5;0.0
30;51300;INTARIAN_PEPPER_ROOT;43045;12;;;;;43062;12;;;;;43053.5;0.0
30;51400;ASH_COATED_OSMIUM;9987;13;;;;;10006;14;;;;;9997.0;0.0
30;51400;INTARIAN_PEPPER_ROOT;43046;11;;;;;43062;11;;;;;43054.5;0.0
30;51500;ASH_COATED_OSMIUM;9989;11;;;;;10005;11;;;;;9997.5;0.0
30;51500;INTARIAN_PEPPER_ROOT;43044;20;43043;11;43042;12;43057;8;43058;22;43059;22;43051.0;0.0
30;51600;ASH_COATED_OSMIUM;9987;12;9984;12;;;10003;12;10004;10;;;9995.0;0.0
30;51600;INTARIAN_PEPPER_ROOT;43045;8;;;;;43059;12;;;;;43052.5;0.0
30;51700;ASH_COATED_OSMIUM;9988;15;9987;5;;;10004;4;10007;15;;;9996.5;0.0
30;51700;INTARIAN_PEPPER_ROOT;43050;17;43047;10;;;43061;8;43062;12;;;43055.5;0.0
30;51800;ASH_COATED_OSMIUM;9986;12;;;;;10002;15;;;;;9994.0;0.0
30;51800;INTARIAN_PEPPER_ROOT;43045;15;43044;12;;;43059;21;43061;22;;;43052.0;0.0
30;51900;ASH_COATED_OSMIUM;9981;15;9979;14;9976;14;9997;15;10000;15;10001;10;9989.5;0.0
30;51900;INTARIAN_PEPPER_ROOT;43045;10;;;;;43058;9;;;;;43052.0;0.0
30;52000;ASH_COATED_OSMIUM;9978;15;;;;;9997;3;;;;;9988.0;0.0
30;52000;INTARIAN_PEPPER_ROOT;43043;8;;;;;43056;11;;;;;43050.0;0.0
30;52100;ASH_COATED_OSMIUM;9979;12;9977;10;9974;27;9995;14;9996;15;9997;15;9987.0;0.0
30;52100;INTARIAN_PEPPER_ROOT;43046;11;43043;8;;;43060;18;43063;10;;;43053.0;0.0
30;52200;ASH_COATED_OSMIUM;9984;15;9982;15;;;10000;11;10003;11;;;9992.5;0.0
30;52200;INTARIAN_PEPPER_ROOT;43047;8;43045;9;;;43060;18;43063;8;;;43054.0;0.0
30;52300;ASH_COATED_OSMIUM;9991;12;9990;14;9987;10;9996;5;9998;15;10000;14;9994.0;0.0
30;52300;INTARIAN_PEPPER_ROOT;43048;20;43046;11;;;43061;12;43064;11;;;43055.0;0.0
30;52400;ASH_COATED_OSMIUM;9986;11;;;;;10002;20;;;;;9994.0;0.0
30;52400;INTARIAN_PEPPER_ROOT;43045;11;;;;;43058;11;;;;;43052.0;0.0
30;52500;ASH_COATED_OSMIUM;9988;11;9985;14;;;10006;13;10008;10;;;9997.5;0.0
30;52500;INTARIAN_PEPPER_ROOT;43045;8;43042;11;;;43062;10;43063;8;;;43053.5;0.0
30;52600;ASH_COATED_OSMIUM;9996;15;;;;;10012;25;;;;;10004.0;0.0
30;52600;INTARIAN_PEPPER_ROOT;43048;15;;;;;43060;8;;;;;43054.5;0.0
30;52700;ASH_COATED_OSMIUM;9992;3;9991;25;;;10008;11;10011;15;;;10000.5;0.0
30;52700;INTARIAN_PEPPER_ROOT;43045;12;43043;9;43042;9;43060;8;43062;8;43065;11;43052.5;0.0
30;52800;ASH_COATED_OSMIUM;9994;10;9991;28;;;10015;10;10016;23;;;10004.5;0.0
30;52800;INTARIAN_PEPPER_ROOT;43055;10;43053;12;43051;11;43057;10;43060;12;43062;21;43056.0;0.0
30;52900;ASH_COATED_OSMIUM;9992;14;;;;;10008;14;;;;;10000.0;0.0
30;52900;INTARIAN_PEPPER_ROOT;43044;24;;;;;43057;8;;;;;43050.5;0.0
30;53000;ASH_COATED_OSMIUM;9997;5;9996;10;;;10013;10;10015;4;;;10005.0;0.0
30;53000;INTARIAN_PEPPER_ROOT;43047;10;;;;;43063;12;;;;;43055.0;0.0
30;53100;ASH_COATED_OSMIUM;9991;11;9990;10;;;10010;14;10013;14;;;10001.0;0.0
30;53100;INTARIAN_PEPPER_ROOT;43044;8;43042;12;43040;11;43060;10;43063;10;43066;8;43052.5;0.0
30;53200;ASH_COATED_OSMIUM;9993;12;;;;;10002;11;;;;;9997.5;0.0
30;53200;INTARIAN_PEPPER_ROOT;43043;11;43040;21;43037;9;43056;11;43059;10;43062;9;43050.0;0.0
30;53300;ASH_COATED_OSMIUM;9996;10;9993;11;;;10012;30;10013;12;;;10004.5;0.0
30;53300;INTARIAN_PEPPER_ROOT;43051;8;43050;17;43049;23;43062;10;43065;19;43068;8;43056.5;0.0
30;53400;ASH_COATED_OSMIUM;9995;14;9993;12;;;10016;15;10019;13;;;10005.5;0.0
30;53400;INTARIAN_PEPPER_ROOT;43045;9;43043;11;;;43055;12;43056;10;;;43050.0;0.0
30;53500;ASH_COATED_OSMIUM;9995;12;9993;15;;;10011;12;10012;30;;;10003.5;0.0
30;53500;INTARIAN_PEPPER_ROOT;43045;10;;;;;43057;11;;;;;43051.0;0.0
30;53600;ASH_COATED_OSMIUM;9991;12;9990;13;9989;14;10010;10;10013;10;10014;12;10000.5;0.0
30;53600;INTARIAN_PEPPER_ROOT;43055;12;;;;;43058;9;;;;;43057.0;0.0
30;53700;ASH_COATED_OSMIUM;9998;15;9996;13;9993;5;10004;15;10005;14;10007;13;10001.0;0.0
30;53700;INTARIAN_PEPPER_ROOT;43048;11;43047;10;;;43060;10;43061;9;;;43054.5;0.0
30;53800;ASH_COATED_OSMIUM;9988;2;;;;;10004;11;;;;;9996.0;0.0
30;53800;INTARIAN_PEPPER_ROOT;43046;9;43044;12;;;43058;10;43059;4;;;43052.0;0.0
30;53900;ASH_COATED_OSMIUM;9988;15;9985;15;;;10006;28;10008;22;;;9997.5;0.0
30;53900;INTARIAN_PEPPER_ROOT;43048;12;43047;10;;;43062;9;43064;12;;;43055.0;0.0
30;54000;ASH_COATED_OSMIUM;9991;15;9989;15;9986;11;10007;13;10010;13;10013;14;9999.0;0.0
30;54000;INTARIAN_PEPPER_ROOT;43046;10;;;;;43062;25;;;;;43054.0;0.0
30;54100;ASH_COATED_OSMIUM;9987;13;9985;12;9982;13;10003;12;10004;12;10005;14;9995.5;0.0
30;54100;INTARIAN_PEPPER_ROOT;43051;10;;;;;43063;25;;;;;43057.5;0.0
30;54200;ASH_COATED_OSMIUM;9988;14;;;;;10006;14;;;;;9997.5;0.0
30;54200;INTARIAN_PEPPER_ROOT;43048;8;;;;;43062;10;;;;;43055.0;0.0
30;54300;ASH_COATED_OSMIUM;9988;14;;;;;10006;13;;;;;9997.5;0.0
30;54300;INTARIAN_PEPPER_ROOT;43047;10;;;;;43060;8;;;;;43054.0;0.0
30;54400;ASH_COATED_OSMIUM;9990;13;9987;15;;;10006;11;10009;13;;;9998.0;0.0
30;54400;INTARIAN_PEPPER_ROOT;43048;10;43045;10;43043;11;43060;9;43063;18;43065;8;43054.0;0.0
30;54500;ASH_COATED_OSMIUM;9983;15;9982;14;;;10001;13;10002;29;;;9992.0;0.0
30;54500;INTARIAN_PEPPER_ROOT;43047;8;43044;11;;;43059;9;43062;10;;;43053.5;0.0
30;54600;ASH_COATED_OSMIUM;9991;24;;;;;10007;15;;;;;9999.0;0.0
30;54600;INTARIAN_PEPPER_ROOT;43051;24;43050;24;43048;11;43065;11;43068;10;43071;11;43058.0;0.0
30;54700;ASH_COATED_OSMIUM;9987;13;9985;12;9984;10;10003;10;10005;13;10008;15;9995.0;0.0
30;54700;INTARIAN_PEPPER_ROOT;43047;12;43046;11;43043;9;43060;12;43063;8;43065;9;43054.0;0.0
30;54800;ASH_COATED_OSMIUM;9984;11;9982;15;;;10005;11;10007;15;;;9995.0;0.0
30;54800;INTARIAN_PEPPER_ROOT;43051;11;;;;;43064;15;;;;;43058.0;0.0
30;54900;ASH_COATED_OSMIUM;9984;12;9983;13;;;10003;10;10006;11;;;9994.0;0.0
30;54900;INTARIAN_PEPPER_ROOT;43053;11;43052;9;43049;9;43060;12;43062;9;43063;8;43057.0;0.0
30;55000;ASH_COATED_OSMIUM;9988;25;9986;30;9985;14;10004;2;10006;11;10009;10;9996.0;0.0
30;55000;INTARIAN_PEPPER_ROOT;43050;12;43047;23;;;43064;9;43067;9;;;43057.5;0.0
30;55100;ASH_COATED_OSMIUM;9981;4;9980;11;;;9997;10;9998;10;;;9989.5;0.0
30;55100;INTARIAN_PEPPER_ROOT;43050;8;43048;8;43046;25;43065;10;43066;9;43068;17;43058.0;0.0
30;55200;ASH_COATED_OSMIUM;9988;15;;;;;10004;13;;;;;9996.0;0.0
30;55200;INTARIAN_PEPPER_ROOT;43049;9;43048;9;;;43062;10;43063;9;;;43056.0;0.0
30;55300;ASH_COATED_OSMIUM;9994;12;9993;12;9991;11;10004;11;10005;12;10006;12;9999.0;0.0
30;55300;INTARIAN_PEPPER_ROOT;43055;10;43054;9;;;43057;7;43059;11;;;43056.0;0.0
30;55400;ASH_COATED_OSMIUM;9993;10;9992;14;9990;29;10011;10;10014;12;10017;15;10002.0;0.0
30;55400;INTARIAN_PEPPER_ROOT;43051;12;;;;;43062;15;;;;;43056.5;0.0
30;55500;ASH_COATED_OSMIUM;9991;12;;;;;10007;12;;;;;9999.0;0.0
30;55500;INTARIAN_PEPPER_ROOT;43050;10;43048;8;;;43064;12;43065;12;;;43057.5;0.0
30;55600;ASH_COATED_OSMIUM;9986;13;;;;;10002;27;;;;;9994.5;0.0
30;55600;INTARIAN_PEPPER_ROOT;43046;9;43043;16;43040;19;43062;16;43065;10;43068;12;43054.0;0.0
30;55700;ASH_COATED_OSMIUM;9990;15;9989;11;;;10006;14;10009;10;;;9998.0;0.0
30;55700;INTARIAN_PEPPER_ROOT;43053;9;;;;;43065;10;;;;;43059.0;0.0
30;55800;ASH_COATED_OSMIUM;9988;11;9987;10;;;10006;14;10008;13;;;9997.0;0.0
30;55800;INTARIAN_PEPPER_ROOT;43046;11;43045;8;;;43060;8;43063;11;;;43053.5;0.0
30;55900;ASH_COATED_OSMIUM;9992;11;9990;12;;;10011;22;10013;14;;;10001.5;0.0
30;55900;INTARIAN_PEPPER_ROOT;43054;8;;;;;43067;3;;;;;43060.5;0.0
30;56000;ASH_COATED_OSMIUM;9992;10;9991;15;;;10008;13;10011;12;;;10000.5;0.0
30;56000;INTARIAN_PEPPER_ROOT;43048;9;;;;;43064;12;;;;;43056.5;0.0
30;56100;ASH_COATED_OSMIUM;9992;26;;;;;10008;21;;;;;10000.5;0.0
30;56100;INTARIAN_PEPPER_ROOT;43049;8;43047;9;43046;7;43063;9;43065;10;43066;9;43056.5;0.0
30;56200;ASH_COATED_OSMIUM;9989;13;;;;;10007;11;;;;;9998.0;0.0
30;56200;INTARIAN_PEPPER_ROOT;43048;11;;;;;43064;11;;;;;43056.0;0.0
30;56300;ASH_COATED_OSMIUM;9989;14;9986;15;;;10005;10;10006;24;;;9997.5;0.0
30;56300;INTARIAN_PEPPER_ROOT;43053;15;;;;;43064;8;;;;;43058.5;0.0
30;56400;ASH_COATED_OSMIUM;9990;12;;;;;10006;22;;;;;9998.5;0.0
30;56400;INTARIAN_PEPPER_ROOT;43050;12;43049;8;;;43063;18;43066;21;;;43056.5;0.0
30;56500;ASH_COATED_OSMIUM;9988;13;;;;;10004;11;;;;;9996.5;0.0
30;56500;INTARIAN_PEPPER_ROOT;43051;12;43048;10;;;43065;8;43066;11;;;43058.0;0.0
30;56600;ASH_COATED_OSMIUM;9986;15;;;;;10002;14;;;;;9994.0;0.0
30;56600;INTARIAN_PEPPER_ROOT;43049;8;;;;;43066;12;;;;;43057.5;0.0
30;56700;ASH_COATED_OSMIUM;9984;12;;;;;10000;13;;;;;9992.0;0.0
30;56700;INTARIAN_PEPPER_ROOT;43052;11;43051;12;;;43064;12;43065;9;;;43058.5;0.0
30;56800;ASH_COATED_OSMIUM;9983;15;9981;15;;;9999;10;10001;13;;;9991.0;0.0
30;56800;INTARIAN_PEPPER_ROOT;43051;10;;;;;43062;11;;;;;43057.0;0.0
30;56900;ASH_COATED_OSMIUM;9985;13;9982;15;9980;10;10001;12;10004;10;10006;12;9993.5;0.0
30;56900;INTARIAN_PEPPER_ROOT;43046;11;43043;10;;;43060;8;43063;8;;;43053.0;0.0
30;57000;ASH_COATED_OSMIUM;9990;13;;;;;10006;14;;;;;9998.0;0.0
30;57000;INTARIAN_PEPPER_ROOT;43054;9;43052;10;;;43066;10;43069;9;;;43060.5;0.0
30;57100;ASH_COATED_OSMIUM;9990;11;9989;12;9987;14;10006;26;10007;12;10010;14;9998.0;0.0
30;57100;INTARIAN_PEPPER_ROOT;43050;8;;;;;43064;21;;;;;43057.0;0.0
30;57200;ASH_COATED_OSMIUM;9989;13;9988;11;;;10005;22;10006;15;;;9997.5;0.0
30;57200;INTARIAN_PEPPER_ROOT;43052;11;43050;10;;;43061;11;43064;10;;;43056.5;0.0
30;57300;ASH_COATED_OSMIUM;9990;11;;;;;10006;23;;;;;9998.5;0.0
30;57300;INTARIAN_PEPPER_ROOT;43051;12;;;;;43064;10;;;;;43058.0;0.0
30;57400;ASH_COATED_OSMIUM;9993;14;;;;;10011;15;;;;;10002.5;0.0
30;57400;INTARIAN_PEPPER_ROOT;43051;9;43050;18;;;43067;11;43068;10;;;43059.5;0.0
30;57500;ASH_COATED_OSMIUM;9992;12;9991;15;;;10008;11;10011;14;;;10000.0;0.0
30;57500;INTARIAN_PEPPER_ROOT;43049;9;43046;9;43044;9;43061;25;43063;11;43065;11;43055.5;0.0
30;57600;ASH_COATED_OSMIUM;9996;14;9993;14;9991;15;10012;11;10015;29;10017;10;10004.0;0.0
30;57600;INTARIAN_PEPPER_ROOT;43049;11;;;;;43065;12;;;;;43057.0;0.0
30;57700;ASH_COATED_OSMIUM;9998;12;9996;12;9995;12;10014;24;10015;14;10018;14;10006.0;0.0
30;57700;INTARIAN_PEPPER_ROOT;43050;11;43048;10;;;43062;8;43065;9;;;43056.5;0.0
30;57800;ASH_COATED_OSMIUM;9994;14;9991;20;9988;15;10010;28;10013;11;10015;12;10002.0;0.0
30;57800;INTARIAN_PEPPER_ROOT;43047;9;43045;9;;;43064;8;43065;12;;;43055.5;0.0
30;57900;ASH_COATED_OSMIUM;9995;14;9992;15;;;10011;11;10014;10;;;10003.0;0.0
30;57900;INTARIAN_PEPPER_ROOT;43047;10;43046;8;43043;12;43063;9;43065;12;43066;9;43055.5;0.0
30;58000;ASH_COATED_OSMIUM;9994;15;9991;10;9990;11;10015;15;10017;12;10019;22;10004.5;0.0
30;58000;INTARIAN_PEPPER_ROOT;43050;11;43048;21;43047;10;43065;10;43068;17;43071;10;43057.5;0.0
30;58100;ASH_COATED_OSMIUM;9994;10;9991;15;;;10012;14;10014;15;;;10003.0;0.0
30;58100;INTARIAN_PEPPER_ROOT;43055;8;;;;;43067;10;;;;;43061.5;0.0
30;58200;ASH_COATED_OSMIUM;9995;11;9993;13;9992;15;10011;10;10014;15;10017;15;10003.5;0.0
30;58200;INTARIAN_PEPPER_ROOT;43055;8;43054;8;43051;9;43070;9;43073;9;43076;9;43062.5;0.0
30;58300;ASH_COATED_OSMIUM;9984;12;;;;;10000;15;;;;;9992.5;0.0
30;58300;INTARIAN_PEPPER_ROOT;43050;8;;;;;43065;17;;;;;43057.5;0.0
30;58400;ASH_COATED_OSMIUM;9987;14;9985;14;;;10003;12;10005;12;;;9995.5;0.0
30;58400;INTARIAN_PEPPER_ROOT;43051;9;43048;10;;;43064;17;43065;9;;;43058.0;0.0
30;58500;ASH_COATED_OSMIUM;9986;15;9983;29;;;10004;5;10005;10;;;9995.0;0.0
30;58500;INTARIAN_PEPPER_ROOT;43046;9;43044;8;43042;22;43059;12;43061;11;43063;10;43052.5;0.0
30;58600;ASH_COATED_OSMIUM;9993;11;9991;12;;;10009;13;10010;24;;;10001.5;0.0
30;58600;INTARIAN_PEPPER_ROOT;43050;12;43048;8;;;43063;8;43066;11;;;43057.0;0.0
30;58700;ASH_COATED_OSMIUM;9994;12;9992;30;9990;13;10010;14;10012;10;10015;10;10002.5;0.0
30;58700;INTARIAN_PEPPER_ROOT;43050;10;43047;10;43045;12;43063;4;43064;11;43066;11;43056.5;0.0
30;58800;ASH_COATED_OSMIUM;9993;30;9992;12;;;10009;13;10012;12;;;10001.0;0.0
30;58800;INTARIAN_PEPPER_ROOT;43047;12;;;;;43064;7;;;;;43056.0;0.0
30;58900;ASH_COATED_OSMIUM;9988;13;9985;30;;;10004;10;10005;14;;;9996.0;0.0
30;58900;INTARIAN_PEPPER_ROOT;43053;12;43051;11;;;43067;11;43070;12;;;43060.5;0.0
30;59000;ASH_COATED_OSMIUM;9988;23;;;;;10004;12;;;;;9996.0;0.0
30;59000;INTARIAN_PEPPER_ROOT;43051;9;43050;9;43047;8;43063;12;43064;10;43067;11;43057.0;0.0
30;59100;ASH_COATED_OSMIUM;9986;12;;;;;10002;11;;;;;9994.0;0.0
30;59100;INTARIAN_PEPPER_ROOT;43053;11;;;;;43064;16;;;;;43059.0;0.0
30;59200;ASH_COATED_OSMIUM;9990;13;;;;;10006;13;;;;;9998.0;0.0
30;59200;INTARIAN_PEPPER_ROOT;43048;8;;;;;43061;12;;;;;43054.5;0.0
30;59300;ASH_COATED_OSMIUM;9996;23;9994;10;9991;21;10014;15;10017;10;10020;13;10005.0;0.0
30;59300;INTARIAN_PEPPER_ROOT;43055;11;;;;;43068;11;;;;;43062.0;0.0
30;59400;ASH_COATED_OSMIUM;9996;9;;;;;10008;13;;;;;10002.0;0.0
30;59400;INTARIAN_PEPPER_ROOT;43053;16;43052;25;43050;9;43061;10;43062;8;43064;11;43057.0;0.0
30;59500;ASH_COATED_OSMIUM;9995;13;9994;24;9992;12;10011;11;10014;5;10016;10;10003.5;0.0
30;59500;INTARIAN_PEPPER_ROOT;43050;10;;;;;43067;25;;;;;43059.0;0.0
30;59600;ASH_COATED_OSMIUM;9996;12;9993;13;9990;14;10012;10;10014;14;10015;13;10004.0;0.0
30;59600;INTARIAN_PEPPER_ROOT;43050;23;;;;;43062;4;;;;;43056.0;0.0
30;59700;ASH_COATED_OSMIUM;9998;15;9996;3;;;10017;13;10019;10;;;10007.5;0.0
30;59700;INTARIAN_PEPPER_ROOT;43057;12;43056;8;;;43069;9;43071;25;;;43063.0;0.0
30;59800;ASH_COATED_OSMIUM;9993;14;9991;12;;;10009;11;10011;11;;;10001.5;0.0
30;59800;INTARIAN_PEPPER_ROOT;43055;12;;;;;43066;9;;;;;43061.0;0.0
30;59900;ASH_COATED_OSMIUM;9992;25;9989;12;9987;14;10008;13;10010;12;10012;11;10000.5;0.0
30;59900;INTARIAN_PEPPER_ROOT;43054;9;43052;8;;;43069;12;43071;11;;;43062.0;0.0
30;60000;ASH_COATED_OSMIUM;9989;12;9986;25;9984;28;10005;14;10006;23;10008;13;9997.5;0.0
30;60000;INTARIAN_PEPPER_ROOT;43051;8;43049;11;;;43064;7;43067;25;;;43058.0;0.0
30;60100;ASH_COATED_OSMIUM;9990;15;9989;15;9987;27;10006;14;10008;13;10011;10;9998.5;0.0
30;60100;INTARIAN_PEPPER_ROOT;43054;23;;;;;43068;20;;;;;43061.5;0.0
30;60200;ASH_COATED_OSMIUM;10000;14;9998;11;;;10016;20;10019;13;;;10008.0;0.0
30;60200;INTARIAN_PEPPER_ROOT;43054;12;;;;;43068;10;;;;;43061.0;0.0
30;60300;ASH_COATED_OSMIUM;10002;15;9999;15;9998;15;10018;12;10021;10;10024;5;10010.5;0.0
30;60300;INTARIAN_PEPPER_ROOT;43052;12;43049;10;;;43065;9;43068;12;;;43059.0;0.0
30;60400;ASH_COATED_OSMIUM;10001;21;10000;10;;;10017;13;10019;13;;;10009.5;0.0
30;60400;INTARIAN_PEPPER_ROOT;43057;10;43054;8;;;43062;10;43065;10;;;43060.0;0.0
30;60500;ASH_COATED_OSMIUM;9999;15;;;;;10005;24;;;;;10002.0;0.0
30;60500;INTARIAN_PEPPER_ROOT;43051;10;;;;;43062;12;;;;;43056.5;0.0
30;60600;ASH_COATED_OSMIUM;9992;12;9990;15;;;10008;14;10011;11;;;10000.0;0.0
30;60600;INTARIAN_PEPPER_ROOT;43055;10;43054;11;43052;12;43069;12;43071;8;43073;12;43062.5;0.0
30;60700;ASH_COATED_OSMIUM;9989;23;;;;;10005;15;;;;;9997.5;0.0
30;60700;INTARIAN_PEPPER_ROOT;43054;9;43052;9;;;43070;25;43071;10;;;43062.0;0.0
30;60800;ASH_COATED_OSMIUM;9987;25;9984;30;;;10005;10;10007;10;;;9996.5;0.0
30;60800;INTARIAN_PEPPER_ROOT;43052;11;;;;;43064;8;;;;;43058.0;0.0
30;60900;ASH_COATED_OSMIUM;9993;13;9990;12;9987;29;10009;10;10010;15;10012;10;10001.5;0.0
30;60900;INTARIAN_PEPPER_ROOT;43054;9;43053;9;;;43066;10;43069;9;;;43060.5;0.0
30;61000;ASH_COATED_OSMIUM;9989;13;9987;5;9985;11;10005;12;10006;23;10007;12;9997.0;0.0
30;61000;INTARIAN_PEPPER_ROOT;43055;12;43053;12;43050;10;43067;10;43068;8;43069;11;43061.0;0.0
30;61100;ASH_COATED_OSMIUM;9988;12;;;;;10004;13;;;;;9996.5;0.0
30;61100;INTARIAN_PEPPER_ROOT;43057;8;43055;12;;;43065;10;43066;11;;;43061.5;0.0
30;61200;ASH_COATED_OSMIUM;9987;14;9986;13;;;10003;12;10005;10;;;9995.0;0.0
30;61200;INTARIAN_PEPPER_ROOT;43056;10;;;;;43068;9;;;;;43062.5;0.0
30;61300;ASH_COATED_OSMIUM;9983;13;9981;14;;;10001;13;10003;12;;;9992.0;0.0
30;61300;INTARIAN_PEPPER_ROOT;43055;16;;;;;43069;23;;;;;43062.0;0.0
30;61400;ASH_COATED_OSMIUM;9986;11;9985;13;;;10002;14;10004;13;;;9994.5;0.0
30;61400;INTARIAN_PEPPER_ROOT;43054;8;43053;19;43051;12;43066;8;43069;12;43070;8;43060.0;0.0
30;61500;ASH_COATED_OSMIUM;9990;11;;;;;10009;12;;;;;9999.5;0.0
30;61500;INTARIAN_PEPPER_ROOT;43054;8;;;;;43067;15;;;;;43060.5;0.0
30;61600;ASH_COATED_OSMIUM;9993;11;;;;;10009;13;;;;;10001.0;0.0
30;61600;INTARIAN_PEPPER_ROOT;43058;8;43057;9;43056;9;43074;9;43077;9;43080;10;43066.0;0.0
30;61700;ASH_COATED_OSMIUM;9992;22;;;;;10013;10;;;;;10002.5;0.0
30;61700;INTARIAN_PEPPER_ROOT;43057;11;;;;;43069;12;;;;;43063.5;0.0
30;61800;ASH_COATED_OSMIUM;9994;12;9993;13;;;10013;13;10016;12;;;10004.0;0.0
30;61800;INTARIAN_PEPPER_ROOT;43054;12;;;;;43069;12;;;;;43061.5;0.0
30;61900;ASH_COATED_OSMIUM;9994;26;9993;12;9992;23;10010;11;10013;10;10014;15;10002.5;0.0
30;61900;INTARIAN_PEPPER_ROOT;43050;12;43049;8;43047;8;43067;24;43069;9;43072;12;43058.5;0.0
30;62000;ASH_COATED_OSMIUM;9996;12;;;;;10012;13;;;;;10004.5;0.0
30;62000;INTARIAN_PEPPER_ROOT;43054;11;43053;12;;;43068;11;43069;11;;;43061.5;0.0
30;62100;ASH_COATED_OSMIUM;9993;14;9990;14;9989;3;10009;28;10012;15;10013;13;10001.5;0.0
30;62100;INTARIAN_PEPPER_ROOT;43056;11;43054;4;;;43069;8;43071;12;;;43062.5;0.0
30;62200;ASH_COATED_OSMIUM;9993;14;;;;;10009;10;;;;;10001.5;0.0
30;62200;INTARIAN_PEPPER_ROOT;43056;8;;;;;43067;10;;;;;43061.5;0.0
30;62300;ASH_COATED_OSMIUM;9997;13;;;;;10013;10;;;;;10005.5;0.0
30;62300;INTARIAN_PEPPER_ROOT;43057;8;43056;12;43054;10;43072;20;43073;8;43075;11;43065.0;0.0
30;62400;ASH_COATED_OSMIUM;9993;22;9992;14;;;10009;11;10011;3;;;10001.0;0.0
30;62400;INTARIAN_PEPPER_ROOT;43059;12;43058;8;43056;12;43071;23;43074;9;43076;11;43065.5;0.0
30;62500;ASH_COATED_OSMIUM;10002;13;;;;;10014;14;;;;;10008.5;0.0
30;62500;INTARIAN_PEPPER_ROOT;43058;12;43055;10;43054;8;43070;18;43071;10;43073;10;43064.5;0.0
30;62600;ASH_COATED_OSMIUM;9999;14;9996;11;;;10017;28;10019;2;;;10008.0;0.0
30;62600;INTARIAN_PEPPER_ROOT;43054;8;43052;9;;;43071;24;43072;12;;;43062.5;0.0
30;62700;ASH_COATED_OSMIUM;9998;13;9995;10;;;10009;13;10011;11;;;10004.0;0.0
30;62700;INTARIAN_PEPPER_ROOT;43057;21;43056;11;;;43068;10;43071;11;;;43062.5;0.0
30;62800;ASH_COATED_OSMIUM;9995;12;9994;14;;;10011;12;10012;15;;;10003.0;0.0
30;62800;INTARIAN_PEPPER_ROOT;43059;10;43057;11;;;43071;23;43072;12;;;43065.5;0.0
30;62900;ASH_COATED_OSMIUM;9995;14;9994;10;;;10011;23;10014;21;;;10003.0;0.0
30;62900;INTARIAN_PEPPER_ROOT;43056;8;;;;;43069;11;;;;;43063.0;0.0
30;63000;ASH_COATED_OSMIUM;9993;11;;;;;10009;15;;;;;10001.5;0.0
30;63000;INTARIAN_PEPPER_ROOT;43055;9;;;;;43072;6;;;;;43063.5;0.0
30;63100;ASH_COATED_OSMIUM;9988;25;9986;15;;;10004;10;10006;21;;;9996.5;0.0
30;63100;INTARIAN_PEPPER_ROOT;43053;9;43051;9;;;43067;6;43068;15;;;43060.5;0.0
30;63200;ASH_COATED_OSMIUM;9987;14;9984;30;;;10005;27;10008;14;;;9996.0;0.0
30;63200;INTARIAN_PEPPER_ROOT;43054;20;43053;9;;;43069;8;43072;12;;;43062.0;0.0
30;63300;ASH_COATED_OSMIUM;9987;14;9986;12;9983;12;10003;13;10006;12;10007;10;9995.0;0.0
30;63300;INTARIAN_PEPPER_ROOT;43058;17;43055;12;;;43069;8;43071;9;;;43064.0;0.0
30;63400;ASH_COATED_OSMIUM;9985;12;9984;13;9983;8;10006;13;10007;12;10009;13;9996.0;0.0
30;63400;INTARIAN_PEPPER_ROOT;43054;8;43051;10;;;43067;19;43068;8;;;43061.0;0.0
30;63500;ASH_COATED_OSMIUM;9985;10;;;;;10001;10;;;;;9993.5;0.0
30;63500;INTARIAN_PEPPER_ROOT;43053;8;;;;;43066;12;;;;;43060.0;0.0
30;63600;ASH_COATED_OSMIUM;9983;13;;;;;9999;13;;;;;9991.0;0.0
30;63600;INTARIAN_PEPPER_ROOT;43061;4;43059;21;;;43066;12;43068;16;;;43064.0;0.0
30;63700;ASH_COATED_OSMIUM;9987;11;9985;11;;;10003;25;10006;26;;;9995.5;0.0
30;63700;INTARIAN_PEPPER_ROOT;43060;18;43059;9;43058;9;43074;11;43075;10;43077;11;43067.0;0.0
30;63800;ASH_COATED_OSMIUM;9985;24;9984;12;;;10001;20;10004;14;;;9993.5;0.0
30;63800;INTARIAN_PEPPER_ROOT;43063;10;43060;12;43057;10;43065;9;43068;10;43070;12;43064.5;0.0
30;63900;ASH_COATED_OSMIUM;9986;14;;;;;10005;4;;;;;9995.5;0.0
30;63900;INTARIAN_PEPPER_ROOT;43053;9;;;;;43073;19;;;;;43063.5;0.0
30;64000;ASH_COATED_OSMIUM;9989;11;;;;;10005;23;;;;;9997.0;0.0
30;64000;INTARIAN_PEPPER_ROOT;43059;19;43057;10;;;43073;9;43074;21;;;43066.5;0.0
30;64100;ASH_COATED_OSMIUM;9983;15;;;;;9999;11;;;;;9991.0;0.0
30;64100;INTARIAN_PEPPER_ROOT;43060;8;43058;10;43055;9;43072;5;43074;11;43075;9;43066.0;0.0
