day;timestamp;product;bid_price_1;bid_volume_1;bid_price_2;bid_volume_2;bid_price_3;bid_volume_3;ask_price_1;ask_volume_1;ask_price_2;ask_volume_2;ask_price_3;ask_volume_3;mid_price;profit_and_loss
13;0;ASH_COATED_OSMIUM;9988;15;9987;13;;;10004;14;10007;14;;;9996.5;0.0
13;0;INTARIAN_PEPPER_ROOT;25996;10;;;;;26008;10;;;;;26002.0;0.0
13;100;ASH_COATED_OSMIUM;9994;13;9991;12;;;10010;12;10013;15;;;10002.5;0.0
13;100;INTARIAN_PEPPER_ROOT;25993;10;25990;16;25989;12;26007;8;26008;9;26009;16;26000.5;0.0
13;200;ASH_COATED_OSMIUM;9994;23;9992;10;;;10010;13;10012;10;;;10002.5;0.0
13;200;INTARIAN_PEPPER_ROOT;25996;9;;;;;26007;12;;;;;26002.0;0.0
13;300;ASH_COATED_OSMIUM;9989;5;9987;13;;;10005;15;10007;12;;;9997.0;0.0
13;300;INTARIAN_PEPPER_ROOT;25996;25;25993;10;;;26008;8;26011;8;;;26002.0;0.0
13;400;ASH_COATED_OSMIUM;9987;10;9985;10;9983;11;10005;11;10008;14;10009;10;9996.5;0.0
13;400;INTARIAN_PEPPER_ROOT;25993;10;25991;11;;;26006;8;26009;12;;;26000.0;0.0
13;500;ASH_COATED_OSMIUM;9988;10;9986;15;;;10004;23;10005;13;;;9996.5;0.0
13;500;INTARIAN_PEPPER_ROOT;25997;9;25995;11;;;26008;17;26011;10;;;26003.0;0.0
13;600;ASH_COATED_OSMIUM;9993;13;9990;13;;;10009;10;10012;10;;;10001.5;0.0
13;600;INTARIAN_PEPPER_ROOT;25992;12;25991;11;25988;10;26006;9;26009;9;26010;12;25999.0;0.0
13;700;ASH_COATED_OSMIUM;9988;14;;;;;10004;12;;;;;9996.5;0.0
13;700;INTARIAN_PEPPER_ROOT;25991;8;;;;;26007;10;;;;;25999.0;0.0
13;800;ASH_COATED_OSMIUM;9994;24;9993;10;;;10009;13;10010;20;;;10002.0;0.0
13;800;INTARIAN_PEPPER_ROOT;25995;11;25994;9;;;26008;9;26011;12;;;26001.5;0.0
13;900;ASH_COATED_OSMIUM;9994;14;9993;15;9990;12;10010;10;10011;27;10014;20;10002.5;0.0
13;900;INTARIAN_PEPPER_ROOT;25992;11;25991;8;25988;8;26006;8;26007;10;26009;10;25999.5;0.0
13;1000;ASH_COATED_OSMIUM;9994;12;9991;26;;;10010;13;10013;23;;;10002.0;0.0
13;1000;INTARIAN_PEPPER_ROOT;25993;8;;;;;26008;8;;;;;26000.5;0.0
13;1100;ASH_COATED_OSMIUM;9987;14;;;;;10005;25;;;;;9996.5;0.0
13;1100;INTARIAN_PEPPER_ROOT;25995;10;25994;12;;;26007;10;26008;9;;;26001.0;0.0
13;1200;ASH_COATED_OSMIUM;9993;10;9990;15;;;10009;14;10011;13;;;10001.5;0.0
13;1200;INTARIAN_PEPPER_ROOT;25996;8;25993;9;;;26009;12;26010;9;;;26002.5;0.0
13;1300;ASH_COATED_OSMIUM;9993;11;9992;12;9989;30;10012;10;10013;13;10015;10;10002.5;0.0
13;1300;INTARIAN_PEPPER_ROOT;25996;9;25994;10;;;26008;12;26011;11;;;26002.5;0.0
13;1400;ASH_COATED_OSMIUM;9994;14;9991;14;9989;10;10010;13;10012;30;10015;14;10002.5;0.0
13;1400;INTARIAN_PEPPER_ROOT;25993;15;;;;;26008;12;;;;;26001.0;0.0
13;1500;ASH_COATED_OSMIUM;9994;15;9992;14;;;10010;11;10011;12;;;10002.5;0.0
13;1500;INTARIAN_PEPPER_ROOT;25990;10;25988;9;25985;6;26003;10;26004;22;26007;8;25996.5;0.0
13;1600;ASH_COATED_OSMIUM;9989;14;9988;6;;;10005;21;10008;15;;;9997.0;0.0
13;1600;INTARIAN_PEPPER_ROOT;25992;12;25990;12;25988;9;26008;10;26010;8;26011;12;26000.0;0.0
13;1700;ASH_COATED_OSMIUM;9989;11;;;;;10005;10;;;;;9997.0;0.0
13;1700;INTARIAN_PEPPER_ROOT;25990;11;25987;10;25984;11;26003;23;26006;8;26009;10;25996.5;0.0
13;1800;ASH_COATED_OSMIUM;9989;15;9987;14;;;10005;13;10008;14;;;9997.5;0.0
13;1800;INTARIAN_PEPPER_ROOT;25993;15;25991;10;;;26009;10;26012;9;;;26001.0;0.0
13;1900;ASH_COATED_OSMIUM;9987;12;;;;;10006;11;;;;;9996.5;0.0
13;1900;INTARIAN_PEPPER_ROOT;25996;10;25995;22;;;26010;8;26013;11;;;26003.5;0.0
13;2000;ASH_COATED_OSMIUM;9993;13;9991;26;;;10009;14;10012;10;;;10001.5;0.0
13;2000;INTARIAN_PEPPER_ROOT;25998;25;25996;9;;;26012;9;26013;11;;;26005.0;0.0
13;2100;ASH_COATED_OSMIUM;9987;29;;;;;10005;15;;;;;9996.0;0.0
13;2100;INTARIAN_PEPPER_ROOT;25998;17;;;;;26010;23;;;;;26004.0;0.0
13;2200;ASH_COATED_OSMIUM;9993;3;9991;4;;;10009;10;10012;10;;;10001.5;0.0
13;2200;INTARIAN_PEPPER_ROOT;25995;11;;;;;26009;11;;;;;26002.0;0.0
13;2300;ASH_COATED_OSMIUM;9987;10;;;;;10003;12;;;;;9995.5;0.0
13;2300;INTARIAN_PEPPER_ROOT;25994;23;25991;8;;;26007;11;26008;25;;;26001.0;0.0
13;2400;ASH_COATED_OSMIUM;9992;13;;;;;10009;11;;;;;10001.0;0.0
13;2400;INTARIAN_PEPPER_ROOT;25998;17;25995;10;25993;10;26012;23;26013;7;26014;12;26005.0;0.0
13;2500;ASH_COATED_OSMIUM;9992;14;9991;11;9989;10;10008;4;10011;14;10013;5;10000.0;0.0
13;2500;INTARIAN_PEPPER_ROOT;25994;10;25993;15;;;26008;8;26011;8;;;26001.0;0.0
13;2600;ASH_COATED_OSMIUM;9992;10;9989;10;9988;11;10008;3;10011;13;10014;14;10000.0;0.0
13;2600;INTARIAN_PEPPER_ROOT;25997;10;25994;11;25993;11;26009;10;26010;12;26012;10;26003.5;0.0
13;2700;ASH_COATED_OSMIUM;9987;12;9985;21;9983;28;10003;13;10006;10;10007;25;9995.0;0.0
13;2700;INTARIAN_PEPPER_ROOT;25999;11;25997;10;;;26012;11;26013;24;;;26005.5;0.0
13;2800;ASH_COATED_OSMIUM;9992;11;9989;26;;;10008;14;10009;10;;;10000.0;0.0
13;2800;INTARIAN_PEPPER_ROOT;25996;9;;;;;26009;10;;;;;26003.0;0.0
13;2900;ASH_COATED_OSMIUM;9987;10;;;;;10003;27;;;;;9995.5;0.0
13;2900;INTARIAN_PEPPER_ROOT;25993;10;;;;;26007;10;;;;;26000.0;0.0
13;3000;ASH_COATED_OSMIUM;9992;14;;;;;10008;14;;;;;10000.5;0.0
13;3000;INTARIAN_PEPPER_ROOT;25996;12;25994;9;;;26008;12;26011;10;;;26002.0;0.0
13;3100;ASH_COATED_OSMIUM;9990;15;9989;11;9988;10;10009;12;10012;13;10014;10;10000.0;0.0
13;3100;INTARIAN_PEPPER_ROOT;25991;10;25988;12;;;26004;8;26007;20;;;25998.0;0.0
13;3200;ASH_COATED_OSMIUM;9992;13;;;;;10008;10;;;;;10000.5;0.0
13;3200;INTARIAN_PEPPER_ROOT;25991;12;25988;11;25986;11;26003;11;26006;10;26009;10;25997.0;0.0
13;3300;ASH_COATED_OSMIUM;9992;14;;;;;10008;12;;;;;10000.5;0.0
13;3300;INTARIAN_PEPPER_ROOT;25996;12;25993;15;;;26011;8;26012;11;;;26004.0;0.0
13;3400;ASH_COATED_OSMIUM;9992;12;9989;11;;;10008;11;10011;3;;;10000.5;0.0
13;3400;INTARIAN_PEPPER_ROOT;25999;11;25998;11;;;26013;12;26016;18;;;26006.5;0.0
13;3500;ASH_COATED_OSMIUM;9986;14;9983;4;;;10004;11;10005;14;;;9995.0;0.0
13;3500;INTARIAN_PEPPER_ROOT;26000;8;25998;7;25996;10;26012;20;26014;9;26015;10;26006.0;0.0
13;3600;ASH_COATED_OSMIUM;9993;20;;;;;10009;28;;;;;10001.5;0.0
13;3600;INTARIAN_PEPPER_ROOT;25996;9;;;;;26013;8;;;;;26004.5;0.0
13;3700;ASH_COATED_OSMIUM;9993;21;;;;;9999;14;;;;;9996.0;0.0
13;3700;INTARIAN_PEPPER_ROOT;25993;10;25991;11;;;26006;12;26008;9;;;26000.0;0.0
13;3800;ASH_COATED_OSMIUM;9988;14;9985;13;9983;12;10004;5;10005;15;10007;14;9996.5;0.0
13;3800;INTARIAN_PEPPER_ROOT;26002;9;25999;8;25996;12;26017;11;26020;10;26023;12;26009.5;0.0
13;3900;ASH_COATED_OSMIUM;9988;10;;;;;10004;14;;;;;9996.0;0.0
13;3900;INTARIAN_PEPPER_ROOT;25995;10;;;;;26009;9;;;;;26002.5;0.0
13;4000;ASH_COATED_OSMIUM;9987;12;9986;15;9985;13;10003;14;10004;10;10006;12;9995.5;0.0
13;4000;INTARIAN_PEPPER_ROOT;25996;8;;;;;26011;8;;;;;26004.0;0.0
13;4100;ASH_COATED_OSMIUM;9987;22;9985;21;;;10003;12;10005;10;;;9995.5;0.0
13;4100;INTARIAN_PEPPER_ROOT;25998;11;25995;11;25994;19;26013;10;26014;10;26015;12;26005.5;0.0
13;4200;ASH_COATED_OSMIUM;9986;15;9985;15;;;10005;13;10006;11;;;9996.0;0.0
13;4200;INTARIAN_PEPPER_ROOT;25995;10;25992;8;;;26007;11;26010;16;;;26001.5;0.0
13;4300;ASH_COATED_OSMIUM;9993;29;;;;;10009;12;;;;;10001.0;0.0
13;4300;INTARIAN_PEPPER_ROOT;25996;8;25994;9;25993;8;26010;10;26013;12;26014;12;26003.5;0.0
13;4400;ASH_COATED_OSMIUM;9993;11;9991;22;;;10009;25;10010;26;;;10001.0;0.0
13;4400;INTARIAN_PEPPER_ROOT;25991;9;25988;8;;;26002;12;26003;11;;;25997.0;0.0
13;4500;ASH_COATED_OSMIUM;9991;25;;;;;10010;29;;;;;10001.0;0.0
13;4500;INTARIAN_PEPPER_ROOT;25998;8;;;;;26010;18;;;;;26004.0;0.0
13;4600;ASH_COATED_OSMIUM;9992;12;9990;14;;;10008;13;10010;29;;;10000.5;0.0
13;4600;INTARIAN_PEPPER_ROOT;26000;24;25999;11;;;26012;9;26014;12;;;26006.0;0.0
13;4700;ASH_COATED_OSMIUM;9991;10;9989;10;9986;15;10010;13;10011;15;10012;10;10000.5;0.0
13;4700;INTARIAN_PEPPER_ROOT;26001;9;25998;19;;;26014;15;26017;12;;;26007.5;0.0
13;4800;ASH_COATED_OSMIUM;9987;22;;;;;10003;15;;;;;9995.5;0.0
13;4800;INTARIAN_PEPPER_ROOT;25997;11;;;;;26013;8;;;;;26005.5;0.0
13;4900;ASH_COATED_OSMIUM;9992;14;9990;28;9987;10;10008;15;10010;11;10012;26;10000.5;0.0
13;4900;INTARIAN_PEPPER_ROOT;25995;12;;;;;26012;11;;;;;26003.5;0.0
13;5000;ASH_COATED_OSMIUM;9987;13;9986;20;9983;13;10003;10;10006;14;10008;22;9995.0;0.0
13;5000;INTARIAN_PEPPER_ROOT;25999;10;25996;8;;;26012;9;26013;21;;;26006.0;0.0
13;5100;ASH_COATED_OSMIUM;9986;10;9983;14;9981;15;10005;10;10006;13;10008;25;9995.5;0.0
13;5100;INTARIAN_PEPPER_ROOT;25998;20;25997;9;;;26011;10;26013;9;;;26005.0;0.0
13;5200;ASH_COATED_OSMIUM;9992;10;9990;12;9988;15;10008;10;10011;13;10012;30;10000.5;0.0
13;5200;INTARIAN_PEPPER_ROOT;26002;20;;;;;26015;8;;;;;26008.5;0.0
13;5300;ASH_COATED_OSMIUM;9992;15;;;;;10008;11;;;;;10000.5;0.0
13;5300;INTARIAN_PEPPER_ROOT;26002;23;;;;;26014;19;;;;;26008.0;0.0
13;5400;ASH_COATED_OSMIUM;9991;20;;;;;10009;14;;;;;10000.0;0.0
13;5400;INTARIAN_PEPPER_ROOT;25998;9;25997;10;;;26012;12;26013;9;;;26005.0;0.0
13;5500;ASH_COATED_OSMIUM;9990;12;9987;12;;;10009;11;10012;26;;;10000.0;0.0
13;5500;INTARIAN_PEPPER_ROOT;25999;20;25998;21;;;26013;12;26015;9;;;26006.5;0.0
13;5600;ASH_COATED_OSMIUM;9987;14;9985;13;;;10003;10;10005;13;;;9995.0;0.0
13;5600;INTARIAN_PEPPER_ROOT;25999;8;25997;20;25996;12;26012;10;26014;9;26017;21;26005.5;0.0
13;5700;ASH_COATED_OSMIUM;9992;15;;;;;10008;10;;;;;10000.0;0.0
13;5700;INTARIAN_PEPPER_ROOT;26004;9;;;;;26019;11;;;;;26011.5;0.0
13;5800;ASH_COATED_OSMIUM;9986;14;;;;;10002;12;;;;;9994.5;0.0
13;5800;INTARIAN_PEPPER_ROOT;26003;12;26002;9;;;26016;8;26019;10;;;26009.5;0.0
13;5900;ASH_COATED_OSMIUM;9986;13;9985;27;9982;12;10002;13;10005;10;10008;13;9994.5;0.0
13;5900;INTARIAN_PEPPER_ROOT;26000;21;25998;11;25997;11;26015;10;26017;20;26018;8;26007.5;0.0
13;6000;ASH_COATED_OSMIUM;9991;11;;;;;10007;12;;;;;9999.5;0.0
13;6000;INTARIAN_PEPPER_ROOT;25997;8;25996;10;;;26010;8;26012;9;;;26004.0;0.0
13;6100;ASH_COATED_OSMIUM;9986;26;;;;;10002;12;;;;;9994.0;0.0
13;6100;INTARIAN_PEPPER_ROOT;25996;8;25995;12;;;26009;8;26011;8;;;26003.0;0.0
13;6200;ASH_COATED_OSMIUM;9985;2;;;;;10001;14;;;;;9993.5;0.0
13;6200;INTARIAN_PEPPER_ROOT;26000;3;25999;9;25997;9;26011;12;26014;8;26015;21;26006.0;0.0
13;6300;ASH_COATED_OSMIUM;9985;22;9984;15;;;10001;12;10002;29;;;9993.0;0.0
13;6300;INTARIAN_PEPPER_ROOT;26002;20;;;;;26016;8;;;;;26009.0;0.0
13;6400;ASH_COATED_OSMIUM;9985;12;9983;13;;;10001;15;10004;25;;;9993.0;0.0
13;6400;INTARIAN_PEPPER_ROOT;26001;18;25998;11;;;26012;12;26015;16;;;26007.0;0.0
13;6500;ASH_COATED_OSMIUM;9985;13;;;;;10001;10;;;;;9993.0;0.0
13;6500;INTARIAN_PEPPER_ROOT;25998;8;25995;12;;;26009;9;26010;12;;;26004.0;0.0
13;6600;ASH_COATED_OSMIUM;9985;30;9984;13;;;10001;11;10004;11;;;9993.0;0.0
13;6600;INTARIAN_PEPPER_ROOT;25999;12;;;;;26010;10;;;;;26004.5;0.0
13;6700;ASH_COATED_OSMIUM;9984;10;;;;;10000;15;;;;;9992.5;0.0
13;6700;INTARIAN_PEPPER_ROOT;25997;12;;;;;26015;17;;;;;26006.0;0.0
13;6800;ASH_COATED_OSMIUM;9987;12;9984;11;9982;12;10006;11;10009;13;10010;21;9997.0;0.0
13;6800;INTARIAN_PEPPER_ROOT;26002;9;;;;;26018;10;;;;;26010.5;0.0
13;6900;ASH_COATED_OSMIUM;9989;13;9987;11;9986;12;10005;12;10008;12;10011;10;9997.0;0.0
13;6900;INTARIAN_PEPPER_ROOT;25998;9;25997;10;25996;10;26011;10;26013;12;26015;15;26005.0;0.0
13;7000;ASH_COATED_OSMIUM;9984;6;;;;;10000;13;;;;;9992.0;0.0
13;7000;INTARIAN_PEPPER_ROOT;26004;20;26003;9;;;26016;8;26019;9;;;26010.0;0.0
13;7100;ASH_COATED_OSMIUM;9994;14;9991;13;;;9999;10;10000;4;;;9997.0;0.0
13;7100;INTARIAN_PEPPER_ROOT;26000;9;25997;8;;;26014;12;26015;9;;;26007.0;0.0
13;7200;ASH_COATED_OSMIUM;9984;4;;;;;10000;13;;;;;9992.0;0.0
13;7200;INTARIAN_PEPPER_ROOT;26005;11;26003;9;;;26019;12;26020;8;;;26012.0;0.0
13;7300;ASH_COATED_OSMIUM;9985;15;9983;13;9982;15;9998;10;10001;13;10003;13;9991.5;0.0
13;7300;INTARIAN_PEPPER_ROOT;26001;12;;;;;26013;18;;;;;26007.0;0.0
13;7400;ASH_COATED_OSMIUM;9983;12;;;;;9999;13;;;;;9991.0;0.0
13;7400;INTARIAN_PEPPER_ROOT;25999;12;25996;8;;;26011;22;26012;9;;;26005.5;0.0
13;7500;ASH_COATED_OSMIUM;9987;11;9985;13;9983;10;10005;22;10007;14;10010;12;9996.5;0.0
13;7500;INTARIAN_PEPPER_ROOT;25997;10;25996;12;25993;12;26009;12;26011;8;26013;9;26003.0;0.0
13;7600;ASH_COATED_OSMIUM;9983;10;;;;;9999;12;;;;;9991.0;0.0
13;7600;INTARIAN_PEPPER_ROOT;26004;9;26002;10;;;26015;11;26018;10;;;26009.5;0.0
13;7700;ASH_COATED_OSMIUM;9983;12;;;;;9999;13;;;;;9991.0;0.0
13;7700;INTARIAN_PEPPER_ROOT;26002;25;26001;8;25999;12;26015;11;26016;9;26018;9;26008.5;0.0
13;7800;ASH_COATED_OSMIUM;9988;13;9986;15;;;10004;3;10006;15;;;9996.0;0.0
13;7800;INTARIAN_PEPPER_ROOT;25999;9;25998;9;;;26014;12;26015;10;;;26007.0;0.0
13;7900;ASH_COATED_OSMIUM;9981;13;9980;13;9979;14;9999;13;10002;10;10004;10;9990.5;0.0
13;7900;INTARIAN_PEPPER_ROOT;26004;23;;;;;26010;1;;;;;26007.5;0.0
13;8000;ASH_COATED_OSMIUM;9982;12;9980;11;;;9998;11;9999;15;;;9990.0;0.0
13;8000;INTARIAN_PEPPER_ROOT;26001;18;26000;10;;;26014;12;26016;9;;;26008.0;0.0
13;8100;ASH_COATED_OSMIUM;9987;12;;;;;10003;15;;;;;9995.5;0.0
13;8100;INTARIAN_PEPPER_ROOT;25997;12;25995;9;;;26012;25;26014;18;;;26005.0;0.0
13;8200;ASH_COATED_OSMIUM;9981;11;9978;13;;;9997;12;9998;14;;;9989.5;0.0
13;8200;INTARIAN_PEPPER_ROOT;26003;16;;;;;26015;8;;;;;26009.0;0.0
13;8300;ASH_COATED_OSMIUM;9987;14;9984;11;;;9993;10;9996;23;;;9990.0;0.0
13;8300;INTARIAN_PEPPER_ROOT;26001;10;;;;;26013;10;;;;;26007.0;0.0
13;8400;ASH_COATED_OSMIUM;9982;11;;;;;10000;10;;;;;9991.0;0.0
13;8400;INTARIAN_PEPPER_ROOT;26003;20;;;;;26016;12;;;;;26009.5;0.0
13;8500;ASH_COATED_OSMIUM;9982;11;;;;;10000;28;;;;;9991.0;0.0
13;8500;INTARIAN_PEPPER_ROOT;26001;11;26000;6;;;26014;8;26015;8;;;26007.5;0.0
13;8600;ASH_COATED_OSMIUM;9983;28;9981;10;;;9999;12;10000;12;;;9991.0;0.0
13;8600;INTARIAN_PEPPER_ROOT;26002;11;;;;;26014;10;;;;;26008.0;0.0
13;8700;ASH_COATED_OSMIUM;9988;20;9985;14;9982;14;10004;23;10007;2;10009;10;9996.0;0.0
13;8700;INTARIAN_PEPPER_ROOT;26003;11;26000;11;25998;12;26014;8;26017;11;26020;8;26008.5;0.0
13;8800;ASH_COATED_OSMIUM;9983;14;9980;14;;;9999;14;10000;13;;;9991.0;0.0
13;8800;INTARIAN_PEPPER_ROOT;26004;23;26001;12;;;26016;11;26017;23;;;26010.5;0.0
13;8900;ASH_COATED_OSMIUM;9987;12;;;;;10005;3;;;;;9996.0;0.0
13;8900;INTARIAN_PEPPER_ROOT;26003;8;26002;8;26000;12;26016;10;26018;9;26019;12;26009.5;0.0
13;9000;ASH_COATED_OSMIUM;9988;12;;;;;10004;15;;;;;9996.0;0.0
13;9000;INTARIAN_PEPPER_ROOT;26004;8;;;;;26020;11;;;;;26012.0;0.0
13;9100;ASH_COATED_OSMIUM;9982;23;9981;10;9979;14;9998;14;10001;24;10004;10;9990.5;0.0
13;9100;INTARIAN_PEPPER_ROOT;26000;24;25998;9;;;26017;9;26018;12;;;26009.0;0.0
13;9200;ASH_COATED_OSMIUM;9982;12;;;;;9998;10;;;;;9990.0;0.0
13;9200;INTARIAN_PEPPER_ROOT;26001;12;25998;8;;;26014;8;26016;12;;;26007.5;0.0
13;9300;ASH_COATED_OSMIUM;9987;14;9984;20;9981;14;10003;14;10006;13;10009;11;9995.0;0.0
13;9300;INTARIAN_PEPPER_ROOT;26004;10;26002;9;26001;18;26015;12;26017;11;26020;12;26010.0;0.0
13;9400;ASH_COATED_OSMIUM;9986;11;;;;;10002;15;;;;;9994.5;0.0
13;9400;INTARIAN_PEPPER_ROOT;26004;8;26001;10;;;26016;11;26019;10;;;26010.5;0.0
13;9500;ASH_COATED_OSMIUM;9981;12;;;;;9997;14;;;;;9989.0;0.0
13;9500;INTARIAN_PEPPER_ROOT;26001;10;25999;21;25998;12;26014;9;26015;11;26016;10;26008.0;0.0
13;9600;ASH_COATED_OSMIUM;9987;15;9984;14;9981;14;10003;12;10004;11;10005;14;9995.5;0.0
13;9600;INTARIAN_PEPPER_ROOT;26001;12;25998;11;;;26014;10;26016;12;;;26008.0;0.0
13;9700;ASH_COATED_OSMIUM;9982;10;;;;;9998;22;;;;;9990.0;0.0
13;9700;INTARIAN_PEPPER_ROOT;26005;9;26002;8;26000;9;26017;11;26020;9;26021;18;26011.5;0.0
13;9800;ASH_COATED_OSMIUM;9987;29;9985;14;;;10003;10;10006;23;;;9995.5;0.0
13;9800;INTARIAN_PEPPER_ROOT;26004;11;26003;9;;;26017;9;26019;12;;;26011.0;0.0
13;9900;ASH_COATED_OSMIUM;9980;10;9978;11;9977;10;9999;20;10001;15;10002;10;9990.0;0.0
13;9900;INTARIAN_PEPPER_ROOT;26001;8;26000;10;;;26017;11;26018;11;;;26009.0;0.0
13;10000;ASH_COATED_OSMIUM;9980;12;;;;;9999;15;;;;;9990.0;0.0
13;10000;INTARIAN_PEPPER_ROOT;26005;10;26004;11;26002;11;26017;12;26018;12;26019;11;26011.0;0.0
13;10100;ASH_COATED_OSMIUM;9992;10;9991;14;;;9997;26;9999;11;;;9995.0;0.0
13;10100;INTARIAN_PEPPER_ROOT;26002;8;26000;8;;;26015;9;26016;5;;;26009.0;0.0
13;10200;ASH_COATED_OSMIUM;9981;14;;;;;9999;11;;;;;9990.0;0.0
13;10200;INTARIAN_PEPPER_ROOT;26005;10;26002;9;26001;12;26017;11;26018;19;26020;11;26011.0;0.0
13;10300;ASH_COATED_OSMIUM;9981;11;9978;10;9975;12;9997;15;9998;28;9999;23;9989.5;0.0
13;10300;INTARIAN_PEPPER_ROOT;26006;16;;;;;26020;10;;;;;26013.5;0.0
13;10400;ASH_COATED_OSMIUM;9990;10;9987;14;9985;29;9999;14;10002;14;10003;14;9994.5;0.0
13;10400;INTARIAN_PEPPER_ROOT;26003;8;;;;;26019;22;;;;;26011.5;0.0
13;10500;ASH_COATED_OSMIUM;9979;13;9976;20;9975;12;9998;10;10001;11;10004;11;9989.0;0.0
13;10500;INTARIAN_PEPPER_ROOT;26003;21;26001;8;25999;12;26017;11;26019;17;26021;8;26010.0;0.0
13;10600;ASH_COATED_OSMIUM;9981;13;;;;;9999;13;;;;;9990.0;0.0
13;10600;INTARIAN_PEPPER_ROOT;26004;12;26002;12;;;26017;18;26018;11;;;26011.0;0.0
13;10700;ASH_COATED_OSMIUM;9987;13;9984;24;9981;10;10003;13;10004;15;10006;12;9995.0;0.0
13;10700;INTARIAN_PEPPER_ROOT;26003;10;26000;8;;;26019;10;26021;20;;;26011.5;0.0
13;10800;ASH_COATED_OSMIUM;9987;20;9984;28;;;10003;13;10005;22;;;9995.5;0.0
13;10800;INTARIAN_PEPPER_ROOT;26002;11;26001;9;;;26018;15;26021;11;;;26010.5;0.0
13;10900;ASH_COATED_OSMIUM;9980;11;9979;14;;;9999;15;10000;15;;;9989.5;0.0
13;10900;INTARIAN_PEPPER_ROOT;26004;8;26002;12;;;26017;10;26020;8;;;26011.0;0.0
13;11000;ASH_COATED_OSMIUM;9978;11;9975;11;;;9999;11;10001;11;;;9989.0;0.0
13;11000;INTARIAN_PEPPER_ROOT;26006;10;26005;9;;;26018;9;26019;21;;;26012.5;0.0
13;11100;ASH_COATED_OSMIUM;9980;13;9977;14;;;9996;13;9997;4;;;9988.5;0.0
13;11100;INTARIAN_PEPPER_ROOT;26006;8;;;;;26019;10;;;;;26012.5;0.0
13;11200;ASH_COATED_OSMIUM;9981;14;9978;12;9975;13;9997;14;9998;14;10001;26;9989.5;0.0
13;11200;INTARIAN_PEPPER_ROOT;26004;12;26001;8;;;26016;7;26017;10;;;26010.5;0.0
13;11300;ASH_COATED_OSMIUM;9987;13;9986;13;9983;12;10003;10;10004;21;10007;13;9995.0;0.0
13;11300;INTARIAN_PEPPER_ROOT;26007;10;26005;10;26002;16;26015;12;26017;21;26019;5;26011.0;0.0
13;11400;ASH_COATED_OSMIUM;9987;11;;;;;10003;13;;;;;9995.5;0.0
13;11400;INTARIAN_PEPPER_ROOT;26008;10;26007;16;;;26017;9;26020;12;;;26013.0;0.0
13;11500;ASH_COATED_OSMIUM;9982;14;9979;21;;;9998;11;10001;15;;;9990.5;0.0
13;11500;INTARIAN_PEPPER_ROOT;26004;23;26001;9;26000;10;26019;9;26020;9;26023;12;26011.5;0.0
13;11600;ASH_COATED_OSMIUM;9990;10;;;;;10001;15;;;;;9995.5;0.0
13;11600;INTARIAN_PEPPER_ROOT;26006;9;;;;;26022;10;;;;;26014.0;0.0
13;11700;ASH_COATED_OSMIUM;9982;12;9981;13;;;9998;21;9999;27;;;9990.0;0.0
13;11700;INTARIAN_PEPPER_ROOT;26003;11;26001;10;;;26019;8;26022;10;;;26011.5;0.0
13;11800;ASH_COATED_OSMIUM;9981;14;9979;10;;;10000;12;10001;15;;;9990.5;0.0
13;11800;INTARIAN_PEPPER_ROOT;26005;8;;;;;26018;12;;;;;26012.0;0.0
13;11900;ASH_COATED_OSMIUM;9988;11;9985;10;;;10004;15;10005;15;;;9996.0;0.0
13;11900;INTARIAN_PEPPER_ROOT;26001;9;26000;8;25999;10;26016;19;26017;22;26019;15;26009.0;0.0
13;12000;ASH_COATED_OSMIUM;9982;13;9980;13;;;9998;14;10000;27;;;9990.5;0.0
13;12000;INTARIAN_PEPPER_ROOT;26007;11;;;;;26020;11;;;;;26013.5;0.0
13;12100;ASH_COATED_OSMIUM;9983;4;;;;;9999;11;;;;;9991.0;0.0
13;12100;INTARIAN_PEPPER_ROOT;26008;10;;;;;26020;11;;;;;26014.0;0.0
13;12200;ASH_COATED_OSMIUM;9982;20;9979;13;;;9998;11;10001;15;;;9990.5;0.0
13;12200;INTARIAN_PEPPER_ROOT;26008;11;;;;;26020;19;;;;;26014.0;0.0
13;12300;ASH_COATED_OSMIUM;9982;15;9981;3;;;9998;11;10001;12;;;9990.5;0.0
13;12300;INTARIAN_PEPPER_ROOT;26002;12;25999;9;25996;10;26019;10;26021;16;26022;8;26011.0;0.0
13;12400;ASH_COATED_OSMIUM;9983;10;9982;10;;;9999;28;10001;10;;;9991.0;0.0
13;12400;INTARIAN_PEPPER_ROOT;26007;12;26004;10;;;26020;9;26022;9;;;26013.5;0.0
13;12500;ASH_COATED_OSMIUM;9986;3;9984;22;;;10005;11;10008;10;;;9996.0;0.0
13;12500;INTARIAN_PEPPER_ROOT;26006;12;;;;;26019;8;;;;;26012.5;0.0
13;12600;ASH_COATED_OSMIUM;9991;13;9988;15;;;10000;12;10003;12;;;9995.5;0.0
13;12600;INTARIAN_PEPPER_ROOT;26005;11;26002;11;;;26019;21;26020;10;;;26012.0;0.0
13;12700;ASH_COATED_OSMIUM;9985;15;;;;;9995;20;;;;;9990.5;0.0
13;12700;INTARIAN_PEPPER_ROOT;26008;8;26006;3;26004;7;26022;18;26024;9;26027;11;26015.0;0.0
13;12800;ASH_COATED_OSMIUM;9986;10;9983;13;;;10005;11;10008;11;;;9996.0;0.0
13;12800;INTARIAN_PEPPER_ROOT;26014;11;26011;11;26008;9;26018;12;26020;8;26021;9;26016.0;0.0
13;12900;ASH_COATED_OSMIUM;9981;6;9979;11;9977;12;10000;28;10003;24;10006;11;9990.5;0.0
13;12900;INTARIAN_PEPPER_ROOT;26005;8;26003;22;26002;10;26021;9;26022;11;26024;10;26013.0;0.0
13;13000;ASH_COATED_OSMIUM;9987;11;;;;;10003;13;;;;;9995.5;0.0
13;13000;INTARIAN_PEPPER_ROOT;26007;9;26006;8;;;26021;8;26024;8;;;26014.0;0.0
13;13100;ASH_COATED_OSMIUM;9982;11;9979;10;;;9998;13;10001;11;;;9990.0;0.0
13;13100;INTARIAN_PEPPER_ROOT;26005;8;;;;;26018;8;;;;;26012.0;0.0
13;13200;ASH_COATED_OSMIUM;9982;12;;;;;9998;14;;;;;9990.5;0.0
13;13200;INTARIAN_PEPPER_ROOT;26001;9;25999;10;;;26019;8;26021;11;;;26010.0;0.0
13;13300;ASH_COATED_OSMIUM;9982;11;9980;21;;;9998;14;10001;21;;;9990.5;0.0
13;13300;INTARIAN_PEPPER_ROOT;26005;9;26003;9;;;26022;11;26024;18;;;26014.0;0.0
13;13400;ASH_COATED_OSMIUM;9982;24;;;;;9998;15;;;;;9990.5;0.0
13;13400;INTARIAN_PEPPER_ROOT;26006;11;26003;11;;;26018;9;26019;9;;;26012.0;0.0
13;13500;ASH_COATED_OSMIUM;9987;14;;;;;10003;14;;;;;9995.5;0.0
13;13500;INTARIAN_PEPPER_ROOT;26008;8;26006;18;;;26020;12;26023;9;;;26014.0;0.0
13;13600;ASH_COATED_OSMIUM;9982;26;9979;11;;;9998;13;10000;15;;;9990.0;0.0
13;13600;INTARIAN_PEPPER_ROOT;26011;12;26008;12;26007;12;26023;12;26026;8;26029;9;26017.0;0.0
13;13700;ASH_COATED_OSMIUM;9985;12;9983;13;;;10004;12;10005;10;;;9995.0;0.0
13;13700;INTARIAN_PEPPER_ROOT;26007;10;26004;12;;;26021;10;26023;12;;;26014.5;0.0
13;13800;ASH_COATED_OSMIUM;9981;12;9979;15;;;9999;14;10000;24;;;9990.0;0.0
13;13800;INTARIAN_PEPPER_ROOT;26006;8;26004;11;26003;9;26018;8;26019;9;26020;18;26012.0;0.0
13;13900;ASH_COATED_OSMIUM;9981;13;9980;11;9978;13;9997;13;9999;14;10002;22;9989.5;0.0
13;13900;INTARIAN_PEPPER_ROOT;26008;11;26006;12;;;26022;9;26025;11;;;26015.0;0.0
13;14000;ASH_COATED_OSMIUM;9987;15;;;;;10003;12;;;;;9995.5;0.0
13;14000;INTARIAN_PEPPER_ROOT;26004;12;26003;8;;;26017;10;26019;10;;;26011.0;0.0
13;14100;ASH_COATED_OSMIUM;9986;12;9984;29;;;10004;11;10005;10;;;9995.0;0.0
13;14100;INTARIAN_PEPPER_ROOT;26007;16;;;;;26019;12;;;;;26013.0;0.0
13;14200;ASH_COATED_OSMIUM;9987;10;9985;14;;;10003;10;10004;11;;;9995.5;0.0
13;14200;INTARIAN_PEPPER_ROOT;26007;8;26004;11;;;26020;10;26023;11;;;26013.5;0.0
13;14300;ASH_COATED_OSMIUM;9987;11;9984;12;;;10003;14;10004;25;;;9995.0;0.0
13;14300;INTARIAN_PEPPER_ROOT;26010;19;26007;11;;;26021;10;26024;11;;;26016.0;0.0
13;14400;ASH_COATED_OSMIUM;9982;30;9981;14;;;9998;14;9999;10;;;9990.0;0.0
13;14400;INTARIAN_PEPPER_ROOT;26007;10;26006;11;26004;9;26019;9;26020;9;26023;12;26013.5;0.0
13;14500;ASH_COATED_OSMIUM;9982;13;;;;;9998;13;;;;;9990.5;0.0
13;14500;INTARIAN_PEPPER_ROOT;26007;11;26005;8;;;26020;10;26023;15;;;26013.5;0.0
13;14600;ASH_COATED_OSMIUM;9982;11;9981;28;;;9998;30;9999;14;;;9990.0;0.0
13;14600;INTARIAN_PEPPER_ROOT;26010;9;;;;;26023;10;;;;;26016.5;0.0
13;14700;ASH_COATED_OSMIUM;9982;10;9980;12;9979;10;9998;12;10001;11;10002;14;9990.5;0.0
13;14700;INTARIAN_PEPPER_ROOT;26009;12;26007;9;;;26021;10;26023;12;;;26015.0;0.0
13;14800;ASH_COATED_OSMIUM;9987;10;9984;11;;;10003;14;10004;13;;;9995.5;0.0
13;14800;INTARIAN_PEPPER_ROOT;26008;8;26006;11;;;26021;11;26023;12;;;26014.5;0.0
13;14900;ASH_COATED_OSMIUM;9987;13;9985;13;;;10003;15;10006;12;;;9995.0;0.0
13;14900;INTARIAN_PEPPER_ROOT;26010;19;26009;10;;;26023;10;26026;9;;;26017.0;0.0
13;15000;ASH_COATED_OSMIUM;9986;14;9985;11;;;10002;10;10005;10;;;9994.5;0.0
13;15000;INTARIAN_PEPPER_ROOT;26007;8;;;;;26020;8;;;;;26013.5;0.0
13;15100;ASH_COATED_OSMIUM;9986;13;9984;15;9982;15;10004;13;10006;30;10007;30;9995.0;0.0
13;15100;INTARIAN_PEPPER_ROOT;26007;10;26004;11;26003;23;26019;18;26020;9;26023;9;26013.5;0.0
13;15200;ASH_COATED_OSMIUM;9987;15;9984;15;;;10003;12;10006;10;;;9995.0;0.0
13;15200;INTARIAN_PEPPER_ROOT;26007;16;26005;11;26004;12;26022;8;26025;25;26027;8;26015.0;0.0
13;15300;ASH_COATED_OSMIUM;9980;25;9978;10;9976;10;9999;10;10001;10;10002;14;9989.5;0.0
13;15300;INTARIAN_PEPPER_ROOT;26011;8;26009;12;;;26025;10;26027;9;;;26018.5;0.0
13;15400;ASH_COATED_OSMIUM;9984;12;9982;14;;;10005;11;10007;13;;;9994.5;0.0
13;15400;INTARIAN_PEPPER_ROOT;26009;10;26006;25;26005;11;26022;11;26023;9;26024;11;26016.0;0.0
13;15500;ASH_COATED_OSMIUM;9986;13;9985;11;9984;20;10002;14;10005;12;10006;20;9994.5;0.0
13;15500;INTARIAN_PEPPER_ROOT;26010;22;;;;;26025;12;;;;;26017.5;0.0
13;15600;ASH_COATED_OSMIUM;9985;15;9983;14;;;10003;11;10004;11;;;9994.5;0.0
13;15600;INTARIAN_PEPPER_ROOT;26010;11;;;;;26022;9;;;;;26016.0;0.0
13;15700;ASH_COATED_OSMIUM;9982;11;;;;;9998;10;;;;;9990.0;0.0
13;15700;INTARIAN_PEPPER_ROOT;26010;8;26007;11;;;26027;10;26030;12;;;26018.5;0.0
13;15800;ASH_COATED_OSMIUM;9982;13;;;;;9998;10;;;;;9990.0;0.0
13;15800;INTARIAN_PEPPER_ROOT;26008;19;26006;11;26004;11;26023;24;26026;10;26028;20;26015.5;0.0
13;15900;ASH_COATED_OSMIUM;9986;23;9985;14;;;9995;12;9997;13;;;9991.0;0.0
13;15900;INTARIAN_PEPPER_ROOT;26011;11;26009;10;;;26026;11;26028;10;;;26019.0;0.0
13;16000;ASH_COATED_OSMIUM;9988;10;9985;13;;;10004;14;10007;10;;;9996.0;0.0
13;16000;INTARIAN_PEPPER_ROOT;26008;22;26007;25;26004;15;26020;12;26022;11;26025;8;26014.5;0.0
13;16100;ASH_COATED_OSMIUM;9982;10;9980;13;9978;15;9998;14;9999;14;10000;12;9990.5;0.0
13;16100;INTARIAN_PEPPER_ROOT;26012;9;26010;11;;;26022;11;26023;12;;;26017.0;0.0
13;16200;ASH_COATED_OSMIUM;9985;26;9983;11;9982;10;10004;14;10005;10;10007;15;9995.0;0.0
13;16200;INTARIAN_PEPPER_ROOT;26009;9;26007;12;26005;8;26023;11;26026;10;26028;21;26016.5;0.0
13;16300;ASH_COATED_OSMIUM;9990;23;9987;10;9984;27;9999;28;10000;10;10003;15;9995.0;0.0
13;16300;INTARIAN_PEPPER_ROOT;26010;11;26009;12;;;26027;11;26029;12;;;26018.5;0.0
13;16400;ASH_COATED_OSMIUM;9986;10;;;;;10002;13;;;;;9994.5;0.0
13;16400;INTARIAN_PEPPER_ROOT;26008;11;;;;;26020;11;;;;;26014.5;0.0
13;16500;ASH_COATED_OSMIUM;9979;10;9976;13;;;10000;10;10001;14;;;9989.5;0.0
13;16500;INTARIAN_PEPPER_ROOT;26007;12;26005;20;26002;11;26020;12;26022;9;26023;11;26013.5;0.0
13;16600;ASH_COATED_OSMIUM;9986;22;;;;;10004;10;;;;;9995.0;0.0
13;16600;INTARIAN_PEPPER_ROOT;26012;9;26009;10;26008;11;26024;8;26025;11;26026;11;26018.5;0.0
13;16700;ASH_COATED_OSMIUM;9986;13;;;;;10002;12;;;;;9994.0;0.0
13;16700;INTARIAN_PEPPER_ROOT;26006;12;26004;12;26001;12;26023;10;26026;17;26029;11;26014.5;0.0
13;16800;ASH_COATED_OSMIUM;9981;10;9980;12;9978;10;9997;14;9998;11;10001;24;9989.0;0.0
13;16800;INTARIAN_PEPPER_ROOT;26010;9;26007;11;;;26026;20;26028;8;;;26018.0;0.0
13;16900;ASH_COATED_OSMIUM;9980;12;;;;;9996;11;;;;;9988.5;0.0
13;16900;INTARIAN_PEPPER_ROOT;26007;11;26005;9;;;26019;8;26020;11;;;26013.5;0.0
13;17000;ASH_COATED_OSMIUM;9979;26;9977;13;;;9998;11;10001;11;;;9988.5;0.0
13;17000;INTARIAN_PEPPER_ROOT;26011;8;26008;10;;;26022;10;26025;17;;;26017.0;0.0
13;17100;ASH_COATED_OSMIUM;9985;13;;;;;10001;22;;;;;9993.5;0.0
13;17100;INTARIAN_PEPPER_ROOT;26010;8;26009;9;;;26025;12;26026;8;;;26018.0;0.0
13;17200;ASH_COATED_OSMIUM;9980;12;9977;14;9974;14;9996;11;9999;21;10000;14;9988.5;0.0
13;17200;INTARIAN_PEPPER_ROOT;26009;9;26008;12;26007;10;26021;8;26023;11;26026;22;26015.0;0.0
13;17300;ASH_COATED_OSMIUM;9984;14;;;;;10002;10;;;;;9993.0;0.0
13;17300;INTARIAN_PEPPER_ROOT;26011;8;26010;9;26007;9;26025;11;26027;10;26028;12;26018.0;0.0
13;17400;ASH_COATED_OSMIUM;9980;13;9977;14;;;9996;14;9999;13;;;9988.5;0.0
13;17400;INTARIAN_PEPPER_ROOT;26009;9;;;;;26024;12;;;;;26017.0;0.0
13;17500;ASH_COATED_OSMIUM;9985;11;9983;11;;;10001;15;10002;30;;;9993.5;0.0
13;17500;INTARIAN_PEPPER_ROOT;26014;12;;;;;26026;9;;;;;26020.0;0.0
13;17600;ASH_COATED_OSMIUM;9986;27;;;;;10002;11;;;;;9994.0;0.0
13;17600;INTARIAN_PEPPER_ROOT;26012;10;;;;;26025;9;;;;;26019.0;0.0
13;17700;ASH_COATED_OSMIUM;9984;13;9983;15;9981;26;10003;11;10006;13;10009;21;9994.0;0.0
13;17700;INTARIAN_PEPPER_ROOT;26007;11;;;;;26027;10;;;;;26017.0;0.0
13;17800;ASH_COATED_OSMIUM;9979;4;9976;15;;;9997;28;10000;14;;;9988.5;0.0
13;17800;INTARIAN_PEPPER_ROOT;26010;12;26007;10;26005;20;26024;25;26027;9;26030;19;26017.5;0.0
13;17900;ASH_COATED_OSMIUM;9986;14;;;;;10002;10;;;;;9994.5;0.0
13;17900;INTARIAN_PEPPER_ROOT;26012;12;;;;;26025;8;;;;;26018.5;0.0
13;18000;ASH_COATED_OSMIUM;9982;15;;;;;9998;15;;;;;9990.0;0.0
13;18000;INTARIAN_PEPPER_ROOT;26011;10;26009;8;;;26025;8;26028;8;;;26018.5;0.0
13;18100;ASH_COATED_OSMIUM;9984;11;9983;13;;;10005;22;10006;12;;;9995.0;0.0
13;18100;INTARIAN_PEPPER_ROOT;26012;9;26010;11;;;26026;10;26028;8;;;26019.0;0.0
13;18200;ASH_COATED_OSMIUM;9987;10;9984;6;;;10003;11;10005;11;;;9995.0;0.0
13;18200;INTARIAN_PEPPER_ROOT;26009;10;26006;24;26005;10;26023;10;26024;11;26027;12;26016.5;0.0
13;18300;ASH_COATED_OSMIUM;9980;10;9977;12;;;9998;11;9999;12;;;9989.5;0.0
13;18300;INTARIAN_PEPPER_ROOT;26011;25;26008;16;;;26023;9;26026;8;;;26017.0;0.0
13;18400;ASH_COATED_OSMIUM;9987;11;9985;15;9982;29;10003;11;10005;13;10008;20;9995.0;0.0
13;18400;INTARIAN_PEPPER_ROOT;26008;10;26005;11;;;26025;12;26026;10;;;26017.0;0.0
13;18500;ASH_COATED_OSMIUM;9988;30;;;;;10004;15;;;;;9996.0;0.0
13;18500;INTARIAN_PEPPER_ROOT;26010;11;26009;10;;;26023;25;26024;23;;;26016.5;0.0
13;18600;ASH_COATED_OSMIUM;9987;11;;;;;10005;2;;;;;9996.5;0.0
13;18600;INTARIAN_PEPPER_ROOT;26010;17;26007;12;;;26024;9;26025;10;;;26017.0;0.0
13;18700;ASH_COATED_OSMIUM;9983;13;9982;11;9979;15;9999;15;10000;10;10003;11;9991.5;0.0
13;18700;INTARIAN_PEPPER_ROOT;26014;10;26013;8;;;26022;12;26023;11;;;26018.5;0.0
13;18800;ASH_COATED_OSMIUM;9984;22;;;;;10000;29;;;;;9992.0;0.0
13;18800;INTARIAN_PEPPER_ROOT;26016;8;26014;17;26011;17;26019;12;26022;5;26023;11;26017.5;0.0
13;18900;ASH_COATED_OSMIUM;9989;14;9986;3;9983;25;10005;13;10008;11;10011;15;9997.5;0.0
13;18900;INTARIAN_PEPPER_ROOT;26010;8;;;;;26024;10;;;;;26017.5;0.0
13;19000;ASH_COATED_OSMIUM;9984;15;;;;;10000;14;;;;;9992.5;0.0
13;19000;INTARIAN_PEPPER_ROOT;26018;11;26017;10;;;26021;11;26024;10;;;26020.0;0.0
13;19100;ASH_COATED_OSMIUM;9990;12;9988;14;9987;28;10006;12;10009;14;10010;22;9998.0;0.0
13;19100;INTARIAN_PEPPER_ROOT;26018;24;26015;10;;;26021;8;26024;8;;;26019.5;0.0
13;19200;ASH_COATED_OSMIUM;9989;10;9986;15;;;10007;26;10008;13;;;9998.0;0.0
13;19200;INTARIAN_PEPPER_ROOT;26010;10;26007;10;;;26025;10;26027;9;;;26018.0;0.0
13;19300;ASH_COATED_OSMIUM;9988;14;9987;25;;;10006;30;10009;7;;;9997.5;0.0
13;19300;INTARIAN_PEPPER_ROOT;26012;10;;;;;26028;17;;;;;26020.0;0.0
13;19400;ASH_COATED_OSMIUM;9991;10;9988;12;;;10007;15;10009;13;;;9999.0;0.0
13;19400;INTARIAN_PEPPER_ROOT;26010;16;26007;12;26005;8;26023;18;26026;11;26029;11;26017.0;0.0
13;19500;ASH_COATED_OSMIUM;9988;13;9986;11;9985;12;9999;14;10000;14;10002;13;9993.5;0.0
13;19500;INTARIAN_PEPPER_ROOT;26016;17;26013;8;;;26030;9;26032;9;;;26023.5;0.0
13;19600;ASH_COATED_OSMIUM;9990;10;9987;10;;;10008;24;10010;23;;;9999.0;0.0
13;19600;INTARIAN_PEPPER_ROOT;26009;24;26008;8;;;26022;9;26024;12;;;26016.0;0.0
13;19700;ASH_COATED_OSMIUM;9991;14;9988;11;;;10007;11;10009;15;;;9999.0;0.0
13;19700;INTARIAN_PEPPER_ROOT;26009;10;;;;;26023;9;;;;;26016.5;0.0
13;19800;ASH_COATED_OSMIUM;9985;12;9982;15;;;10001;13;10002;15;;;9993.5;0.0
13;19800;INTARIAN_PEPPER_ROOT;26014;11;26012;8;;;26028;9;26029;11;;;26021.0;0.0
13;19900;ASH_COATED_OSMIUM;9989;13;9988;11;;;10007;13;10010;12;;;9998.5;0.0
13;19900;INTARIAN_PEPPER_ROOT;26009;10;26006;11;26004;12;26027;9;26030;12;26032;16;26018.5;0.0
13;20000;ASH_COATED_OSMIUM;9994;27;9992;23;9991;10;10003;24;10005;11;10008;14;9998.5;0.0
13;20000;INTARIAN_PEPPER_ROOT;26014;8;26013;10;26011;10;26027;10;26030;8;26032;12;26020.5;0.0
13;20100;ASH_COATED_OSMIUM;9983;12;;;;;10002;15;;;;;9992.5;0.0
13;20100;INTARIAN_PEPPER_ROOT;26016;12;26014;8;26012;4;26027;22;26029;9;26030;19;26021.5;0.0
13;20200;ASH_COATED_OSMIUM;9989;22;9986;15;;;10005;12;10006;22;;;9997.5;0.0
13;20200;INTARIAN_PEPPER_ROOT;26012;8;26010;11;;;26025;10;26028;23;;;26018.5;0.0
13;20300;ASH_COATED_OSMIUM;9989;11;9986;14;9984;13;9995;13;9997;11;9999;27;9992.5;0.0
13;20300;INTARIAN_PEPPER_ROOT;26015;10;26013;18;;;26026;11;26028;11;;;26021.0;0.0
13;20400;ASH_COATED_OSMIUM;9985;11;9982;28;;;10001;12;10002;13;;;9993.0;0.0
13;20400;INTARIAN_PEPPER_ROOT;26015;12;26013;11;26010;12;26027;11;26028;11;26029;9;26021.0;0.0
13;20500;ASH_COATED_OSMIUM;9990;23;9987;2;9985;15;10006;30;10009;11;10011;11;9998.5;0.0
13;20500;INTARIAN_PEPPER_ROOT;26017;9;26015;9;;;26031;12;26032;12;;;26024.5;0.0
13;20600;ASH_COATED_OSMIUM;9990;6;;;;;10006;11;;;;;9998.0;0.0
13;20600;INTARIAN_PEPPER_ROOT;26008;15;26006;11;26004;8;26021;22;26022;9;26025;8;26015.0;0.0
13;20700;ASH_COATED_OSMIUM;9985;15;;;;;10001;11;;;;;9993.0;0.0
13;20700;INTARIAN_PEPPER_ROOT;26015;9;26012;11;26011;8;26026;10;26028;12;26029;12;26021.0;0.0
13;20800;ASH_COATED_OSMIUM;9985;12;9983;12;9982;14;10001;11;10004;15;10007;14;9993.0;0.0
13;20800;INTARIAN_PEPPER_ROOT;26012;9;;;;;26029;21;;;;;26021.0;0.0
13;20900;ASH_COATED_OSMIUM;9985;11;9983;14;;;10001;15;10003;5;;;9993.0;0.0
13;20900;INTARIAN_PEPPER_ROOT;26015;16;26013;9;;;26027;9;26030;12;;;26021.5;0.0
13;21000;ASH_COATED_OSMIUM;9989;13;9986;26;;;10007;11;10009;15;;;9998.5;0.0
13;21000;INTARIAN_PEPPER_ROOT;26010;10;26007;9;;;26023;11;26025;10;;;26016.5;0.0
13;21100;ASH_COATED_OSMIUM;9990;13;9989;10;;;10006;14;10009;28;;;9998.0;0.0
13;21100;INTARIAN_PEPPER_ROOT;26018;11;;;;;26020;15;;;;;26019.5;0.0
13;21200;ASH_COATED_OSMIUM;9985;24;9982;21;;;10001;10;10004;11;;;9993.0;0.0
13;21200;INTARIAN_PEPPER_ROOT;26015;8;26014;10;26013;24;26028;10;26030;21;26033;12;26021.5;0.0
13;21300;ASH_COATED_OSMIUM;9985;4;;;;;10001;12;;;;;9993.5;0.0
13;21300;INTARIAN_PEPPER_ROOT;26012;9;26009;16;26007;11;26024;12;26026;12;26027;11;26018.5;0.0
13;21400;ASH_COATED_OSMIUM;9990;12;;;;;9997;10;;;;;9993.5;0.0
13;21400;INTARIAN_PEPPER_ROOT;26017;10;26014;8;26011;9;26029;11;26031;10;26032;11;26023.0;0.0
13;21500;ASH_COATED_OSMIUM;9989;13;9987;14;9986;13;10007;14;10008;10;10011;12;9998.5;0.0
13;21500;INTARIAN_PEPPER_ROOT;26014;9;26013;21;;;26028;9;26029;9;;;26021.5;0.0
13;21600;ASH_COATED_OSMIUM;9986;15;9984;28;;;10002;11;10004;12;;;9994.5;0.0
13;21600;INTARIAN_PEPPER_ROOT;26016;9;;;;;26032;18;;;;;26024.5;0.0
13;21700;ASH_COATED_OSMIUM;9985;11;9983;10;;;10003;10;10006;23;;;9994.5;0.0
13;21700;INTARIAN_PEPPER_ROOT;26017;9;;;;;26028;11;;;;;26022.5;0.0
13;21800;ASH_COATED_OSMIUM;9996;11;9993;13;;;10002;11;10003;11;;;9999.5;0.0
13;21800;INTARIAN_PEPPER_ROOT;26016;12;26014;23;;;26027;23;26030;16;;;26021.5;0.0
13;21900;ASH_COATED_OSMIUM;9986;13;;;;;10002;13;;;;;9994.5;0.0
13;21900;INTARIAN_PEPPER_ROOT;26015;11;26012;21;26010;9;26031;10;26032;24;26035;22;26023.0;0.0
13;22000;ASH_COATED_OSMIUM;9991;30;;;;;10007;14;;;;;9999.5;0.0
13;22000;INTARIAN_PEPPER_ROOT;26014;11;;;;;26025;9;;;;;26020.0;0.0
13;22100;ASH_COATED_OSMIUM;9990;15;9987;12;9984;12;10006;15;10007;14;10008;10;9998.5;0.0
13;22100;INTARIAN_PEPPER_ROOT;26016;9;26015;9;26014;9;26031;8;26033;12;26035;12;26023.5;0.0
13;22200;ASH_COATED_OSMIUM;9991;10;9988;25;9987;14;10007;22;10008;15;10011;13;9999.5;0.0
13;22200;INTARIAN_PEPPER_ROOT;26017;11;;;;;26030;22;;;;;26023.5;0.0
13;22300;ASH_COATED_OSMIUM;9991;13;9989;11;9988;14;10007;14;10010;10;10013;11;9999.5;0.0
13;22300;INTARIAN_PEPPER_ROOT;26016;9;;;;;26030;12;;;;;26023.5;0.0
13;22400;ASH_COATED_OSMIUM;9991;12;9990;21;;;10007;13;10008;11;;;9999.5;0.0
13;22400;INTARIAN_PEPPER_ROOT;26019;12;;;;;26033;11;;;;;26026.5;0.0
13;22500;ASH_COATED_OSMIUM;9987;11;9984;10;9981;11;10003;11;10005;12;10007;14;9995.0;0.0
13;22500;INTARIAN_PEPPER_ROOT;26016;22;26015;10;26014;9;26029;9;26031;9;26033;12;26022.5;0.0
13;22600;ASH_COATED_OSMIUM;9992;10;9991;13;9990;10;10008;12;10010;30;10011;11;10000.5;0.0
13;22600;INTARIAN_PEPPER_ROOT;26018;11;26017;11;;;26029;12;26030;8;;;26024.0;0.0
13;22700;ASH_COATED_OSMIUM;9991;14;9990;23;9987;10;10009;13;10010;21;10012;14;10000.5;0.0
13;22700;INTARIAN_PEPPER_ROOT;26013;9;26010;17;;;26026;12;26027;12;;;26020.0;0.0
13;22800;ASH_COATED_OSMIUM;9991;12;9990;10;9988;13;10010;10;10013;14;10015;15;10001.0;0.0
13;22800;INTARIAN_PEPPER_ROOT;26014;17;26012;8;26009;23;26028;8;26030;10;26031;9;26021.0;0.0
13;22900;ASH_COATED_OSMIUM;9991;14;;;;;10001;14;;;;;9996.0;0.0
13;22900;INTARIAN_PEPPER_ROOT;26015;12;;;;;26028;15;;;;;26022.0;0.0
13;23000;ASH_COATED_OSMIUM;9987;14;;;;;10003;12;;;;;9995.5;0.0
13;23000;INTARIAN_PEPPER_ROOT;26015;12;26012;12;;;26032;9;26034;9;;;26023.5;0.0
13;23100;ASH_COATED_OSMIUM;9987;13;9985;15;;;10003;24;10005;12;;;9995.5;0.0
13;23100;INTARIAN_PEPPER_ROOT;26016;12;26015;11;26013;12;26029;8;26031;10;26032;10;26023.0;0.0
13;23200;ASH_COATED_OSMIUM;9994;11;9991;15;9990;11;10010;12;10013;11;10015;20;10002.0;0.0
13;23200;INTARIAN_PEPPER_ROOT;26018;12;;;;;26030;9;;;;;26024.5;0.0
13;23300;ASH_COATED_OSMIUM;9993;14;;;;;10009;10;;;;;10001.5;0.0
13;23300;INTARIAN_PEPPER_ROOT;26014;9;26011;18;;;26026;12;26027;10;;;26020.5;0.0
13;23400;ASH_COATED_OSMIUM;9988;3;;;;;10004;28;;;;;9996.5;0.0
13;23400;INTARIAN_PEPPER_ROOT;26018;10;26017;12;;;26030;23;26031;9;;;26024.5;0.0
13;23500;ASH_COATED_OSMIUM;9988;13;9987;15;9984;10;10004;13;10005;13;10008;15;9996.5;0.0
13;23500;INTARIAN_PEPPER_ROOT;26012;11;26009;11;26007;9;26033;10;26036;12;26039;11;26022.5;0.0
13;23600;ASH_COATED_OSMIUM;9993;11;;;;;10009;10;;;;;10001.5;0.0
13;23600;INTARIAN_PEPPER_ROOT;26016;9;26013;11;;;26032;9;26035;8;;;26024.0;0.0
13;23700;ASH_COATED_OSMIUM;9993;15;9990;13;;;10009;8;10012;15;;;10001.0;0.0
13;23700;INTARIAN_PEPPER_ROOT;26015;8;;;;;26026;11;;;;;26021.0;0.0
13;23800;ASH_COATED_OSMIUM;9987;14;;;;;10003;15;;;;;9995.0;0.0
13;23800;INTARIAN_PEPPER_ROOT;26017;10;26016;10;;;26031;9;26034;12;;;26024.0;0.0
13;23900;ASH_COATED_OSMIUM;9987;12;9984;13;;;10003;14;10006;20;;;9995.0;0.0
13;23900;INTARIAN_PEPPER_ROOT;26017;12;26016;10;;;26029;12;26031;9;;;26023.0;0.0
13;24000;ASH_COATED_OSMIUM;9985;14;;;;;10004;14;;;;;9995.0;0.0
13;24000;INTARIAN_PEPPER_ROOT;26019;11;26017;8;26016;10;26035;9;26038;16;26039;11;26027.5;0.0
13;24100;ASH_COATED_OSMIUM;9987;14;;;;;10003;29;;;;;9995.0;0.0
13;24100;INTARIAN_PEPPER_ROOT;26019;11;26018;11;26017;25;26030;10;26031;9;26034;10;26025.0;0.0
13;24200;ASH_COATED_OSMIUM;9990;15;9988;23;9985;23;10009;10;10012;10;10013;13;10000.0;0.0
13;24200;INTARIAN_PEPPER_ROOT;26017;8;26014;9;26011;18;26028;12;26030;9;26031;11;26023.0;0.0
13;24300;ASH_COATED_OSMIUM;9990;12;9989;23;9986;12;10008;13;10011;15;10012;7;9999.5;0.0
13;24300;INTARIAN_PEPPER_ROOT;26018;20;26016;6;;;26032;12;26035;10;;;26025.0;0.0
13;24400;ASH_COATED_OSMIUM;9991;22;9988;11;9986;24;10007;13;10010;15;10011;9;9999.0;0.0
13;24400;INTARIAN_PEPPER_ROOT;26018;25;;;;;26029;11;;;;;26023.5;0.0
13;24500;ASH_COATED_OSMIUM;9986;13;;;;;10002;15;;;;;9994.5;0.0
13;24500;INTARIAN_PEPPER_ROOT;26017;8;26014;8;26011;11;26031;8;26032;9;26034;11;26024.5;0.0
13;24600;ASH_COATED_OSMIUM;9986;27;;;;;10002;5;;;;;9994.5;0.0
13;24600;INTARIAN_PEPPER_ROOT;26017;20;;;;;26036;17;;;;;26026.5;0.0
13;24700;ASH_COATED_OSMIUM;9992;22;9989;27;;;10008;13;10011;15;;;10000.0;0.0
13;24700;INTARIAN_PEPPER_ROOT;26012;8;26009;9;;;26029;12;26030;12;;;26021.0;0.0
13;24800;ASH_COATED_OSMIUM;9992;29;;;;;10008;12;;;;;10000.0;0.0
13;24800;INTARIAN_PEPPER_ROOT;26020;12;26018;8;;;26033;12;26034;17;;;26026.5;0.0
13;24900;ASH_COATED_OSMIUM;9992;13;;;;;10008;14;;;;;10000.0;0.0
13;24900;INTARIAN_PEPPER_ROOT;26019;9;26018;12;26016;11;26035;19;26036;11;26037;11;26027.5;0.0
13;25000;ASH_COATED_OSMIUM;9990;26;9988;15;;;10009;14;10011;14;;;10000.0;0.0
13;25000;INTARIAN_PEPPER_ROOT;26019;9;;;;;26033;9;;;;;26026.0;0.0
13;25100;ASH_COATED_OSMIUM;9987;14;;;;;10003;23;;;;;9995.0;0.0
13;25100;INTARIAN_PEPPER_ROOT;26024;20;;;;;26035;12;;;;;26029.5;0.0
13;25200;ASH_COATED_OSMIUM;9990;10;9987;14;;;10000;15;10002;26;;;9995.0;0.0
13;25200;INTARIAN_PEPPER_ROOT;26020;9;26017;12;;;26032;19;26033;12;;;26026.5;0.0
13;25300;ASH_COATED_OSMIUM;9992;15;9991;12;;;10008;13;10009;14;;;10000.5;0.0
13;25300;INTARIAN_PEPPER_ROOT;26020;8;26017;25;26014;7;26034;9;26037;12;26039;9;26027.0;0.0
13;25400;ASH_COATED_OSMIUM;9986;15;9984;13;;;10005;11;10008;10;;;9995.5;0.0
13;25400;INTARIAN_PEPPER_ROOT;26018;11;26016;20;;;26029;11;26032;8;;;26024.0;0.0
13;25500;ASH_COATED_OSMIUM;9986;23;9983;5;9982;11;10005;10;10007;12;10010;11;9995.5;0.0
13;25500;INTARIAN_PEPPER_ROOT;26018;12;26016;10;26015;11;26032;9;26033;18;26035;11;26025.0;0.0
13;25600;ASH_COATED_OSMIUM;9993;10;;;;;10009;24;;;;;10001.0;0.0
13;25600;INTARIAN_PEPPER_ROOT;26017;12;26014;10;;;26031;11;26032;12;;;26024.0;0.0
13;25700;ASH_COATED_OSMIUM;9993;11;9990;10;9989;13;10009;15;10010;27;10011;13;10001.0;0.0
13;25700;INTARIAN_PEPPER_ROOT;26019;20;26017;10;;;26031;9;26034;10;;;26025.0;0.0
13;25800;ASH_COATED_OSMIUM;9993;15;9990;14;;;10009;14;10012;13;;;10001.0;0.0
13;25800;INTARIAN_PEPPER_ROOT;26021;9;;;;;26033;11;;;;;26027.5;0.0
13;25900;ASH_COATED_OSMIUM;9987;28;;;;;10003;30;;;;;9995.5;0.0
13;25900;INTARIAN_PEPPER_ROOT;26022;10;26021;19;26020;8;26037;8;26038;19;26041;9;26029.5;0.0
13;26000;ASH_COATED_OSMIUM;9987;11;9984;11;;;10005;15;10007;13;;;9996.0;0.0
13;26000;INTARIAN_PEPPER_ROOT;26015;8;;;;;26032;11;;;;;26024.0;0.0
13;26100;ASH_COATED_OSMIUM;9992;14;9990;25;9988;14;10010;11;10011;4;10013;20;10001.0;0.0
13;26100;INTARIAN_PEPPER_ROOT;26021;10;26019;9;;;26033;9;26034;12;;;26027.0;0.0
13;26200;ASH_COATED_OSMIUM;9987;15;;;;;10003;15;;;;;9995.5;0.0
13;26200;INTARIAN_PEPPER_ROOT;26017;10;26016;11;26015;12;26031;9;26032;10;26035;10;26024.5;0.0
13;26300;ASH_COATED_OSMIUM;9993;15;9991;15;;;10009;10;10010;12;;;10001.0;0.0
13;26300;INTARIAN_PEPPER_ROOT;26020;9;26017;12;;;26035;7;26037;8;;;26028.0;0.0
13;26400;ASH_COATED_OSMIUM;9990;21;9988;11;9986;10;10011;2;10014;14;10015;12;10001.0;0.0
13;26400;INTARIAN_PEPPER_ROOT;26018;7;26016;11;26014;12;26035;12;26038;12;26039;12;26026.5;0.0
13;26500;ASH_COATED_OSMIUM;9988;12;;;;;10004;14;;;;;9996.0;0.0
13;26500;INTARIAN_PEPPER_ROOT;26019;11;26018;10;;;26032;12;26035;11;;;26026.0;0.0
13;26600;ASH_COATED_OSMIUM;9993;11;9990;26;;;10009;12;10010;11;;;10001.5;0.0
13;26600;INTARIAN_PEPPER_ROOT;26019;9;26017;22;;;26031;9;26033;10;;;26025.5;0.0
13;26700;ASH_COATED_OSMIUM;9988;13;;;;;10004;11;;;;;9996.0;0.0
13;26700;INTARIAN_PEPPER_ROOT;26019;9;;;;;26032;12;;;;;26025.5;0.0
13;26800;ASH_COATED_OSMIUM;9993;15;9992;11;;;10009;12;10010;20;;;10001.5;0.0
13;26800;INTARIAN_PEPPER_ROOT;26021;11;;;;;26034;12;;;;;26027.5;0.0
13;26900;ASH_COATED_OSMIUM;9988;12;9985;24;;;10004;10;10005;15;;;9996.0;0.0
13;26900;INTARIAN_PEPPER_ROOT;26020;12;;;;;26034;8;;;;;26027.0;0.0
13;27000;ASH_COATED_OSMIUM;9988;10;9985;15;;;10004;13;10005;13;;;9996.0;0.0
13;27000;INTARIAN_PEPPER_ROOT;26023;9;26021;19;;;26034;8;26037;12;;;26028.5;0.0
13;27100;ASH_COATED_OSMIUM;9993;12;;;;;10009;15;;;;;10001.0;0.0
13;27100;INTARIAN_PEPPER_ROOT;26016;9;;;;;26035;8;;;;;26026.0;0.0
13;27200;ASH_COATED_OSMIUM;9987;15;;;;;10005;15;;;;;9996.5;0.0
13;27200;INTARIAN_PEPPER_ROOT;26018;12;26016;9;26013;12;26033;12;26035;10;26037;11;26025.5;0.0
13;27300;ASH_COATED_OSMIUM;9987;2;;;;;10003;15;;;;;9995.5;0.0
13;27300;INTARIAN_PEPPER_ROOT;26021;12;;;;;26035;9;;;;;26028.0;0.0
13;27400;ASH_COATED_OSMIUM;9985;13;9984;20;9981;11;10004;11;10006;10;10008;6;9995.0;0.0
13;27400;INTARIAN_PEPPER_ROOT;26021;11;26018;15;;;26033;11;26035;9;;;26027.0;0.0
13;27500;ASH_COATED_OSMIUM;9985;30;;;;;10004;10;;;;;9994.5;0.0
13;27500;INTARIAN_PEPPER_ROOT;26022;8;;;;;26036;11;;;;;26029.0;0.0
13;27600;ASH_COATED_OSMIUM;9986;12;;;;;10002;4;;;;;9994.5;0.0
13;27600;INTARIAN_PEPPER_ROOT;26018;11;26017;18;26015;18;26031;11;26032;8;26034;8;26025.0;0.0
13;27700;ASH_COATED_OSMIUM;9987;12;9984;3;;;10003;10;10004;14;;;9995.0;0.0
13;27700;INTARIAN_PEPPER_ROOT;26025;10;26023;10;26021;24;26039;17;26041;11;26043;25;26032.0;0.0
13;27800;ASH_COATED_OSMIUM;9987;13;9984;11;;;10003;10;10005;11;;;9995.5;0.0
13;27800;INTARIAN_PEPPER_ROOT;26020;24;26018;8;;;26033;16;26034;10;;;26027.0;0.0
13;27900;ASH_COATED_OSMIUM;9993;10;9991;15;9990;10;10009;13;10012;10;10013;2;10001.0;0.0
13;27900;INTARIAN_PEPPER_ROOT;26021;12;26019;12;26017;8;26034;8;26035;23;26038;9;26027.5;0.0
13;28000;ASH_COATED_OSMIUM;9993;14;9991;24;;;10009;15;10011;10;;;10001.0;0.0
13;28000;INTARIAN_PEPPER_ROOT;26022;12;;;;;26036;11;;;;;26029.5;0.0
13;28100;ASH_COATED_OSMIUM;9987;24;9985;13;9983;13;10005;12;10008;10;10010;13;9996.0;0.0
13;28100;INTARIAN_PEPPER_ROOT;26022;12;26019;12;26016;15;26034;9;26035;11;26036;10;26028.5;0.0
13;28200;ASH_COATED_OSMIUM;9992;14;;;;;10010;25;;;;;10001.0;0.0
13;28200;INTARIAN_PEPPER_ROOT;26019;11;26018;9;26016;10;26036;12;26039;12;26041;6;26027.5;0.0
13;28300;ASH_COATED_OSMIUM;9988;12;9985;12;;;10004;12;10005;10;;;9996.0;0.0
13;28300;INTARIAN_PEPPER_ROOT;26022;9;26020;8;26017;11;26034;15;26036;15;26038;12;26028.5;0.0
13;28400;ASH_COATED_OSMIUM;9993;14;9992;14;;;10009;10;10012;15;;;10001.0;0.0
13;28400;INTARIAN_PEPPER_ROOT;26022;11;;;;;26034;24;;;;;26028.5;0.0
13;28500;ASH_COATED_OSMIUM;9993;12;;;;;10012;14;;;;;10002.5;0.0
13;28500;INTARIAN_PEPPER_ROOT;26022;8;26019;21;26018;8;26035;11;26037;10;26039;12;26028.5;0.0
13;28600;ASH_COATED_OSMIUM;9994;14;9991;10;;;10010;11;10013;15;;;10002.0;0.0
13;28600;INTARIAN_PEPPER_ROOT;26022;10;;;;;26035;22;;;;;26029.0;0.0
13;28700;ASH_COATED_OSMIUM;9994;12;9991;15;9990;14;10010;11;10011;13;10014;11;10002.0;0.0
13;28700;INTARIAN_PEPPER_ROOT;26019;11;26016;9;;;26035;9;26038;11;;;26027.0;0.0
13;28800;ASH_COATED_OSMIUM;9989;11;9988;14;9986;12;10005;11;10007;23;10008;11;9997.0;0.0
13;28800;INTARIAN_PEPPER_ROOT;26020;9;;;;;26036;21;;;;;26028.5;0.0
13;28900;ASH_COATED_OSMIUM;9988;11;9987;10;;;10004;26;10007;15;;;9996.5;0.0
13;28900;INTARIAN_PEPPER_ROOT;26025;10;;;;;26039;8;;;;;26032.0;0.0
13;29000;ASH_COATED_OSMIUM;9994;10;9991;12;9988;14;10010;14;10012;14;10015;11;10002.5;0.0
13;29000;INTARIAN_PEPPER_ROOT;26022;12;;;;;26037;9;;;;;26030.0;0.0
13;29100;ASH_COATED_OSMIUM;9987;10;9985;11;;;10006;15;10007;12;;;9997.0;0.0
13;29100;INTARIAN_PEPPER_ROOT;26021;10;26020;11;26019;21;26034;12;26036;11;26037;8;26028.0;0.0
13;29200;ASH_COATED_OSMIUM;9993;28;9992;13;;;10011;12;10012;13;;;10002.5;0.0
13;29200;INTARIAN_PEPPER_ROOT;26020;12;26019;10;;;26033;11;26035;10;;;26026.5;0.0
13;29300;ASH_COATED_OSMIUM;9986;15;;;;;10007;13;;;;;9997.0;0.0
13;29300;INTARIAN_PEPPER_ROOT;26022;23;26021;12;26019;8;26037;10;26038;10;26041;9;26030.0;0.0
13;29400;ASH_COATED_OSMIUM;9993;12;;;;;10011;10;;;;;10002.5;0.0
13;29400;INTARIAN_PEPPER_ROOT;26020;12;;;;;26033;12;;;;;26026.5;0.0
13;29500;ASH_COATED_OSMIUM;9994;10;9992;12;;;10010;14;10011;10;;;10002.5;0.0
13;29500;INTARIAN_PEPPER_ROOT;26022;12;;;;;26037;10;;;;;26029.5;0.0
13;29600;ASH_COATED_OSMIUM;9993;13;9992;14;9990;11;10012;20;10013;12;10015;12;10002.5;0.0
13;29600;INTARIAN_PEPPER_ROOT;26022;11;26021;12;26019;10;26039;9;26040;11;26042;19;26030.5;0.0
13;29700;ASH_COATED_OSMIUM;9989;14;9987;25;;;10005;14;10008;28;;;9997.0;0.0
13;29700;INTARIAN_PEPPER_ROOT;26027;12;26024;8;;;26042;8;26045;11;;;26035.0;0.0
13;29800;ASH_COATED_OSMIUM;9993;15;9992;12;9989;12;10011;10;10013;13;10014;12;10002.5;0.0
13;29800;INTARIAN_PEPPER_ROOT;26021;15;26020;12;26018;12;26035;7;26036;9;26039;11;26028.0;0.0
13;29900;ASH_COATED_OSMIUM;9994;13;9991;12;9990;12;10010;11;10011;14;10012;23;10002.5;0.0
13;29900;INTARIAN_PEPPER_ROOT;26024;10;26022;7;26020;11;26039;8;26040;11;26043;10;26031.5;0.0
13;30000;ASH_COATED_OSMIUM;9994;26;9992;14;;;10010;29;10012;30;;;10002.5;0.0
13;30000;INTARIAN_PEPPER_ROOT;26024;12;26023;8;;;26037;9;26040;12;;;26030.5;0.0
13;30100;ASH_COATED_OSMIUM;9989;26;9986;11;;;10005;24;10007;14;;;9997.5;0.0
13;30100;INTARIAN_PEPPER_ROOT;26023;12;26020;9;;;26037;8;26039;11;;;26030.5;0.0
13;30200;ASH_COATED_OSMIUM;9995;15;9992;2;9991;24;10011;11;10013;30;10016;14;10003.0;0.0
13;30200;INTARIAN_PEPPER_ROOT;26022;9;26020;8;;;26038;9;26041;8;;;26030.0;0.0
13;30300;ASH_COATED_OSMIUM;9993;15;9991;13;9988;10;10011;10;10013;14;10016;12;10002.5;0.0
13;30300;INTARIAN_PEPPER_ROOT;26023;11;26022;20;;;26037;12;26038;11;;;26030.5;0.0
13;30400;ASH_COATED_OSMIUM;9989;10;9986;14;;;10005;10;10007;14;;;9997.5;0.0
13;30400;INTARIAN_PEPPER_ROOT;26025;10;26024;11;26021;11;26038;10;26039;9;26042;9;26031.5;0.0
13;30500;ASH_COATED_OSMIUM;9995;22;;;;;10011;5;;;;;10003.0;0.0
13;30500;INTARIAN_PEPPER_ROOT;26023;8;26020;19;;;26035;11;26036;9;;;26029.0;0.0
13;30600;ASH_COATED_OSMIUM;9994;13;;;;;10013;11;;;;;10003.5;0.0
13;30600;INTARIAN_PEPPER_ROOT;26022;9;26020;9;26018;11;26036;11;26038;18;26040;8;26029.0;0.0
13;30700;ASH_COATED_OSMIUM;9989;13;9987;14;;;10008;21;10011;15;;;9998.5;0.0
13;30700;INTARIAN_PEPPER_ROOT;26021;12;;;;;26035;9;;;;;26028.0;0.0
13;30800;ASH_COATED_OSMIUM;10000;11;9997;11;9994;26;10006;12;10008;12;10010;15;10003.5;0.0
13;30800;INTARIAN_PEPPER_ROOT;26022;10;26021;8;;;26040;9;26042;10;;;26031.5;0.0
13;30900;ASH_COATED_OSMIUM;9991;13;9990;13;9987;15;10007;15;10008;14;10009;14;9999.0;0.0
13;30900;INTARIAN_PEPPER_ROOT;26026;11;26023;12;26022;10;26040;9;26043;11;26044;16;26033.0;0.0
13;31000;ASH_COATED_OSMIUM;9991;13;;;;;10007;12;;;;;9999.0;0.0
13;31000;INTARIAN_PEPPER_ROOT;26024;9;;;;;26037;9;;;;;26030.5;0.0
13;31100;ASH_COATED_OSMIUM;9996;10;9994;10;;;10012;12;10014;26;;;10004.0;0.0
13;31100;INTARIAN_PEPPER_ROOT;26025;11;26023;11;;;26037;12;26040;8;;;26031.0;0.0
13;31200;ASH_COATED_OSMIUM;9990;13;;;;;10008;15;;;;;9999.0;0.0
13;31200;INTARIAN_PEPPER_ROOT;26029;10;26026;15;26024;12;26040;12;26041;9;26043;11;26034.5;0.0
13;31300;ASH_COATED_OSMIUM;9995;14;9993;11;9992;10;10013;15;10014;13;10015;3;10004.5;0.0
13;31300;INTARIAN_PEPPER_ROOT;26023;25;26021;8;26019;10;26037;25;26038;9;26041;9;26030.5;0.0
13;31400;ASH_COATED_OSMIUM;9996;12;;;;;10012;27;;;;;10004.5;0.0
13;31400;INTARIAN_PEPPER_ROOT;26025;10;26022;8;;;26038;9;26041;11;;;26031.5;0.0
13;31500;ASH_COATED_OSMIUM;9994;13;;;;;10013;12;;;;;10004.0;0.0
13;31500;INTARIAN_PEPPER_ROOT;26026;8;26024;11;;;26038;8;26039;12;;;26032.5;0.0
13;31600;ASH_COATED_OSMIUM;9996;12;9993;11;9992;23;10012;13;10014;11;10016;13;10004.5;0.0
13;31600;INTARIAN_PEPPER_ROOT;26026;12;;;;;26038;8;;;;;26032.0;0.0
13;31700;ASH_COATED_OSMIUM;9990;10;9988;10;9985;11;10006;15;10009;14;10010;15;9998.5;0.0
13;31700;INTARIAN_PEPPER_ROOT;26022;12;26020;12;26019;12;26035;8;26038;12;26041;8;26029.0;0.0
13;31800;ASH_COATED_OSMIUM;10001;10;9998;5;9995;12;10006;13;10007;14;10008;24;10003.5;0.0
13;31800;INTARIAN_PEPPER_ROOT;26021;12;;;;;26034;19;;;;;26028.0;0.0
13;31900;ASH_COATED_OSMIUM;9990;15;;;;;10006;12;;;;;9998.5;0.0
13;31900;INTARIAN_PEPPER_ROOT;26025;21;26024;9;26023;8;26037;10;26039;10;26042;21;26031.0;0.0
13;32000;ASH_COATED_OSMIUM;9996;10;9994;11;;;10012;15;10014;14;;;10004.5;0.0
13;32000;INTARIAN_PEPPER_ROOT;26025;8;26024;10;;;26041;8;26044;9;;;26033.5;0.0
13;32100;ASH_COATED_OSMIUM;9995;15;;;;;10014;15;;;;;10004.5;0.0
13;32100;INTARIAN_PEPPER_ROOT;26028;12;26026;10;;;26042;8;26044;12;;;26035.0;0.0
13;32200;ASH_COATED_OSMIUM;9996;12;9995;15;;;10002;13;10004;14;;;9999.0;0.0
13;32200;INTARIAN_PEPPER_ROOT;26027;20;26024;25;26023;11;26038;8;26039;12;26041;8;26033.0;0.0
13;32300;ASH_COATED_OSMIUM;9996;12;9995;14;;;10002;4;10005;27;;;9999.0;0.0
13;32300;INTARIAN_PEPPER_ROOT;26021;10;26018;9;26017;8;26034;11;26036;12;26038;11;26028.0;0.0
13;32400;ASH_COATED_OSMIUM;9995;10;9994;12;9991;12;10002;13;10003;10;10004;20;9999.0;0.0
13;32400;INTARIAN_PEPPER_ROOT;26028;9;26027;9;;;26041;9;26043;11;;;26034.5;0.0
13;32500;ASH_COATED_OSMIUM;9995;13;9994;22;9991;25;10013;12;10016;25;10019;15;10004.5;0.0
13;32500;INTARIAN_PEPPER_ROOT;26021;12;26020;25;26018;12;26037;21;26039;12;26042;12;26029.5;0.0
13;32600;ASH_COATED_OSMIUM;9991;10;9990;12;;;10007;14;10010;29;;;9999.5;0.0
13;32600;INTARIAN_PEPPER_ROOT;26026;10;;;;;26037;9;;;;;26032.0;0.0
13;32700;ASH_COATED_OSMIUM;9992;13;9990;15;;;10008;13;10011;13;;;10000.0;0.0
13;32700;INTARIAN_PEPPER_ROOT;26025;10;;;;;26038;12;;;;;26031.5;0.0
13;32800;ASH_COATED_OSMIUM;9992;21;9991;13;9990;15;10008;27;10011;15;10012;28;10000.0;0.0
13;32800;INTARIAN_PEPPER_ROOT;26022;11;26020;10;26019;8;26039;12;26041;11;26044;8;26030.5;0.0
13;32900;ASH_COATED_OSMIUM;9997;24;9996;13;;;10013;12;10016;13;;;10005.5;0.0
13;32900;INTARIAN_PEPPER_ROOT;26024;9;26022;10;26020;8;26040;10;26043;12;26045;10;26032.5;0.0
13;33000;ASH_COATED_OSMIUM;9992;11;9991;13;;;10008;14;10009;13;;;10000.5;0.0
13;33000;INTARIAN_PEPPER_ROOT;26029;9;;;;;26043;11;;;;;26036.0;0.0
13;33100;ASH_COATED_OSMIUM;9990;11;9989;13;9988;11;10011;10;10012;12;10015;14;10001.0;0.0
13;33100;INTARIAN_PEPPER_ROOT;26028;8;26026;11;26025;12;26040;12;26042;10;26043;12;26034.0;0.0
13;33200;ASH_COATED_OSMIUM;9993;11;9992;15;;;10006;13;10007;14;;;10000.0;0.0
13;33200;INTARIAN_PEPPER_ROOT;26024;9;26022;8;;;26037;11;26039;10;;;26030.5;0.0
13;33300;ASH_COATED_OSMIUM;9995;25;9994;11;;;10014;12;10016;11;;;10005.0;0.0
13;33300;INTARIAN_PEPPER_ROOT;26031;10;26028;8;;;26042;12;26045;12;;;26036.5;0.0
13;33400;ASH_COATED_OSMIUM;9997;14;;;;;10013;15;;;;;10005.0;0.0
13;33400;INTARIAN_PEPPER_ROOT;26026;12;26024;8;;;26042;8;26043;11;;;26034.0;0.0
13;33500;ASH_COATED_OSMIUM;9992;12;9989;13;;;10008;15;10009;12;;;10000.0;0.0
13;33500;INTARIAN_PEPPER_ROOT;26026;8;;;;;26039;12;;;;;26032.5;0.0
13;33600;ASH_COATED_OSMIUM;9997;13;;;;;10013;15;;;;;10005.0;0.0
13;33600;INTARIAN_PEPPER_ROOT;26026;17;26024;9;26023;8;26041;11;26044;9;26046;10;26034.0;0.0
13;33700;ASH_COATED_OSMIUM;9991;12;9989;10;;;10007;13;10009;15;;;9999.5;0.0
13;33700;INTARIAN_PEPPER_ROOT;26023;8;;;;;26036;16;;;;;26029.5;0.0
13;33800;ASH_COATED_OSMIUM;9996;4;;;;;10012;15;;;;;10004.5;0.0
13;33800;INTARIAN_PEPPER_ROOT;26027;8;26024;10;26022;10;26041;10;26043;10;26044;11;26034.5;0.0
13;33900;ASH_COATED_OSMIUM;9996;30;;;;;10012;12;;;;;10004.5;0.0
13;33900;INTARIAN_PEPPER_ROOT;26025;9;26024;10;;;26041;12;26042;10;;;26033.5;0.0
13;34000;ASH_COATED_OSMIUM;9993;10;9992;13;9989;23;10004;25;10005;15;10006;10;9999.0;0.0
13;34000;INTARIAN_PEPPER_ROOT;26028;10;26026;8;26023;11;26044;10;26047;11;26050;21;26036.0;0.0
13;34100;ASH_COATED_OSMIUM;9996;15;;;;;10012;12;;;;;10004.0;0.0
13;34100;INTARIAN_PEPPER_ROOT;26027;11;26025;10;;;26039;9;26042;12;;;26033.0;0.0
13;34200;ASH_COATED_OSMIUM;9996;10;9995;14;9994;22;10012;13;10013;10;10016;15;10004.5;0.0
13;34200;INTARIAN_PEPPER_ROOT;26031;8;26029;8;;;26039;10;26041;12;;;26035.5;0.0
13;34300;ASH_COATED_OSMIUM;9996;11;9994;10;;;10012;11;10015;12;;;10004.5;0.0
13;34300;INTARIAN_PEPPER_ROOT;26024;11;26022;10;26020;10;26041;9;26044;11;26047;11;26033.0;0.0
13;34400;ASH_COATED_OSMIUM;9993;12;9992;10;;;10002;12;10004;15;;;9998.0;0.0
13;34400;INTARIAN_PEPPER_ROOT;26025;11;26023;11;;;26039;11;26041;12;;;26032.5;0.0
13;34500;ASH_COATED_OSMIUM;9995;15;9992;14;;;10011;12;10013;29;;;10003.0;0.0
13;34500;INTARIAN_PEPPER_ROOT;26027;9;;;;;26041;12;;;;;26034.5;0.0
13;34600;ASH_COATED_OSMIUM;9993;15;9990;13;9988;12;10002;22;10005;11;10006;14;9998.0;0.0
13;34600;INTARIAN_PEPPER_ROOT;26026;19;26023;9;;;26039;11;26042;11;;;26032.5;0.0
13;34700;ASH_COATED_OSMIUM;9989;15;9988;13;9985;11;10005;13;10007;11;10009;11;9997.5;0.0
13;34700;INTARIAN_PEPPER_ROOT;26029;12;26026;12;;;26041;21;26042;10;;;26035.0;0.0
13;34800;ASH_COATED_OSMIUM;9989;12;9988;11;9987;12;10005;14;10007;12;10008;12;9997.0;0.0
13;34800;INTARIAN_PEPPER_ROOT;26036;10;26034;12;;;26047;12;26048;8;;;26041.5;0.0
13;34900;ASH_COATED_OSMIUM;9989;11;9987;28;;;10007;10;10010;13;;;9998.5;0.0
13;34900;INTARIAN_PEPPER_ROOT;26029;9;;;;;26042;8;;;;;26036.0;0.0
13;35000;ASH_COATED_OSMIUM;9990;15;9988;10;;;10006;20;10007;15;;;9998.5;0.0
13;35000;INTARIAN_PEPPER_ROOT;26027;11;26026;11;;;26044;12;26045;12;;;26035.5;0.0
13;35100;ASH_COATED_OSMIUM;9990;13;9987;15;9984;15;10006;12;10009;10;10012;11;9998.5;0.0
13;35100;INTARIAN_PEPPER_ROOT;26029;8;26027;9;26024;11;26043;9;26044;11;26045;17;26036.0;0.0
13;35200;ASH_COATED_OSMIUM;9991;11;9990;11;;;10007;5;10010;13;;;9999.0;0.0
13;35200;INTARIAN_PEPPER_ROOT;26029;10;26027;11;;;26044;10;26047;12;;;26037.0;0.0
13;35300;ASH_COATED_OSMIUM;9994;14;9992;11;;;10013;11;10014;15;;;10004.0;0.0
13;35300;INTARIAN_PEPPER_ROOT;26030;11;26028;24;;;26042;5;26044;11;;;26036.0;0.0
13;35400;ASH_COATED_OSMIUM;9989;23;9986;14;;;10008;14;10011;12;;;9999.0;0.0
13;35400;INTARIAN_PEPPER_ROOT;26025;11;;;;;26043;9;;;;;26034.5;0.0
13;35500;ASH_COATED_OSMIUM;9996;11;9993;15;;;10012;10;10015;30;;;10004.0;0.0
13;35500;INTARIAN_PEPPER_ROOT;26028;9;26026;10;;;26041;8;26044;10;;;26035.0;0.0
13;35600;ASH_COATED_OSMIUM;9999;13;;;;;10009;12;;;;;10004.0;0.0
13;35600;INTARIAN_PEPPER_ROOT;26029;11;26027;11;;;26041;9;26042;12;;;26035.0;0.0
13;35700;ASH_COATED_OSMIUM;9996;12;;;;;10012;15;;;;;10004.0;0.0
13;35700;INTARIAN_PEPPER_ROOT;26029;11;26026;8;26023;11;26044;9;26046;11;26048;11;26036.5;0.0
13;35800;ASH_COATED_OSMIUM;9991;11;9990;11;;;10007;5;10010;11;;;9999.0;0.0
13;35800;INTARIAN_PEPPER_ROOT;26028;5;26026;8;;;26045;8;26048;16;;;26036.5;0.0
13;35900;ASH_COATED_OSMIUM;9990;12;9987;12;;;10008;13;10010;15;;;9999.0;0.0
13;35900;INTARIAN_PEPPER_ROOT;26030;17;;;;;26043;9;;;;;26036.5;0.0
13;36000;ASH_COATED_OSMIUM;9991;26;9988;11;;;10007;14;10009;3;;;9999.5;0.0
13;36000;INTARIAN_PEPPER_ROOT;26028;10;26025;10;;;26043;9;26045;8;;;26035.5;0.0
13;36100;ASH_COATED_OSMIUM;9991;14;9990;12;;;10007;14;10010;27;;;9999.5;0.0
13;36100;INTARIAN_PEPPER_ROOT;26032;10;26030;25;26028;11;26044;21;26046;8;26048;8;26038.0;0.0
13;36200;ASH_COATED_OSMIUM;9990;13;9989;20;9987;13;10009;11;10010;14;10012;22;9999.5;0.0
13;36200;INTARIAN_PEPPER_ROOT;26033;8;26032;9;26029;9;26045;20;26046;8;26047;12;26039.0;0.0
13;36300;ASH_COATED_OSMIUM;9997;13;9994;28;;;10013;15;10014;29;;;10005.0;0.0
13;36300;INTARIAN_PEPPER_ROOT;26035;16;26032;8;;;26049;9;26052;25;;;26042.0;0.0
13;36400;ASH_COATED_OSMIUM;9996;12;9995;15;9992;21;10015;20;10017;27;10019;14;10005.5;0.0
13;36400;INTARIAN_PEPPER_ROOT;26029;10;26027;12;26026;12;26042;19;26045;10;26048;18;26036.0;0.0
13;36500;ASH_COATED_OSMIUM;9997;12;9995;11;;;10013;11;10015;12;;;10005.5;0.0
13;36500;INTARIAN_PEPPER_ROOT;26032;6;;;;;26043;10;;;;;26038.0;0.0
13;36600;ASH_COATED_OSMIUM;9992;14;;;;;10008;11;;;;;10000.0;0.0
13;36600;INTARIAN_PEPPER_ROOT;26032;9;26030;12;26027;9;26046;18;26048;12;26051;11;26039.0;0.0
13;36700;ASH_COATED_OSMIUM;9992;10;9990;13;9989;13;10008;12;10010;15;10013;10;10000.0;0.0
13;36700;INTARIAN_PEPPER_ROOT;26031;11;26030;11;;;26043;9;26046;11;;;26037.0;0.0
13;36800;ASH_COATED_OSMIUM;9990;10;9988;10;9987;22;10009;11;10011;15;10012;15;10000.0;0.0
13;36800;INTARIAN_PEPPER_ROOT;26027;12;26024;12;;;26040;8;26043;15;;;26033.5;0.0
13;36900;ASH_COATED_OSMIUM;9997;12;9996;14;;;10013;14;10016;15;;;10005.5;0.0
13;36900;INTARIAN_PEPPER_ROOT;26028;10;26025;10;;;26043;8;26046;8;;;26036.0;0.0
13;37000;ASH_COATED_OSMIUM;9992;13;9990;13;;;10008;7;10009;12;;;10000.5;0.0
13;37000;INTARIAN_PEPPER_ROOT;26030;11;26028;16;;;26041;8;26044;12;;;26035.5;0.0
13;37100;ASH_COATED_OSMIUM;9992;10;;;;;10008;15;;;;;10000.5;0.0
13;37100;INTARIAN_PEPPER_ROOT;26032;12;26030;9;;;26044;11;26046;8;;;26038.0;0.0
13;37200;ASH_COATED_OSMIUM;10002;11;9999;3;;;10009;15;10011;14;;;10005.5;0.0
13;37200;INTARIAN_PEPPER_ROOT;26029;12;26027;8;;;26046;8;26048;12;;;26037.5;0.0
13;37300;ASH_COATED_OSMIUM;9990;11;;;;;10009;13;;;;;10000.0;0.0
13;37300;INTARIAN_PEPPER_ROOT;26025;12;26022;10;;;26037;23;26038;8;;;26031.0;0.0
13;37400;ASH_COATED_OSMIUM;9991;15;;;;;10007;10;;;;;9999.5;0.0
13;37400;INTARIAN_PEPPER_ROOT;26032;3;26031;9;;;26045;12;26046;11;;;26038.5;0.0
13;37500;ASH_COATED_OSMIUM;9991;10;;;;;10007;6;;;;;9999.0;0.0
13;37500;INTARIAN_PEPPER_ROOT;26031;12;26030;21;;;26044;11;26046;11;;;26038.0;0.0
13;37600;ASH_COATED_OSMIUM;9996;13;9994;10;;;10012;15;10013;14;;;10004.0;0.0
13;37600;INTARIAN_PEPPER_ROOT;26032;9;;;;;26046;10;;;;;26039.5;0.0
13;37700;ASH_COATED_OSMIUM;9996;21;9993;14;9992;10;10012;12;10014;11;10016;12;10004.0;0.0
13;37700;INTARIAN_PEPPER_ROOT;26034;12;26032;9;;;26046;8;26047;12;;;26040.0;0.0
13;37800;ASH_COATED_OSMIUM;9991;13;9990;10;9989;10;10007;21;10009;11;10011;14;9999.0;0.0
13;37800;INTARIAN_PEPPER_ROOT;26031;12;26029;10;;;26049;12;26051;20;;;26040.0;0.0
13;37900;ASH_COATED_OSMIUM;9995;12;9994;14;9993;14;10013;4;10014;10;10015;29;10004.5;0.0
13;37900;INTARIAN_PEPPER_ROOT;26032;8;26030;9;;;26045;10;26046;21;;;26039.0;0.0
13;38000;ASH_COATED_OSMIUM;9991;29;9988;30;;;10007;4;10009;10;;;9999.5;0.0
13;38000;INTARIAN_PEPPER_ROOT;26032;17;;;;;26044;8;;;;;26038.0;0.0
13;38100;ASH_COATED_OSMIUM;9991;15;9988;24;;;10007;11;10010;10;;;9999.5;0.0
13;38100;INTARIAN_PEPPER_ROOT;26030;12;26029;8;26028;10;26044;10;26047;10;26050;9;26037.0;0.0
13;38200;ASH_COATED_OSMIUM;9991;10;9990;14;;;10007;28;10009;6;;;9999.5;0.0
13;38200;INTARIAN_PEPPER_ROOT;26032;8;26031;11;;;26045;12;26048;9;;;26039.0;0.0
13;38300;ASH_COATED_OSMIUM;9993;12;9992;14;9989;13;10005;22;10008;24;10010;22;9999.5;0.0
13;38300;INTARIAN_PEPPER_ROOT;26033;8;26030;9;26029;12;26042;12;26044;12;26047;9;26037.5;0.0
13;38400;ASH_COATED_OSMIUM;9995;15;9992;12;;;10004;15;10005;11;;;9999.5;0.0
13;38400;INTARIAN_PEPPER_ROOT;26031;12;;;;;26044;12;;;;;26037.5;0.0
13;38500;ASH_COATED_OSMIUM;9992;15;;;;;10008;10;;;;;10000.0;0.0
13;38500;INTARIAN_PEPPER_ROOT;26035;18;;;;;26047;8;;;;;26041.0;0.0
13;38600;ASH_COATED_OSMIUM;9992;22;;;;;10008;12;;;;;10000.0;0.0
13;38600;INTARIAN_PEPPER_ROOT;26033;9;;;;;26046;24;;;;;26040.0;0.0
13;38700;ASH_COATED_OSMIUM;9990;29;9987;10;;;10009;23;10010;15;;;10000.0;0.0
13;38700;INTARIAN_PEPPER_ROOT;26033;8;26030;12;;;26046;8;26048;11;;;26040.0;0.0
13;38800;ASH_COATED_OSMIUM;9989;12;9986;10;9984;25;10010;15;10013;12;10014;13;9999.5;0.0
13;38800;INTARIAN_PEPPER_ROOT;26030;10;;;;;26043;15;;;;;26037.0;0.0
13;38900;ASH_COATED_OSMIUM;9991;11;;;;;10007;10;;;;;9999.5;0.0
13;38900;INTARIAN_PEPPER_ROOT;26032;10;26030;8;;;26045;10;26046;12;;;26039.0;0.0
13;39000;ASH_COATED_OSMIUM;9991;14;9989;22;;;10007;10;10010;11;;;9999.5;0.0
13;39000;INTARIAN_PEPPER_ROOT;26031;15;26028;9;;;26047;17;26049;11;;;26039.5;0.0
13;39100;ASH_COATED_OSMIUM;9991;15;9990;14;;;10007;14;10008;10;;;9999.5;0.0
13;39100;INTARIAN_PEPPER_ROOT;26032;8;26031;12;26030;8;26043;25;26045;9;26048;3;26037.5;0.0
13;39200;ASH_COATED_OSMIUM;9991;13;9989;10;9987;10;10007;14;10008;12;10011;15;9999.5;0.0
13;39200;INTARIAN_PEPPER_ROOT;26035;9;26033;9;;;26047;12;26048;7;;;26041.0;0.0
13;39300;ASH_COATED_OSMIUM;9992;13;9991;14;;;10008;14;10010;12;;;10000.0;0.0
13;39300;INTARIAN_PEPPER_ROOT;26033;9;26031;12;;;26047;12;26049;9;;;26040.0;0.0
13;39400;ASH_COATED_OSMIUM;9994;15;9991;10;;;10004;10;10005;12;;;9999.0;0.0
13;39400;INTARIAN_PEPPER_ROOT;26031;12;;;;;26042;10;;;;;26037.0;0.0
13;39500;ASH_COATED_OSMIUM;9991;14;9988;23;;;10007;11;10009;11;;;9999.5;0.0
13;39500;INTARIAN_PEPPER_ROOT;26032;10;26030;9;;;26045;20;26048;9;;;26039.0;0.0
13;39600;ASH_COATED_OSMIUM;9991;15;9989;28;;;10007;11;10009;13;;;9999.0;0.0
13;39600;INTARIAN_PEPPER_ROOT;26033;12;26030;24;26027;9;26049;11;26052;8;26053;11;26041.5;0.0
13;39700;ASH_COATED_OSMIUM;9996;27;9994;10;;;10012;15;10015;5;;;10004.5;0.0
13;39700;INTARIAN_PEPPER_ROOT;26034;11;26032;9;;;26050;15;26051;20;;;26042.5;0.0
13;39800;ASH_COATED_OSMIUM;9996;15;9995;27;;;10012;13;10013;15;;;10004.5;0.0
13;39800;INTARIAN_PEPPER_ROOT;26026;9;26025;15;26023;23;26040;9;26043;11;26045;9;26033.5;0.0
13;39900;ASH_COATED_OSMIUM;9995;11;9994;12;9991;14;10014;12;10017;10;10018;12;10004.5;0.0
13;39900;INTARIAN_PEPPER_ROOT;26032;10;;;;;26044;11;;;;;26038.0;0.0
13;40000;ASH_COATED_OSMIUM;9991;11;;;;;10007;25;;;;;9999.5;0.0
13;40000;INTARIAN_PEPPER_ROOT;26038;9;26037;10;;;26041;10;26042;17;;;26039.5;0.0
13;40100;ASH_COATED_OSMIUM;9996;12;;;;;10012;23;;;;;10004.5;0.0
13;40100;INTARIAN_PEPPER_ROOT;26037;9;26035;10;;;26048;8;26051;9;;;26043.0;0.0
13;40200;ASH_COATED_OSMIUM;9996;11;9995;14;9992;15;10012;27;10015;10;10017;14;10004.0;0.0
13;40200;INTARIAN_PEPPER_ROOT;26037;12;26036;20;;;26040;11;26043;8;;;26039.0;0.0
13;40300;ASH_COATED_OSMIUM;9991;15;9988;12;9985;10;10007;11;10008;15;10011;29;9999.0;0.0
13;40300;INTARIAN_PEPPER_ROOT;26034;10;26032;12;;;26052;8;26054;8;;;26043.0;0.0
13;40400;ASH_COATED_OSMIUM;9990;4;;;;;10009;11;;;;;9999.5;0.0
13;40400;INTARIAN_PEPPER_ROOT;26037;21;26035;8;;;26048;12;26051;20;;;26043.0;0.0
13;40500;ASH_COATED_OSMIUM;9991;15;9989;14;9987;26;10007;11;10010;14;10013;10;9999.0;0.0
13;40500;INTARIAN_PEPPER_ROOT;26032;9;;;;;26044;10;;;;;26038.0;0.0
13;40600;ASH_COATED_OSMIUM;9996;15;9995;15;;;10012;14;10013;12;;;10004.5;0.0
13;40600;INTARIAN_PEPPER_ROOT;26033;11;;;;;26046;9;;;;;26039.5;0.0
13;40700;ASH_COATED_OSMIUM;9997;10;9994;12;9993;12;10013;14;10015;10;10018;27;10005.0;0.0
13;40700;INTARIAN_PEPPER_ROOT;26037;10;26034;23;;;26050;9;26051;22;;;26043.5;0.0
13;40800;ASH_COATED_OSMIUM;9997;13;;;;;10013;10;;;;;10005.0;0.0
13;40800;INTARIAN_PEPPER_ROOT;26032;11;26030;9;;;26044;8;26046;12;;;26038.5;0.0
13;40900;ASH_COATED_OSMIUM;9991;28;9988;11;9985;11;10007;14;10008;11;10009;9;9999.5;0.0
13;40900;INTARIAN_PEPPER_ROOT;26032;3;;;;;26046;12;;;;;26039.5;0.0
13;41000;ASH_COATED_OSMIUM;9991;24;9990;14;9987;27;10007;30;10009;11;10011;12;9999.5;0.0
13;41000;INTARIAN_PEPPER_ROOT;26030;10;26028;11;26027;8;26043;10;26045;17;26047;22;26037.0;0.0
13;41100;ASH_COATED_OSMIUM;9992;10;9991;15;9989;13;10008;3;10011;24;10014;15;10000.5;0.0
13;41100;INTARIAN_PEPPER_ROOT;26035;15;26034;12;;;26048;9;26051;8;;;26041.5;0.0
13;41200;ASH_COATED_OSMIUM;9995;10;9993;12;;;10006;15;10007;25;;;10000.5;0.0
13;41200;INTARIAN_PEPPER_ROOT;26032;11;;;;;26047;19;;;;;26039.5;0.0
13;41300;ASH_COATED_OSMIUM;9997;20;;;;;10013;26;;;;;10005.5;0.0
13;41300;INTARIAN_PEPPER_ROOT;26034;8;26031;18;;;26047;10;26048;11;;;26040.5;0.0
13;41400;ASH_COATED_OSMIUM;9992;13;;;;;10008;24;;;;;10000.5;0.0
13;41400;INTARIAN_PEPPER_ROOT;26036;25;26034;8;26032;12;26047;11;26050;11;26053;11;26041.5;0.0
13;41500;ASH_COATED_OSMIUM;9992;13;;;;;10008;14;;;;;10000.0;0.0
13;41500;INTARIAN_PEPPER_ROOT;26036;11;;;;;26049;10;;;;;26042.5;0.0
13;41600;ASH_COATED_OSMIUM;9997;13;9995;13;;;10013;15;10014;14;;;10005.0;0.0
13;41600;INTARIAN_PEPPER_ROOT;26038;11;;;;;26050;9;;;;;26044.0;0.0
13;41700;ASH_COATED_OSMIUM;10000;15;9999;13;;;10009;13;10010;11;;;10005.0;0.0
13;41700;INTARIAN_PEPPER_ROOT;26034;9;26032;25;26030;23;26046;24;26049;12;26051;21;26040.0;0.0
13;41800;ASH_COATED_OSMIUM;9991;27;9990;12;;;10009;12;10012;14;;;10000.0;0.0
13;41800;INTARIAN_PEPPER_ROOT;26034;12;;;;;26048;8;;;;;26041.0;0.0
13;41900;ASH_COATED_OSMIUM;9997;21;9995;13;9992;12;10013;13;10014;26;10015;6;10005.0;0.0
13;41900;INTARIAN_PEPPER_ROOT;26031;17;26028;10;;;26043;10;26045;9;;;26037.5;0.0
13;42000;ASH_COATED_OSMIUM;9992;14;9990;11;9989;10;10008;10;10010;22;10012;14;10000.0;0.0
13;42000;INTARIAN_PEPPER_ROOT;26034;9;26032;9;;;26048;12;26051;12;;;26041.0;0.0
13;42100;ASH_COATED_OSMIUM;9990;10;;;;;10009;15;;;;;10000.0;0.0
13;42100;INTARIAN_PEPPER_ROOT;26038;23;26036;9;;;26050;8;26051;20;;;26044.0;0.0
13;42200;ASH_COATED_OSMIUM;9989;27;9988;10;;;10010;12;10013;29;;;10000.0;0.0
13;42200;INTARIAN_PEPPER_ROOT;26036;8;26035;11;;;26050;11;26053;24;;;26043.5;0.0
13;42300;ASH_COATED_OSMIUM;9990;10;;;;;10009;11;;;;;10000.0;0.0
13;42300;INTARIAN_PEPPER_ROOT;26035;9;26033;11;26032;11;26047;21;26050;9;26053;11;26041.0;0.0
13;42400;ASH_COATED_OSMIUM;9990;14;9989;10;9987;11;10009;15;10012;21;10015;13;10000.0;0.0
13;42400;INTARIAN_PEPPER_ROOT;26033;8;26032;10;;;26043;8;26044;22;;;26038.0;0.0
13;42500;ASH_COATED_OSMIUM;9999;13;;;;;10011;12;;;;;10005.0;0.0
13;42500;INTARIAN_PEPPER_ROOT;26035;6;26034;10;;;26049;20;26051;11;;;26042.5;0.0
13;42600;ASH_COATED_OSMIUM;9997;13;;;;;10013;15;;;;;10005.0;0.0
13;42600;INTARIAN_PEPPER_ROOT;26039;11;;;;;26051;8;;;;;26045.0;0.0
13;42700;ASH_COATED_OSMIUM;9990;14;9987;11;9985;25;10009;12;10010;12;10012;20;9999.5;0.0
13;42700;INTARIAN_PEPPER_ROOT;26032;19;;;;;26048;9;;;;;26040.0;0.0
13;42800;ASH_COATED_OSMIUM;9991;20;9988;10;;;10007;27;10009;15;;;9999.5;0.0
13;42800;INTARIAN_PEPPER_ROOT;26036;15;26034;10;;;26050;10;26052;11;;;26043.0;0.0
13;42900;ASH_COATED_OSMIUM;9991;14;9990;14;9987;13;10009;15;10010;11;10012;26;10000.5;0.0
13;42900;INTARIAN_PEPPER_ROOT;26036;12;26034;11;;;26053;8;26054;9;;;26044.5;0.0
13;43000;ASH_COATED_OSMIUM;9999;14;9997;30;;;10012;15;10015;21;;;10006.0;0.0
13;43000;INTARIAN_PEPPER_ROOT;26032;10;26029;9;;;26048;21;26050;5;;;26040.5;0.0
13;43100;ASH_COATED_OSMIUM;9992;13;9989;15;;;10008;15;10010;2;;;10000.5;0.0
13;43100;INTARIAN_PEPPER_ROOT;26031;8;;;;;26047;12;;;;;26039.0;0.0
13;43200;ASH_COATED_OSMIUM;9997;12;9994;12;9991;15;10013;14;10015;15;10018;21;10005.5;0.0
13;43200;INTARIAN_PEPPER_ROOT;26034;9;26032;8;;;26050;11;26053;8;;;26042.0;0.0
13;43300;ASH_COATED_OSMIUM;9997;11;9995;10;;;10015;15;10017;12;;;10006.0;0.0
13;43300;INTARIAN_PEPPER_ROOT;26032;11;26029;9;;;26048;8;26049;9;;;26040.5;0.0
13;43400;ASH_COATED_OSMIUM;9992;14;;;;;10008;24;;;;;10000.5;0.0
13;43400;INTARIAN_PEPPER_ROOT;26042;11;26041;25;;;26055;12;26056;19;;;26048.5;0.0
13;43500;ASH_COATED_OSMIUM;9991;28;9990;11;9987;26;10009;10;10012;13;10013;11;10000.0;0.0
13;43500;INTARIAN_PEPPER_ROOT;26035;10;26033;9;26032;17;26055;10;26057;9;26059;10;26045.5;0.0
13;43600;ASH_COATED_OSMIUM;9992;15;9990;11;;;10008;13;10010;29;;;10000.0;0.0
13;43600;INTARIAN_PEPPER_ROOT;26034;8;;;;;26051;12;;;;;26043.0;0.0
13;43700;ASH_COATED_OSMIUM;9992;15;9990;22;9987;15;10008;13;10010;30;10011;15;10000.0;0.0
13;43700;INTARIAN_PEPPER_ROOT;26035;10;26032;16;26030;8;26049;11;26052;8;26055;11;26042.5;0.0
13;43800;ASH_COATED_OSMIUM;9997;11;9995;10;9992;12;10013;13;10014;24;10017;27;10005.0;0.0
13;43800;INTARIAN_PEPPER_ROOT;26038;11;26037;12;;;26050;10;26052;8;;;26044.0;0.0
13;43900;ASH_COATED_OSMIUM;9997;14;9995;12;;;10013;12;10015;14;;;10005.0;0.0
13;43900;INTARIAN_PEPPER_ROOT;26039;11;26038;10;26035;9;26051;9;26054;9;26055;11;26045.0;0.0
13;44000;ASH_COATED_OSMIUM;9991;14;;;;;10007;15;;;;;9999.5;0.0
13;44000;INTARIAN_PEPPER_ROOT;26037;9;26035;22;26032;11;26051;15;26052;9;26054;9;26044.5;0.0
13;44100;ASH_COATED_OSMIUM;9991;14;9989;15;;;10007;12;10008;15;;;9999.0;0.0
13;44100;INTARIAN_PEPPER_ROOT;26038;10;;;;;26051;8;;;;;26044.5;0.0
13;44200;ASH_COATED_OSMIUM;9995;10;;;;;10013;10;;;;;10004.5;0.0
13;44200;INTARIAN_PEPPER_ROOT;26036;10;;;;;26050;10;;;;;26043.5;0.0
13;44300;ASH_COATED_OSMIUM;9989;12;;;;;10008;12;;;;;9999.0;0.0
13;44300;INTARIAN_PEPPER_ROOT;26038;10;26035;17;26033;24;26051;9;26052;8;26055;11;26044.5;0.0
13;44400;ASH_COATED_OSMIUM;9996;12;;;;;10012;11;;;;;10004.0;0.0
13;44400;INTARIAN_PEPPER_ROOT;26039;10;;;;;26054;11;;;;;26046.5;0.0
13;44500;ASH_COATED_OSMIUM;9999;10;9998;13;;;10009;13;10012;12;;;10004.0;0.0
13;44500;INTARIAN_PEPPER_ROOT;26037;15;26034;12;;;26051;20;26054;25;;;26044.5;0.0
13;44600;ASH_COATED_OSMIUM;9994;12;9992;12;;;10012;12;10013;12;;;10003.5;0.0
13;44600;INTARIAN_PEPPER_ROOT;26039;8;26038;8;;;26052;23;26055;9;;;26045.5;0.0
13;44700;ASH_COATED_OSMIUM;9996;21;9995;11;;;10012;15;10015;29;;;10004.0;0.0
13;44700;INTARIAN_PEPPER_ROOT;26040;11;26039;10;26037;10;26052;12;26054;11;26055;11;26046.5;0.0
13;44800;ASH_COATED_OSMIUM;9994;2;9992;23;;;10012;11;10014;10;;;10003.5;0.0
13;44800;INTARIAN_PEPPER_ROOT;26037;9;;;;;26050;11;;;;;26044.0;0.0
13;44900;ASH_COATED_OSMIUM;9990;11;9989;13;9986;13;10006;14;10009;10;10011;15;9998.0;0.0
13;44900;INTARIAN_PEPPER_ROOT;26037;10;26034;11;;;26049;9;26050;8;;;26043.5;0.0
13;45000;ASH_COATED_OSMIUM;9990;13;9987;11;9986;12;10006;11;10009;11;10010;14;9998.5;0.0
13;45000;INTARIAN_PEPPER_ROOT;26043;9;26040;12;26038;8;26054;9;26056;8;26057;10;26049.0;0.0
13;45100;ASH_COATED_OSMIUM;9990;30;;;;;10008;14;;;;;9999.0;0.0
13;45100;INTARIAN_PEPPER_ROOT;26039;9;;;;;26052;10;;;;;26046.0;0.0
13;45200;ASH_COATED_OSMIUM;9995;12;;;;;10014;12;;;;;10004.5;0.0
13;45200;INTARIAN_PEPPER_ROOT;26039;12;;;;;26053;9;;;;;26046.0;0.0
13;45300;ASH_COATED_OSMIUM;9990;2;9987;13;;;10008;10;10011;3;;;9999.0;0.0
13;45300;INTARIAN_PEPPER_ROOT;26037;12;26035;15;;;26051;9;26052;11;;;26044.5;0.0
13;45400;ASH_COATED_OSMIUM;9996;11;9993;10;9991;12;10012;13;10013;10;10015;25;10004.5;0.0
13;45400;INTARIAN_PEPPER_ROOT;26034;12;;;;;26046;9;;;;;26040.0;0.0
13;45500;ASH_COATED_OSMIUM;9996;14;9995;21;;;10012;13;10013;13;;;10004.5;0.0
13;45500;INTARIAN_PEPPER_ROOT;26035;9;26034;12;;;26049;10;26052;10;;;26042.0;0.0
13;45600;ASH_COATED_OSMIUM;9991;13;;;;;10007;15;;;;;9999.5;0.0
13;45600;INTARIAN_PEPPER_ROOT;26033;8;;;;;26050;9;;;;;26041.5;0.0
13;45700;ASH_COATED_OSMIUM;9996;13;9993;27;9990;10;10012;13;10015;11;10018;10;10004.5;0.0
13;45700;INTARIAN_PEPPER_ROOT;26039;9;;;;;26053;10;;;;;26046.0;0.0
13;45800;ASH_COATED_OSMIUM;9990;11;;;;;10008;10;;;;;9999.0;0.0
13;45800;INTARIAN_PEPPER_ROOT;26037;22;26034;9;26032;12;26055;10;26057;11;26060;10;26046.5;0.0
13;45900;ASH_COATED_OSMIUM;9994;12;9991;13;9989;15;10013;11;10015;14;10017;15;10003.5;0.0
13;45900;INTARIAN_PEPPER_ROOT;26038;10;26037;12;;;26050;9;26052;9;;;26044.0;0.0
13;46000;ASH_COATED_OSMIUM;9995;11;;;;;10011;11;;;;;10003.5;0.0
13;46000;INTARIAN_PEPPER_ROOT;26037;8;26034;25;;;26049;15;26051;18;;;26043.0;0.0
13;46100;ASH_COATED_OSMIUM;9990;11;9989;12;9986;10;10006;14;10008;15;10009;12;9998.5;0.0
13;46100;INTARIAN_PEPPER_ROOT;26038;12;26036;25;;;26055;10;26056;11;;;26046.5;0.0
13;46200;ASH_COATED_OSMIUM;9990;13;9987;15;9984;25;10006;4;10007;10;10010;11;9998.5;0.0
13;46200;INTARIAN_PEPPER_ROOT;26037;8;;;;;26050;17;;;;;26043.5;0.0
13;46300;ASH_COATED_OSMIUM;9990;14;;;;;10006;3;;;;;9998.5;0.0
13;46300;INTARIAN_PEPPER_ROOT;26042;8;26041;10;26038;10;26054;8;26055;11;26057;12;26048.0;0.0
13;46400;ASH_COATED_OSMIUM;9995;10;;;;;10011;11;;;;;10003.5;0.0
13;46400;INTARIAN_PEPPER_ROOT;26036;8;26035;16;26033;10;26051;8;26053;22;26054;9;26043.5;0.0
13;46500;ASH_COATED_OSMIUM;9990;14;9988;12;;;10006;24;10008;13;;;9998.0;0.0
13;46500;INTARIAN_PEPPER_ROOT;26041;10;26039;12;;;26055;24;26056;5;;;26048.0;0.0
13;46600;ASH_COATED_OSMIUM;9989;13;9988;15;;;10007;11;10008;14;;;9998.0;0.0
13;46600;INTARIAN_PEPPER_ROOT;26039;9;;;;;26052;12;;;;;26046.0;0.0
13;46700;ASH_COATED_OSMIUM;9990;13;;;;;10006;24;;;;;9998.0;0.0
13;46700;INTARIAN_PEPPER_ROOT;26038;10;26037;8;;;26055;10;26057;11;;;26047.0;0.0
13;46800;ASH_COATED_OSMIUM;9995;12;9994;15;9992;13;10011;11;10012;5;10013;15;10003.0;0.0
13;46800;INTARIAN_PEPPER_ROOT;26039;10;26038;10;26037;9;26055;10;26056;12;26059;10;26047.5;0.0
13;46900;ASH_COATED_OSMIUM;9990;24;9987;14;9984;15;10006;10;10009;15;10011;10;9998.0;0.0
13;46900;INTARIAN_PEPPER_ROOT;26046;11;;;;;26059;10;;;;;26053.0;0.0
13;47000;ASH_COATED_OSMIUM;9989;14;9988;11;9986;14;10007;14;10008;4;10010;12;9998.5;0.0
13;47000;INTARIAN_PEPPER_ROOT;26041;10;26039;10;26037;10;26055;9;26056;11;26058;11;26048.0;0.0
13;47100;ASH_COATED_OSMIUM;9988;20;;;;;10007;21;;;;;9998.0;0.0
13;47100;INTARIAN_PEPPER_ROOT;26041;12;;;;;26054;23;;;;;26047.5;0.0
13;47200;ASH_COATED_OSMIUM;9995;5;;;;;10011;12;;;;;10003.0;0.0
13;47200;INTARIAN_PEPPER_ROOT;26038;5;26037;12;;;26054;8;26056;9;;;26046.0;0.0
13;47300;ASH_COATED_OSMIUM;9988;14;9985;15;;;10006;27;10007;22;;;9997.5;0.0
13;47300;INTARIAN_PEPPER_ROOT;26039;8;26036;11;26034;9;26052;9;26054;9;26055;12;26046.0;0.0
13;47400;ASH_COATED_OSMIUM;9994;26;9992;13;9991;14;10010;10;10011;15;10012;13;10002.5;0.0
13;47400;INTARIAN_PEPPER_ROOT;26040;8;;;;;26053;9;;;;;26047.0;0.0
13;47500;ASH_COATED_OSMIUM;9989;12;9987;10;;;10005;13;10007;10;;;9997.5;0.0
13;47500;INTARIAN_PEPPER_ROOT;26044;10;26043;8;;;26059;8;26061;9;;;26051.5;0.0
13;47600;ASH_COATED_OSMIUM;9989;13;;;;;10005;14;;;;;9997.5;0.0
13;47600;INTARIAN_PEPPER_ROOT;26041;8;26039;11;;;26056;20;26058;8;;;26049.0;0.0
13;47700;ASH_COATED_OSMIUM;9993;15;9991;12;;;10002;11;10003;15;;;9997.5;0.0
13;47700;INTARIAN_PEPPER_ROOT;26044;18;26042;8;26040;11;26055;22;26057;8;26060;9;26050.0;0.0
13;47800;ASH_COATED_OSMIUM;9987;20;9985;23;;;10006;13;10009;14;;;9997.0;0.0
13;47800;INTARIAN_PEPPER_ROOT;26042;11;;;;;26057;22;;;;;26049.5;0.0
13;47900;ASH_COATED_OSMIUM;9994;13;9991;11;;;10010;13;10011;11;;;10002.0;0.0
13;47900;INTARIAN_PEPPER_ROOT;26042;10;;;;;26055;12;;;;;26049.0;0.0
13;48000;ASH_COATED_OSMIUM;9994;14;;;;;10010;15;;;;;10002.0;0.0
13;48000;INTARIAN_PEPPER_ROOT;26041;9;26040;11;;;26053;12;26056;8;;;26047.0;0.0
13;48100;ASH_COATED_OSMIUM;9989;11;;;;;10005;10;;;;;9997.0;0.0
13;48100;INTARIAN_PEPPER_ROOT;26043;10;26040;11;;;26054;11;26055;8;;;26048.5;0.0
13;48200;ASH_COATED_OSMIUM;9994;13;9991;15;;;10010;13;10012;14;;;10002.0;0.0
13;48200;INTARIAN_PEPPER_ROOT;26041;10;26038;9;;;26057;12;26058;10;;;26049.5;0.0
13;48300;ASH_COATED_OSMIUM;9989;11;9988;12;;;10005;27;10007;10;;;9997.0;0.0
13;48300;INTARIAN_PEPPER_ROOT;26044;6;26041;10;;;26053;11;26055;11;;;26049.0;0.0
13;48400;ASH_COATED_OSMIUM;9989;29;;;;;10005;29;;;;;9997.0;0.0
13;48400;INTARIAN_PEPPER_ROOT;26040;9;;;;;26052;8;;;;;26046.5;0.0
13;48500;ASH_COATED_OSMIUM;9994;29;9992;21;9989;15;10010;11;10012;13;10015;10;10002.0;0.0
13;48500;INTARIAN_PEPPER_ROOT;26042;9;26040;19;;;26056;12;26057;16;;;26049.0;0.0
13;48600;ASH_COATED_OSMIUM;9987;11;9984;14;9982;23;10005;20;10006;15;10008;13;9996.0;0.0
13;48600;INTARIAN_PEPPER_ROOT;26043;10;26040;10;26038;7;26055;11;26056;11;26059;10;26049.5;0.0
13;48700;ASH_COATED_OSMIUM;9987;11;9985;12;;;10006;12;10008;13;;;9996.5;0.0
13;48700;INTARIAN_PEPPER_ROOT;26039;12;26038;11;26037;11;26050;10;26051;10;26053;8;26045.0;0.0
13;48800;ASH_COATED_OSMIUM;9988;10;9986;12;;;10004;15;10005;13;;;9996.5;0.0
13;48800;INTARIAN_PEPPER_ROOT;26044;10;;;;;26056;10;;;;;26050.5;0.0
13;48900;ASH_COATED_OSMIUM;9992;13;9991;25;9988;13;10010;28;10013;20;10016;13;10001.5;0.0
13;48900;INTARIAN_PEPPER_ROOT;26041;8;26038;8;;;26053;10;26054;12;;;26047.5;0.0
13;49000;ASH_COATED_OSMIUM;9987;15;;;;;10005;10;;;;;9996.0;0.0
13;49000;INTARIAN_PEPPER_ROOT;26041;11;26038;11;;;26055;15;26056;23;;;26048.0;0.0
13;49100;ASH_COATED_OSMIUM;9988;10;9985;12;9982;23;10004;25;10005;24;10008;10;9996.0;0.0
13;49100;INTARIAN_PEPPER_ROOT;26041;9;;;;;26058;11;;;;;26049.5;0.0
13;49200;ASH_COATED_OSMIUM;9993;14;9991;14;;;10009;14;10010;11;;;10001.0;0.0
13;49200;INTARIAN_PEPPER_ROOT;26043;8;26040;11;;;26058;12;26059;9;;;26051.0;0.0
13;49300;ASH_COATED_OSMIUM;9992;15;;;;;9999;15;;;;;9996.0;0.0
13;49300;INTARIAN_PEPPER_ROOT;26039;12;26038;12;;;26055;10;26057;19;;;26047.5;0.0
13;49400;ASH_COATED_OSMIUM;9993;10;9992;12;;;10008;15;10009;10;;;10001.0;0.0
13;49400;INTARIAN_PEPPER_ROOT;26042;12;26040;10;;;26054;12;26056;10;;;26048.5;0.0
13;49500;ASH_COATED_OSMIUM;9993;12;9992;12;9990;15;10009;12;10010;10;10013;15;10001.0;0.0
13;49500;INTARIAN_PEPPER_ROOT;26038;9;26037;15;26034;10;26053;12;26055;9;26056;11;26046.0;0.0
13;49600;ASH_COATED_OSMIUM;9992;27;9989;23;;;10008;15;10009;22;;;10000.5;0.0
13;49600;INTARIAN_PEPPER_ROOT;26042;8;26040;9;;;26053;23;26056;9;;;26048.0;0.0
13;49700;ASH_COATED_OSMIUM;9992;13;;;;;10008;12;;;;;10000.5;0.0
13;49700;INTARIAN_PEPPER_ROOT;26043;12;26041;9;26038;11;26056;17;26058;10;26061;11;26049.5;0.0
13;49800;ASH_COATED_OSMIUM;9987;12;9984;11;9983;14;10005;10;10006;7;10007;15;9996.5;0.0
13;49800;INTARIAN_PEPPER_ROOT;26041;10;26040;8;;;26053;9;26056;12;;;26047.5;0.0
13;49900;ASH_COATED_OSMIUM;9988;27;9986;12;;;10004;11;10006;12;;;9996.0;0.0
13;49900;INTARIAN_PEPPER_ROOT;26047;12;26045;10;26042;10;26051;12;26052;11;26053;10;26049.0;0.0
13;50000;ASH_COATED_OSMIUM;9988;12;9986;13;;;10004;12;10005;26;;;9996.5;0.0
13;50000;INTARIAN_PEPPER_ROOT;26042;8;;;;;26059;18;;;;;26051.0;0.0
13;50100;ASH_COATED_OSMIUM;9993;11;9991;24;;;10009;14;10012;21;;;10001.5;0.0
13;50100;INTARIAN_PEPPER_ROOT;26043;11;26040;18;26039;23;26054;15;26056;12;26058;6;26049.0;0.0
13;50200;ASH_COATED_OSMIUM;9994;23;;;;;10010;29;;;;;10002.0;0.0
13;50200;INTARIAN_PEPPER_ROOT;26043;9;26041;24;;;26057;8;26060;10;;;26050.0;0.0
13;50300;ASH_COATED_OSMIUM;9988;11;9986;14;;;10004;11;10007;11;;;9996.5;0.0
13;50300;INTARIAN_PEPPER_ROOT;26045;10;26043;8;;;26058;12;26059;17;;;26052.0;0.0
13;50400;ASH_COATED_OSMIUM;9987;28;;;;;10005;12;;;;;9996.5;0.0
13;50400;INTARIAN_PEPPER_ROOT;26047;9;26046;10;;;26058;10;26059;11;;;26052.5;0.0
13;50500;ASH_COATED_OSMIUM;9988;14;;;;;10004;14;;;;;9996.5;0.0
13;50500;INTARIAN_PEPPER_ROOT;26046;8;26044;19;;;26057;8;26060;11;;;26051.5;0.0
13;50600;ASH_COATED_OSMIUM;9994;11;9992;11;9990;14;10010;15;10012;13;10013;10;10002.0;0.0
13;50600;INTARIAN_PEPPER_ROOT;26045;25;26042;9;;;26059;10;26062;9;;;26052.5;0.0
13;50700;ASH_COATED_OSMIUM;9993;21;9991;14;9990;11;9999;10;10001;15;10004;12;9996.5;0.0
13;50700;INTARIAN_PEPPER_ROOT;26047;8;26046;8;;;26060;11;26061;9;;;26053.5;0.0
13;50800;ASH_COATED_OSMIUM;9993;11;9990;15;;;10009;12;10012;15;;;10001.5;0.0
13;50800;INTARIAN_PEPPER_ROOT;26050;11;26048;10;;;26052;9;26054;12;;;26051.5;0.0
13;50900;ASH_COATED_OSMIUM;9988;10;9987;15;9986;12;10004;12;10006;15;10007;15;9996.0;0.0
13;50900;INTARIAN_PEPPER_ROOT;26049;19;26046;10;26043;12;26062;9;26063;12;26065;11;26055.5;0.0
13;51000;ASH_COATED_OSMIUM;9993;14;9992;10;;;10009;10;10011;10;;;10001.5;0.0
13;51000;INTARIAN_PEPPER_ROOT;26044;9;26043;9;;;26056;11;26057;11;;;26050.0;0.0
13;51100;ASH_COATED_OSMIUM;9988;29;9986;22;9983;12;10004;2;10007;13;10009;14;9996.5;0.0
13;51100;INTARIAN_PEPPER_ROOT;26044;21;;;;;26061;12;;;;;26052.5;0.0
13;51200;ASH_COATED_OSMIUM;9987;13;9986;13;;;10003;12;10004;11;;;9995.5;0.0
13;51200;INTARIAN_PEPPER_ROOT;26042;12;;;;;26056;12;;;;;26049.0;0.0
13;51300;ASH_COATED_OSMIUM;9987;11;9984;12;9981;10;10003;21;10005;26;10008;11;9995.5;0.0
13;51300;INTARIAN_PEPPER_ROOT;26041;8;;;;;26054;10;;;;;26048.0;0.0
13;51400;ASH_COATED_OSMIUM;9990;28;9989;9;9988;25;10011;11;10012;10;10013;11;10001.0;0.0
13;51400;INTARIAN_PEPPER_ROOT;26046;15;;;;;26058;12;;;;;26052.5;0.0
13;51500;ASH_COATED_OSMIUM;9987;15;9986;14;9983;26;10003;10;10004;13;10007;14;9995.5;0.0
13;51500;INTARIAN_PEPPER_ROOT;26043;17;26041;11;26040;11;26058;8;26060;12;26063;10;26051.0;0.0
13;51600;ASH_COATED_OSMIUM;9987;14;;;;;10003;24;;;;;9995.5;0.0
13;51600;INTARIAN_PEPPER_ROOT;26044;12;26042;21;26041;15;26057;8;26060;10;26063;8;26051.0;0.0
13;51700;ASH_COATED_OSMIUM;9993;11;9990;12;;;10009;12;10011;11;;;10001.5;0.0
13;51700;INTARIAN_PEPPER_ROOT;26047;8;26046;10;;;26058;21;26060;8;;;26053.0;0.0
13;51800;ASH_COATED_OSMIUM;9986;15;;;;;10005;14;;;;;9996.0;0.0
13;51800;INTARIAN_PEPPER_ROOT;26039;12;26038;8;26035;17;26053;10;26056;10;26058;25;26046.5;0.0
13;51900;ASH_COATED_OSMIUM;9993;12;9990;15;9989;12;10009;5;10011;6;10013;12;10001.0;0.0
13;51900;INTARIAN_PEPPER_ROOT;26048;12;26046;10;;;26062;8;26064;9;;;26055.0;0.0
13;52000;ASH_COATED_OSMIUM;9987;23;9986;9;;;10003;10;10006;14;;;9995.5;0.0
13;52000;INTARIAN_PEPPER_ROOT;26049;8;;;;;26060;11;;;;;26055.0;0.0
13;52100;ASH_COATED_OSMIUM;9991;15;9989;11;;;10009;15;10011;15;;;10000.5;0.0
13;52100;INTARIAN_PEPPER_ROOT;26045;8;;;;;26057;21;;;;;26051.0;0.0
13;52200;ASH_COATED_OSMIUM;9991;12;9988;29;;;10009;15;10012;10;;;10000.5;0.0
13;52200;INTARIAN_PEPPER_ROOT;26047;11;26044;9;26042;10;26060;18;26062;8;26065;10;26054.0;0.0
13;52300;ASH_COATED_OSMIUM;9995;11;;;;;10005;14;;;;;10000.5;0.0
13;52300;INTARIAN_PEPPER_ROOT;26043;9;26041;12;26040;12;26054;8;26055;21;26057;11;26049.0;0.0
13;52400;ASH_COATED_OSMIUM;9989;11;9986;11;9985;11;10000;13;10001;12;10003;10;9995.0;0.0
13;52400;INTARIAN_PEPPER_ROOT;26046;11;;;;;26059;10;;;;;26052.5;0.0
13;52500;ASH_COATED_OSMIUM;9987;20;9984;28;;;10003;14;10006;10;;;9995.0;0.0
13;52500;INTARIAN_PEPPER_ROOT;26048;9;26046;10;26045;9;26061;11;26064;21;26067;11;26055.0;0.0
13;52600;ASH_COATED_OSMIUM;9989;10;9986;10;;;9999;30;10001;12;;;9994.5;0.0
13;52600;INTARIAN_PEPPER_ROOT;26047;15;;;;;26061;10;;;;;26054.0;0.0
13;52700;ASH_COATED_OSMIUM;9986;11;9983;11;;;10002;3;10005;10;;;9994.0;0.0
13;52700;INTARIAN_PEPPER_ROOT;26043;9;;;;;26058;9;;;;;26050.5;0.0
13;52800;ASH_COATED_OSMIUM;9991;13;9990;10;;;10007;11;10010;13;;;9999.5;0.0
13;52800;INTARIAN_PEPPER_ROOT;26048;9;;;;;26061;10;;;;;26054.5;0.0
13;52900;ASH_COATED_OSMIUM;9991;11;9990;13;;;10007;14;10009;12;;;9999.5;0.0
13;52900;INTARIAN_PEPPER_ROOT;26044;11;;;;;26059;9;;;;;26052.0;0.0
13;53000;ASH_COATED_OSMIUM;9986;11;;;;;10004;14;;;;;9995.0;0.0
13;53000;INTARIAN_PEPPER_ROOT;26049;8;26047;12;26045;15;26065;8;26066;11;26067;9;26057.0;0.0
13;53100;ASH_COATED_OSMIUM;9990;15;;;;;10009;12;;;;;9999.5;0.0
13;53100;INTARIAN_PEPPER_ROOT;26045;8;26043;8;26042;8;26059;23;26062;8;26065;8;26052.5;0.0
13;53200;ASH_COATED_OSMIUM;9986;11;;;;;10002;10;;;;;9994.5;0.0
13;53200;INTARIAN_PEPPER_ROOT;26046;21;;;;;26060;8;;;;;26053.0;0.0
13;53300;ASH_COATED_OSMIUM;9986;10;9983;26;9981;13;10002;25;10004;24;10006;30;9994.5;0.0
13;53300;INTARIAN_PEPPER_ROOT;26045;11;;;;;26059;8;;;;;26052.5;0.0
13;53400;ASH_COATED_OSMIUM;9990;5;9987;13;;;10009;27;10010;14;;;10000.0;0.0
13;53400;INTARIAN_PEPPER_ROOT;26053;9;26050;12;26049;9;26066;12;26069;8;26071;11;26059.5;0.0
13;53500;ASH_COATED_OSMIUM;9985;12;9983;14;9981;27;10004;14;10005;14;10006;15;9995.0;0.0
13;53500;INTARIAN_PEPPER_ROOT;26050;11;26048;24;;;26059;9;26061;9;;;26054.5;0.0
13;53600;ASH_COATED_OSMIUM;9992;5;9990;14;9987;20;10008;14;10010;10;10011;13;10000.5;0.0
13;53600;INTARIAN_PEPPER_ROOT;26047;10;26046;12;;;26059;9;26062;9;;;26053.0;0.0
13;53700;ASH_COATED_OSMIUM;9991;15;9989;10;;;10009;15;10011;10;;;10000.5;0.0
13;53700;INTARIAN_PEPPER_ROOT;26050;10;;;;;26062;17;;;;;26056.5;0.0
13;53800;ASH_COATED_OSMIUM;9985;13;;;;;10003;12;;;;;9994.5;0.0
13;53800;INTARIAN_PEPPER_ROOT;26047;12;26044;18;;;26058;8;26061;11;;;26052.5;0.0
13;53900;ASH_COATED_OSMIUM;9990;15;9987;14;;;10009;26;10012;10;;;10000.0;0.0
13;53900;INTARIAN_PEPPER_ROOT;26047;11;26044;8;;;26062;11;26063;23;;;26055.0;0.0
13;54000;ASH_COATED_OSMIUM;9990;11;;;;;10009;12;;;;;10000.0;0.0
13;54000;INTARIAN_PEPPER_ROOT;26048;22;26045;12;26043;12;26061;12;26064;9;26065;10;26054.5;0.0
13;54100;ASH_COATED_OSMIUM;9990;10;9989;10;9988;11;10008;13;10010;14;10012;10;9999.5;0.0
13;54100;INTARIAN_PEPPER_ROOT;26045;10;26043;10;26041;9;26060;10;26063;12;26064;12;26052.5;0.0
13;54200;ASH_COATED_OSMIUM;9991;15;9989;22;;;10007;12;10009;3;;;9999.5;0.0
13;54200;INTARIAN_PEPPER_ROOT;26048;9;26047;9;;;26062;12;26063;10;;;26055.5;0.0
13;54300;ASH_COATED_OSMIUM;9985;13;;;;;10004;14;;;;;9994.5;0.0
13;54300;INTARIAN_PEPPER_ROOT;26048;11;26047;9;;;26056;11;26057;12;;;26052.5;0.0
13;54400;ASH_COATED_OSMIUM;9991;15;9990;14;9989;24;10007;10;10008;5;10009;14;9999.0;0.0
13;54400;INTARIAN_PEPPER_ROOT;26047;8;26046;9;26043;8;26060;11;26063;7;26065;18;26054.0;0.0
13;54500;ASH_COATED_OSMIUM;9986;10;9984;10;9982;15;10002;10;10005;12;10007;25;9994.0;0.0
13;54500;INTARIAN_PEPPER_ROOT;26046;10;;;;;26060;10;;;;;26053.5;0.0
13;54600;ASH_COATED_OSMIUM;9991;15;;;;;10007;11;;;;;9999.5;0.0
13;54600;INTARIAN_PEPPER_ROOT;26047;12;26046;9;;;26059;11;26060;8;;;26053.0;0.0
13;54700;ASH_COATED_OSMIUM;9986;14;9985;14;;;10002;10;10005;14;;;9994.5;0.0
13;54700;INTARIAN_PEPPER_ROOT;26045;10;26044;11;;;26062;8;26065;9;;;26054.0;0.0
13;54800;ASH_COATED_OSMIUM;9992;10;9990;24;9989;13;10008;13;10009;15;10010;12;10000.0;0.0
13;54800;INTARIAN_PEPPER_ROOT;26050;25;26048;20;26046;9;26061;9;26063;8;26066;10;26055.5;0.0
13;54900;ASH_COATED_OSMIUM;9986;13;9984;29;;;10004;12;10005;15;;;9995.0;0.0
13;54900;INTARIAN_PEPPER_ROOT;26048;10;26047;11;;;26061;10;26062;8;;;26054.5;0.0
13;55000;ASH_COATED_OSMIUM;9992;21;9991;11;;;10008;12;10009;26;;;10000.0;0.0
13;55000;INTARIAN_PEPPER_ROOT;26046;8;26044;12;;;26060;19;26061;10;;;26053.0;0.0
13;55100;ASH_COATED_OSMIUM;9993;12;9991;23;;;10009;11;10011;10;;;10001.0;0.0
13;55100;INTARIAN_PEPPER_ROOT;26053;22;26052;8;;;26064;11;26065;12;;;26059.0;0.0
13;55200;ASH_COATED_OSMIUM;9986;11;;;;;10005;14;;;;;9995.5;0.0
13;55200;INTARIAN_PEPPER_ROOT;26046;10;26043;9;26042;12;26060;11;26062;10;26064;9;26053.5;0.0
13;55300;ASH_COATED_OSMIUM;9986;10;9984;11;;;10004;14;10005;13;;;9995.5;0.0
13;55300;INTARIAN_PEPPER_ROOT;26047;9;26046;8;;;26060;9;26063;12;;;26053.5;0.0
13;55400;ASH_COATED_OSMIUM;9993;11;;;;;10009;30;;;;;10001.0;0.0
13;55400;INTARIAN_PEPPER_ROOT;26050;10;;;;;26067;9;;;;;26058.5;0.0
13;55500;ASH_COATED_OSMIUM;9987;14;9984;14;9981;11;10003;11;10006;10;10008;25;9995.5;0.0
13;55500;INTARIAN_PEPPER_ROOT;26048;12;26045;12;;;26061;9;26063;11;;;26054.5;0.0
13;55600;ASH_COATED_OSMIUM;9991;4;9990;10;;;10009;13;10012;13;;;10000.5;0.0
13;55600;INTARIAN_PEPPER_ROOT;26048;24;;;;;26060;9;;;;;26054.5;0.0
13;55700;ASH_COATED_OSMIUM;9987;11;;;;;10003;5;;;;;9995.0;0.0
13;55700;INTARIAN_PEPPER_ROOT;26050;24;;;;;26061;17;;;;;26056.0;0.0
13;55800;ASH_COATED_OSMIUM;9992;13;9990;13;;;10008;15;10011;13;;;10000.0;0.0
13;55800;INTARIAN_PEPPER_ROOT;26053;8;;;;;26066;21;;;;;26059.5;0.0
13;55900;ASH_COATED_OSMIUM;9992;30;;;;;10008;12;;;;;10000.5;0.0
13;55900;INTARIAN_PEPPER_ROOT;26047;8;26046;8;;;26063;8;26066;8;;;26055.5;0.0
13;56000;ASH_COATED_OSMIUM;9995;20;9993;15;;;10004;25;10006;25;;;10000.0;0.0
13;56000;INTARIAN_PEPPER_ROOT;26049;9;26046;11;26043;10;26061;9;26062;10;26065;12;26055.5;0.0
13;56100;ASH_COATED_OSMIUM;9986;15;;;;;10004;20;;;;;9995.0;0.0
13;56100;INTARIAN_PEPPER_ROOT;26053;11;26051;9;;;26067;12;26069;11;;;26060.0;0.0
13;56200;ASH_COATED_OSMIUM;9987;10;9985;15;9984;15;10003;13;10006;11;10007;3;9995.5;0.0
13;56200;INTARIAN_PEPPER_ROOT;26048;9;26046;10;26044;10;26062;12;26063;10;26066;10;26055.5;0.0
13;56300;ASH_COATED_OSMIUM;9993;15;9991;10;;;10009;11;10011;14;;;10001.0;0.0
13;56300;INTARIAN_PEPPER_ROOT;26050;22;26049;10;;;26064;12;26067;20;;;26057.5;0.0
13;56400;ASH_COATED_OSMIUM;9987;28;9986;28;;;10003;11;10005;10;;;9995.5;0.0
13;56400;INTARIAN_PEPPER_ROOT;26050;9;;;;;26062;9;;;;;26056.0;0.0
13;56500;ASH_COATED_OSMIUM;9987;15;9986;15;;;10004;28;10006;13;;;9995.5;0.0
13;56500;INTARIAN_PEPPER_ROOT;26050;22;26047;12;;;26064;10;26067;12;;;26057.5;0.0
13;56600;ASH_COATED_OSMIUM;9987;14;9985;14;9982;5;10003;11;10004;11;10005;15;9995.5;0.0
13;56600;INTARIAN_PEPPER_ROOT;26051;10;;;;;26063;10;;;;;26057.5;0.0
13;56700;ASH_COATED_OSMIUM;9987;13;;;;;10003;12;;;;;9995.0;0.0
13;56700;INTARIAN_PEPPER_ROOT;26050;8;26049;19;;;26064;10;26065;11;;;26057.5;0.0
13;56800;ASH_COATED_OSMIUM;9987;10;;;;;10003;15;;;;;9995.0;0.0
13;56800;INTARIAN_PEPPER_ROOT;26050;10;26047;10;;;26063;10;26065;11;;;26057.0;0.0
13;56900;ASH_COATED_OSMIUM;9997;20;9994;10;;;10003;11;10006;21;;;10000.5;0.0
13;56900;INTARIAN_PEPPER_ROOT;26047;7;;;;;26061;8;;;;;26054.0;0.0
13;57000;ASH_COATED_OSMIUM;9987;11;;;;;10003;10;;;;;9995.5;0.0
13;57000;INTARIAN_PEPPER_ROOT;26050;10;26047;8;;;26060;10;26063;11;;;26055.5;0.0
13;57100;ASH_COATED_OSMIUM;9991;22;9989;11;9988;13;10009;14;10011;12;10012;15;10000.5;0.0
13;57100;INTARIAN_PEPPER_ROOT;26050;10;26048;8;26047;10;26067;8;26069;8;26070;9;26059.0;0.0
13;57200;ASH_COATED_OSMIUM;9986;15;;;;;10004;13;;;;;9995.5;0.0
13;57200;INTARIAN_PEPPER_ROOT;26051;8;;;;;26066;11;;;;;26058.5;0.0
13;57300;ASH_COATED_OSMIUM;9992;11;9989;10;9988;15;10008;13;10009;10;10012;27;10000.5;0.0
13;57300;INTARIAN_PEPPER_ROOT;26056;11;26053;10;;;26061;9;26064;11;;;26058.5;0.0
13;57400;ASH_COATED_OSMIUM;9992;13;9989;14;9987;10;10008;11;10011;14;10013;12;10000.5;0.0
13;57400;INTARIAN_PEPPER_ROOT;26045;12;;;;;26060;9;;;;;26052.5;0.0
13;57500;ASH_COATED_OSMIUM;9997;3;9995;11;;;10003;15;10005;15;;;10000.0;0.0
13;57500;INTARIAN_PEPPER_ROOT;26054;12;26053;11;;;26066;9;26068;8;;;26060.0;0.0
13;57600;ASH_COATED_OSMIUM;9992;15;;;;;10008;25;;;;;10000.0;0.0
13;57600;INTARIAN_PEPPER_ROOT;26049;24;26047;20;26044;9;26061;19;26063;10;26064;11;26055.5;0.0
13;57700;ASH_COATED_OSMIUM;9987;12;9986;15;;;10003;11;10006;15;;;9995.5;0.0
13;57700;INTARIAN_PEPPER_ROOT;26052;11;26050;9;26049;10;26065;8;26067;8;26068;19;26058.5;0.0
13;57800;ASH_COATED_OSMIUM;9992;13;9989;15;9988;15;10010;10;10011;2;10013;14;10001.0;0.0
13;57800;INTARIAN_PEPPER_ROOT;26052;8;;;;;26065;11;;;;;26059.0;0.0
13;57900;ASH_COATED_OSMIUM;9990;11;9989;15;;;10011;13;10013;10;;;10001.0;0.0
13;57900;INTARIAN_PEPPER_ROOT;26052;10;;;;;26064;8;;;;;26058.0;0.0
13;58000;ASH_COATED_OSMIUM;9986;11;9983;15;9982;13;10004;14;10005;25;10008;22;9995.5;0.0
13;58000;INTARIAN_PEPPER_ROOT;26053;10;26051;10;26048;8;26069;12;26070;12;26072;10;26061.0;0.0
13;58100;ASH_COATED_OSMIUM;9992;14;9990;11;9987;28;10008;12;10011;11;10014;10;10000.5;0.0
13;58100;INTARIAN_PEPPER_ROOT;26050;8;;;;;26064;8;;;;;26057.5;0.0
13;58200;ASH_COATED_OSMIUM;9987;21;9985;28;;;10003;14;10004;11;;;9995.5;0.0
13;58200;INTARIAN_PEPPER_ROOT;26052;9;;;;;26067;24;;;;;26059.5;0.0
13;58300;ASH_COATED_OSMIUM;9987;10;9985;15;9982;10;10003;14;10005;12;10007;5;9995.5;0.0
13;58300;INTARIAN_PEPPER_ROOT;26050;11;;;;;26064;25;;;;;26057.0;0.0
13;58400;ASH_COATED_OSMIUM;9987;14;9984;24;9981;21;10003;11;10004;12;10006;10;9995.5;0.0
13;58400;INTARIAN_PEPPER_ROOT;26049;11;;;;;26062;10;;;;;26056.0;0.0
13;58500;ASH_COATED_OSMIUM;9992;12;9989;10;;;10008;12;10010;14;;;10000.5;0.0
13;58500;INTARIAN_PEPPER_ROOT;26052;10;;;;;26064;6;;;;;26058.0;0.0
13;58600;ASH_COATED_OSMIUM;9987;24;;;;;10003;11;;;;;9995.5;0.0
13;58600;INTARIAN_PEPPER_ROOT;26051;10;26049;10;;;26063;12;26066;17;;;26057.0;0.0
13;58700;ASH_COATED_OSMIUM;9992;10;9990;15;9988;6;10008;12;10009;15;10011;15;10000.5;0.0
13;58700;INTARIAN_PEPPER_ROOT;26051;12;26049;10;26048;11;26065;11;26066;12;26067;9;26058.0;0.0
13;58800;ASH_COATED_OSMIUM;9992;11;9990;11;9989;11;10008;10;10011;10;10013;12;10000.5;0.0
13;58800;INTARIAN_PEPPER_ROOT;26051;22;26048;10;;;26064;12;26065;10;;;26057.5;0.0
13;58900;ASH_COATED_OSMIUM;9992;12;9989;12;;;10008;15;10009;30;;;10000.0;0.0
13;58900;INTARIAN_PEPPER_ROOT;26053;9;26052;19;;;26065;11;26066;10;;;26059.5;0.0
13;59000;ASH_COATED_OSMIUM;9992;11;9991;14;;;10008;26;10009;14;;;10000.0;0.0
13;59000;INTARIAN_PEPPER_ROOT;26053;12;;;;;26066;9;;;;;26059.5;0.0
13;59100;ASH_COATED_OSMIUM;9986;13;9985;13;9983;10;10002;10;10003;12;10004;10;9994.0;0.0
13;59100;INTARIAN_PEPPER_ROOT;26053;8;;;;;26064;10;;;;;26058.5;0.0
13;59200;ASH_COATED_OSMIUM;9986;11;;;;;10002;10;;;;;9994.5;0.0
13;59200;INTARIAN_PEPPER_ROOT;26052;11;;;;;26069;10;;;;;26060.5;0.0
13;59300;ASH_COATED_OSMIUM;9985;21;9984;14;9982;10;10004;14;10005;22;10007;15;9994.5;0.0
13;59300;INTARIAN_PEPPER_ROOT;26052;12;26051;8;;;26064;11;26067;19;;;26058.0;0.0
13;59400;ASH_COATED_OSMIUM;9986;14;9983;24;;;10002;10;10004;14;;;9994.5;0.0
13;59400;INTARIAN_PEPPER_ROOT;26051;9;;;;;26064;8;;;;;26058.0;0.0
13;59500;ASH_COATED_OSMIUM;9986;29;;;;;10002;11;;;;;9994.5;0.0
13;59500;INTARIAN_PEPPER_ROOT;26061;9;26060;9;26058;23;26077;11;26079;10;26082;10;26069.5;0.0
13;59600;ASH_COATED_OSMIUM;9985;12;;;;;10004;28;;;;;9994.5;0.0
13;59600;INTARIAN_PEPPER_ROOT;26053;10;26051;10;26048;7;26065;11;26067;10;26070;21;26059.0;0.0
13;59700;ASH_COATED_OSMIUM;9991;11;;;;;10009;15;;;;;10000.0;0.0
13;59700;INTARIAN_PEPPER_ROOT;26052;11;26050;11;;;26064;11;26066;10;;;26058.5;0.0
13;59800;ASH_COATED_OSMIUM;9986;12;9985;12;;;10002;29;10004;11;;;9994.5;0.0
13;59800;INTARIAN_PEPPER_ROOT;26054;9;26052;8;;;26066;12;26069;9;;;26060.0;0.0
13;59900;ASH_COATED_OSMIUM;9992;5;9990;11;;;10008;13;10009;24;;;10000.0;0.0
13;59900;INTARIAN_PEPPER_ROOT;26054;11;26053;21;;;26066;11;26069;12;;;26060.0;0.0
13;60000;ASH_COATED_OSMIUM;9995;11;9993;20;9992;15;10004;20;10007;13;10008;12;10000.0;0.0
13;60000;INTARIAN_PEPPER_ROOT;26056;9;26054;11;26053;8;26070;10;26072;11;26073;10;26063.5;0.0
13;60100;ASH_COATED_OSMIUM;9987;13;;;;;10005;14;;;;;9996.5;0.0
13;60100;INTARIAN_PEPPER_ROOT;26058;8;26057;8;26054;12;26061;12;26063;10;26065;11;26060.0;0.0
13;60200;ASH_COATED_OSMIUM;9988;13;9986;10;;;10004;11;10006;11;;;9996.5;0.0
13;60200;INTARIAN_PEPPER_ROOT;26053;17;26051;23;;;26066;9;26069;9;;;26060.0;0.0
13;60300;ASH_COATED_OSMIUM;9988;14;9987;28;9984;12;10004;11;10007;10;10010;25;9996.5;0.0
13;60300;INTARIAN_PEPPER_ROOT;26054;7;26052;9;26050;8;26068;10;26070;9;26071;10;26061.5;0.0
13;60400;ASH_COATED_OSMIUM;9993;13;9991;12;9990;12;10009;12;10012;10;10013;13;10001.5;0.0
13;60400;INTARIAN_PEPPER_ROOT;26057;19;26055;9;;;26069;11;26071;8;;;26063.0;0.0
13;60500;ASH_COATED_OSMIUM;9988;11;9987;12;;;10004;12;10007;15;;;9996.5;0.0
13;60500;INTARIAN_PEPPER_ROOT;26058;24;;;;;26071;22;;;;;26064.5;0.0
13;60600;ASH_COATED_OSMIUM;9992;12;;;;;10011;11;;;;;10002.0;0.0
13;60600;INTARIAN_PEPPER_ROOT;26055;11;26053;16;;;26067;22;26068;8;;;26061.0;0.0
13;60700;ASH_COATED_OSMIUM;9986;30;9983;2;;;10005;10;10006;12;;;9995.5;0.0
13;60700;INTARIAN_PEPPER_ROOT;26054;11;26052;10;;;26066;8;26067;11;;;26060.5;0.0
13;60800;ASH_COATED_OSMIUM;9993;15;9990;12;;;10009;28;10011;30;;;10001.0;0.0
13;60800;INTARIAN_PEPPER_ROOT;26055;11;;;;;26068;9;;;;;26061.5;0.0
13;60900;ASH_COATED_OSMIUM;9993;11;9990;15;9987;11;10009;14;10010;20;10012;2;10001.0;0.0
13;60900;INTARIAN_PEPPER_ROOT;26056;9;;;;;26069;9;;;;;26062.5;0.0
13;61000;ASH_COATED_OSMIUM;9987;11;9986;10;;;10003;29;10006;15;;;9995.5;0.0
13;61000;INTARIAN_PEPPER_ROOT;26058;9;26056;8;;;26071;25;26073;8;;;26064.5;0.0
13;61100;ASH_COATED_OSMIUM;9993;14;9991;10;9989;14;10009;11;10012;13;10015;15;10001.5;0.0
13;61100;INTARIAN_PEPPER_ROOT;26054;3;26052;20;;;26066;10;26068;10;;;26060.5;0.0
13;61200;ASH_COATED_OSMIUM;9991;12;9988;26;;;10012;10;10013;15;;;10001.5;0.0
13;61200;INTARIAN_PEPPER_ROOT;26055;10;26053;6;;;26071;25;26074;8;;;26063.5;0.0
13;61300;ASH_COATED_OSMIUM;9991;12;9989;26;;;10001;10;10002;14;;;9996.0;0.0
13;61300;INTARIAN_PEPPER_ROOT;26055;10;26052;12;26049;10;26069;9;26071;11;26073;17;26062.5;0.0
13;61400;ASH_COATED_OSMIUM;9988;11;9987;15;9986;14;10004;11;10006;12;10008;14;9996.0;0.0
13;61400;INTARIAN_PEPPER_ROOT;26056;9;;;;;26068;7;;;;;26062.5;0.0
13;61500;ASH_COATED_OSMIUM;9991;15;9989;15;;;10010;15;10011;13;;;10001.0;0.0
13;61500;INTARIAN_PEPPER_ROOT;26056;17;26055;19;26053;8;26073;10;26075;9;26077;17;26064.5;0.0
13;61600;ASH_COATED_OSMIUM;9986;8;9983;11;;;10005;11;10006;10;;;9996.0;0.0
13;61600;INTARIAN_PEPPER_ROOT;26058;10;26055;8;26052;11;26069;10;26072;10;26075;10;26063.5;0.0
13;61700;ASH_COATED_OSMIUM;9993;15;9990;15;;;10009;15;10011;15;;;10001.5;0.0
13;61700;INTARIAN_PEPPER_ROOT;26054;8;;;;;26068;3;;;;;26061.5;0.0
13;61800;ASH_COATED_OSMIUM;9986;14;9983;15;;;10005;10;10006;11;;;9996.0;0.0
13;61800;INTARIAN_PEPPER_ROOT;26057;10;26054;8;26053;9;26062;12;26065;21;26066;12;26060.0;0.0
13;61900;ASH_COATED_OSMIUM;9988;12;;;;;10004;24;;;;;9996.0;0.0
13;61900;INTARIAN_PEPPER_ROOT;26057;10;26054;10;;;26069;11;26071;9;;;26063.0;0.0
13;62000;ASH_COATED_OSMIUM;9988;14;9985;11;;;10004;13;10005;14;;;9996.0;0.0
13;62000;INTARIAN_PEPPER_ROOT;26052;10;26049;15;26046;11;26066;10;26067;9;26068;16;26059.0;0.0
13;62100;ASH_COATED_OSMIUM;9992;10;9989;15;;;10008;29;10011;15;;;10000.5;0.0
13;62100;INTARIAN_PEPPER_ROOT;26060;8;26058;10;;;26068;9;26070;12;;;26064.5;0.0
13;62200;ASH_COATED_OSMIUM;9991;10;;;;;10010;27;;;;;10000.5;0.0
13;62200;INTARIAN_PEPPER_ROOT;26057;24;26055;12;26052;9;26070;10;26071;12;26074;9;26063.5;0.0
13;62300;ASH_COATED_OSMIUM;9987;4;9985;14;;;10003;14;10004;22;;;9995.0;0.0
13;62300;INTARIAN_PEPPER_ROOT;26057;10;26054;12;;;26071;11;26073;9;;;26064.5;0.0
13;62400;ASH_COATED_OSMIUM;9985;10;;;;;10006;24;;;;;9995.5;0.0
13;62400;INTARIAN_PEPPER_ROOT;26056;8;;;;;26069;23;;;;;26063.0;0.0
13;62500;ASH_COATED_OSMIUM;9987;12;9984;13;;;10003;11;10006;13;;;9995.0;0.0
13;62500;INTARIAN_PEPPER_ROOT;26056;21;26053;9;26051;8;26067;10;26069;9;26070;11;26061.5;0.0
13;62600;ASH_COATED_OSMIUM;9993;14;9990;12;;;10009;15;10012;15;;;10001.0;0.0
13;62600;INTARIAN_PEPPER_ROOT;26057;8;;;;;26068;12;;;;;26063.0;0.0
13;62700;ASH_COATED_OSMIUM;9991;14;9988;13;;;10010;12;10011;11;;;10000.5;0.0
13;62700;INTARIAN_PEPPER_ROOT;26055;8;26054;11;26052;8;26068;8;26069;12;26072;12;26062.0;0.0
13;62800;ASH_COATED_OSMIUM;9992;14;9990;15;;;10008;4;10011;27;;;10000.5;0.0
13;62800;INTARIAN_PEPPER_ROOT;26058;10;;;;;26070;3;;;;;26064.5;0.0
13;62900;ASH_COATED_OSMIUM;9987;15;9985;13;9983;12;10003;14;10005;14;10008;9;9995.5;0.0
13;62900;INTARIAN_PEPPER_ROOT;26055;23;26054;11;;;26070;8;26073;9;;;26062.5;0.0
13;63000;ASH_COATED_OSMIUM;9992;21;9991;4;;;10008;12;10011;28;;;10000.5;0.0
13;63000;INTARIAN_PEPPER_ROOT;26055;17;26054;10;26051;25;26068;9;26071;9;26072;9;26061.5;0.0
13;63100;ASH_COATED_OSMIUM;9992;14;9990;11;9988;27;10008;25;10009;14;10010;11;10000.5;0.0
13;63100;INTARIAN_PEPPER_ROOT;26055;19;26052;10;;;26069;18;26072;25;;;26062.0;0.0
13;63200;ASH_COATED_OSMIUM;9993;13;;;;;10009;11;;;;;10001.0;0.0
13;63200;INTARIAN_PEPPER_ROOT;26056;9;26054;9;26051;12;26071;8;26073;22;26074;10;26063.5;0.0
13;63300;ASH_COATED_OSMIUM;9988;15;9985;10;;;10004;11;10005;23;;;9996.0;0.0
13;63300;INTARIAN_PEPPER_ROOT;26054;11;26052;9;26050;12;26067;11;26070;8;26073;25;26061.0;0.0
13;63400;ASH_COATED_OSMIUM;9988;15;9985;13;9983;10;10004;13;10005;13;10008;11;9996.5;0.0
13;63400;INTARIAN_PEPPER_ROOT;26053;15;26051;25;26048;9;26069;12;26071;12;26072;8;26061.5;0.0
13;63500;ASH_COATED_OSMIUM;9994;11;9991;10;9988;15;10010;13;10013;14;10015;13;10002.0;0.0
13;63500;INTARIAN_PEPPER_ROOT;26055;12;;;;;26068;11;;;;;26061.5;0.0
13;63600;ASH_COATED_OSMIUM;9989;25;9987;20;;;10005;25;10008;13;;;9997.5;0.0
13;63600;INTARIAN_PEPPER_ROOT;26053;12;;;;;26065;12;;;;;26059.5;0.0
13;63700;ASH_COATED_OSMIUM;9994;24;;;;;10010;11;;;;;10002.0;0.0
13;63700;INTARIAN_PEPPER_ROOT;26054;20;26051;16;26050;12;26070;9;26071;9;26072;9;26062.5;0.0
13;63800;ASH_COATED_OSMIUM;9993;11;;;;;10011;14;;;;;10002.0;0.0
13;63800;INTARIAN_PEPPER_ROOT;26057;12;;;;;26072;11;;;;;26064.5;0.0
