day;timestamp;product;bid_price_1;bid_volume_1;bid_price_2;bid_volume_2;bid_price_3;bid_volume_3;ask_price_1;ask_volume_1;ask_price_2;ask_volume_2;ask_price_3;ask_volume_3;mid_price;profit_and_loss
48;0;ASH_COATED_OSMIUM;10010;11;10007;11;10004;12;10019;10;10022;10;10024;11;10015.0;0.0
48;0;INTARIAN_PEPPER_ROOT;60993;10;60992;9;60990;10;61009;8;61010;24;61012;11;61001.0;0.0
48;100;ASH_COATED_OSMIUM;9998;10;;;;;10017;11;;;;;10008.0;0.0
48;100;INTARIAN_PEPPER_ROOT;60992;12;60991;12;;;61003;8;61006;11;;;60997.5;0.0
48;200;ASH_COATED_OSMIUM;9994;10;9993;15;9991;10;10012;11;10013;10;10015;24;10003.5;0.0
48;200;INTARIAN_PEPPER_ROOT;60989;12;;;;;61004;8;;;;;60997.0;0.0
48;300;ASH_COATED_OSMIUM;10001;20;;;;;10020;23;;;;;10011.0;0.0
48;300;INTARIAN_PEPPER_ROOT;60991;8;60990;10;60988;9;61004;12;61006;20;61009;8;60997.5;0.0
48;400;ASH_COATED_OSMIUM;9993;10;9991;14;9988;14;10009;11;10011;14;10012;13;10001.5;0.0
48;400;INTARIAN_PEPPER_ROOT;60990;9;60989;10;60988;12;61006;10;61007;12;61009;9;60998.0;0.0
48;500;ASH_COATED_OSMIUM;9991;15;;;;;10007;15;;;;;9999.5;0.0
48;500;INTARIAN_PEPPER_ROOT;60995;9;;;;;61008;12;;;;;61001.5;0.0
48;600;ASH_COATED_OSMIUM;10001;26;9999;13;;;10008;14;10011;5;;;10005.0;0.0
48;600;INTARIAN_PEPPER_ROOT;60994;12;;;;;61008;11;;;;;61001.0;0.0
48;700;ASH_COATED_OSMIUM;9996;10;9993;12;;;10012;15;10014;11;;;10004.0;0.0
48;700;INTARIAN_PEPPER_ROOT;60998;8;60996;9;;;61009;9;61011;12;;;61004.0;0.0
48;800;ASH_COATED_OSMIUM;9987;12;9984;15;;;10003;3;10005;15;;;9995.5;0.0
48;800;INTARIAN_PEPPER_ROOT;60992;9;60990;25;60989;11;61005;12;61006;12;61008;12;60999.0;0.0
48;900;ASH_COATED_OSMIUM;9988;10;9986;30;;;10007;12;10008;11;;;9997.5;0.0
48;900;INTARIAN_PEPPER_ROOT;60994;23;60992;8;;;61007;10;61010;19;;;61000.5;0.0
48;1000;ASH_COATED_OSMIUM;9993;11;;;;;9999;14;;;;;9996.5;0.0
48;1000;INTARIAN_PEPPER_ROOT;61004;12;;;;;61007;16;;;;;61005.5;0.0
48;1100;ASH_COATED_OSMIUM;9986;13;9983;11;;;10002;10;10004;11;;;9994.0;0.0
48;1100;INTARIAN_PEPPER_ROOT;60996;9;60993;11;60990;11;61004;8;61006;8;61008;12;61000.5;0.0
48;1200;ASH_COATED_OSMIUM;9986;27;;;;;10004;12;;;;;9995.5;0.0
48;1200;INTARIAN_PEPPER_ROOT;60990;22;60988;9;;;61001;9;61003;24;;;60996.0;0.0
48;1300;ASH_COATED_OSMIUM;9997;21;;;;;10013;11;;;;;10005.0;0.0
48;1300;INTARIAN_PEPPER_ROOT;60999;12;60998;8;;;61012;16;61014;12;;;61005.5;0.0
48;1400;ASH_COATED_OSMIUM;9992;12;9989;13;;;10003;13;10005;14;;;9998.0;0.0
48;1400;INTARIAN_PEPPER_ROOT;60997;10;60996;11;60994;9;61011;10;61013;12;61015;11;61004.0;0.0
48;1500;ASH_COATED_OSMIUM;9993;15;;;;;10009;13;;;;;10001.5;0.0
48;1500;INTARIAN_PEPPER_ROOT;60996;22;60995;10;;;61010;9;61011;9;;;61003.5;0.0
48;1600;ASH_COATED_OSMIUM;9992;11;;;;;10008;11;;;;;10000.5;0.0
48;1600;INTARIAN_PEPPER_ROOT;60995;22;60994;10;;;61008;9;61009;10;;;61001.5;0.0
48;1700;ASH_COATED_OSMIUM;9993;25;;;;;10002;12;;;;;9998.0;0.0
48;1700;INTARIAN_PEPPER_ROOT;60995;11;60992;8;;;61011;24;61013;12;;;61003.5;0.0
48;1800;ASH_COATED_OSMIUM;9985;12;9984;25;9983;14;10001;21;10004;26;10006;15;9993.5;0.0
48;1800;INTARIAN_PEPPER_ROOT;60995;9;60993;12;;;61003;9;61006;11;;;60999.5;0.0
48;1900;ASH_COATED_OSMIUM;9985;10;;;;;10001;15;;;;;9993.0;0.0
48;1900;INTARIAN_PEPPER_ROOT;60996;12;60993;20;;;61007;9;61010;8;;;61001.5;0.0
48;2000;ASH_COATED_OSMIUM;9988;13;9987;10;;;10004;12;10007;20;;;9996.0;0.0
48;2000;INTARIAN_PEPPER_ROOT;60997;9;60996;8;;;61008;11;61009;12;;;61003.0;0.0
48;2100;ASH_COATED_OSMIUM;9991;12;;;;;10007;13;;;;;9999.5;0.0
48;2100;INTARIAN_PEPPER_ROOT;60997;8;;;;;61010;8;;;;;61004.0;0.0
48;2200;ASH_COATED_OSMIUM;9986;15;9983;14;;;10004;11;10007;15;;;9995.0;0.0
48;2200;INTARIAN_PEPPER_ROOT;60996;16;;;;;61011;10;;;;;61003.5;0.0
48;2300;ASH_COATED_OSMIUM;9981;15;;;;;9997;11;;;;;9989.5;0.0
48;2300;INTARIAN_PEPPER_ROOT;60994;25;60992;11;;;61006;9;61007;8;;;61000.0;0.0
48;2400;ASH_COATED_OSMIUM;9981;4;9978;20;;;9997;11;9999;22;;;9989.0;0.0
48;2400;INTARIAN_PEPPER_ROOT;60992;12;60990;12;60987;11;61005;12;61008;9;61011;8;60999.0;0.0
48;2500;ASH_COATED_OSMIUM;9987;14;9985;13;;;10003;5;10006;22;;;9995.5;0.0
48;2500;INTARIAN_PEPPER_ROOT;61000;11;;;;;61008;12;;;;;61004.5;0.0
48;2600;ASH_COATED_OSMIUM;9998;15;9997;10;;;10014;2;10015;10;;;10006.5;0.0
48;2600;INTARIAN_PEPPER_ROOT;60997;9;;;;;61010;10;;;;;61004.0;0.0
48;2700;ASH_COATED_OSMIUM;9995;13;9993;10;;;10011;13;10013;14;;;10003.5;0.0
48;2700;INTARIAN_PEPPER_ROOT;60994;12;;;;;61007;10;;;;;61001.0;0.0
48;2800;ASH_COATED_OSMIUM;9994;15;;;;;10010;11;;;;;10002.0;0.0
48;2800;INTARIAN_PEPPER_ROOT;60997;9;;;;;60999;9;;;;;60998.0;0.0
48;2900;ASH_COATED_OSMIUM;9991;15;9990;15;9989;15;10010;14;10013;27;10016;20;10000.5;0.0
48;2900;INTARIAN_PEPPER_ROOT;60992;11;60990;10;60988;8;61011;11;61013;7;61015;21;61001.5;0.0
48;3000;ASH_COATED_OSMIUM;9993;14;;;;;10003;22;;;;;9998.0;0.0
48;3000;INTARIAN_PEPPER_ROOT;61000;18;60998;15;60995;11;61012;9;61013;11;61015;10;61006.5;0.0
48;3100;ASH_COATED_OSMIUM;9992;14;9990;13;;;10008;5;10009;10;;;10000.0;0.0
48;3100;INTARIAN_PEPPER_ROOT;60996;12;;;;;61007;19;;;;;61001.5;0.0
48;3200;ASH_COATED_OSMIUM;9998;12;;;;;10014;14;;;;;10006.5;0.0
48;3200;INTARIAN_PEPPER_ROOT;61001;11;60999;9;60997;8;61015;9;61016;11;61019;12;61008.0;0.0
48;3300;ASH_COATED_OSMIUM;9998;13;9996;13;;;10014;10;10016;12;;;10006.0;0.0
48;3300;INTARIAN_PEPPER_ROOT;60995;12;60992;11;60990;12;61008;11;61010;8;61012;15;61002.0;0.0
48;3400;ASH_COATED_OSMIUM;9994;29;9993;21;;;10010;15;10012;13;;;10002.5;0.0
48;3400;INTARIAN_PEPPER_ROOT;60995;15;60993;10;60990;9;61008;9;61010;10;61011;23;61002.0;0.0
48;3500;ASH_COATED_OSMIUM;9991;13;9990;20;9989;15;10010;11;10012;15;10013;21;10001.0;0.0
48;3500;INTARIAN_PEPPER_ROOT;60997;12;60994;11;60992;11;61011;24;61013;11;61015;12;61004.0;0.0
48;3600;ASH_COATED_OSMIUM;9994;30;;;;;10012;12;;;;;10003.0;0.0
48;3600;INTARIAN_PEPPER_ROOT;60999;8;;;;;61012;16;;;;;61005.5;0.0
48;3700;ASH_COATED_OSMIUM;9993;10;;;;;10009;13;;;;;10001.5;0.0
48;3700;INTARIAN_PEPPER_ROOT;60995;10;;;;;61011;8;;;;;61003.5;0.0
48;3800;ASH_COATED_OSMIUM;9992;15;9989;11;;;10008;13;10009;13;;;10000.5;0.0
48;3800;INTARIAN_PEPPER_ROOT;60994;8;60991;12;;;61010;11;61011;8;;;61002.5;0.0
48;3900;ASH_COATED_OSMIUM;9991;13;9990;10;;;10007;10;10008;28;;;9999.5;0.0
48;3900;INTARIAN_PEPPER_ROOT;61000;8;;;;;61014;7;;;;;61007.0;0.0
48;4000;ASH_COATED_OSMIUM;9996;10;9995;14;;;10012;10;10014;21;;;10004.5;0.0
48;4000;INTARIAN_PEPPER_ROOT;60996;22;60993;11;60992;12;61009;9;61011;11;61012;11;61003.0;0.0
48;4100;ASH_COATED_OSMIUM;9994;8;9992;14;;;10013;15;10015;14;;;10003.5;0.0
48;4100;INTARIAN_PEPPER_ROOT;60999;9;;;;;61010;9;;;;;61004.5;0.0
48;4200;ASH_COATED_OSMIUM;9989;12;9988;14;;;10008;27;10010;12;;;9999.0;0.0
48;4200;INTARIAN_PEPPER_ROOT;60997;12;60995;12;60994;9;61013;12;61014;11;61015;25;61005.0;0.0
48;4300;ASH_COATED_OSMIUM;9996;13;9994;15;;;10015;10;10017;15;;;10005.5;0.0
48;4300;INTARIAN_PEPPER_ROOT;60998;10;;;;;61009;10;;;;;61004.0;0.0
48;4400;ASH_COATED_OSMIUM;9996;10;9993;14;;;10012;13;10015;13;;;10004.0;0.0
48;4400;INTARIAN_PEPPER_ROOT;61000;8;60999;11;;;61012;12;61015;11;;;61006.5;0.0
48;4500;ASH_COATED_OSMIUM;9994;12;;;;;10012;14;;;;;10003.5;0.0
48;4500;INTARIAN_PEPPER_ROOT;61001;10;;;;;61013;12;;;;;61007.5;0.0
48;4600;ASH_COATED_OSMIUM;9989;14;9988;15;;;10005;15;10007;25;;;9997.5;0.0
48;4600;INTARIAN_PEPPER_ROOT;60997;12;;;;;61010;11;;;;;61004.0;0.0
48;4700;ASH_COATED_OSMIUM;9991;11;9989;28;;;10007;22;10008;26;;;9999.5;0.0
48;4700;INTARIAN_PEPPER_ROOT;61000;8;60999;8;60998;9;61013;9;61015;10;61016;10;61007.0;0.0
48;4800;ASH_COATED_OSMIUM;9994;22;9991;12;;;10012;30;10013;13;;;10003.5;0.0
48;4800;INTARIAN_PEPPER_ROOT;61000;12;60997;22;;;61012;10;61014;12;;;61006.5;0.0
48;4900;ASH_COATED_OSMIUM;9998;15;9996;28;;;10017;11;10019;10;;;10008.0;0.0
48;4900;INTARIAN_PEPPER_ROOT;61001;15;60999;11;60996;11;61012;12;61015;8;61016;12;61007.0;0.0
48;5000;ASH_COATED_OSMIUM;9995;28;9994;26;;;10013;11;10014;12;;;10004.5;0.0
48;5000;INTARIAN_PEPPER_ROOT;60995;10;;;;;61008;17;;;;;61002.0;0.0
48;5100;ASH_COATED_OSMIUM;9997;15;;;;;10013;15;;;;;10005.0;0.0
48;5100;INTARIAN_PEPPER_ROOT;61000;24;60997;12;;;61013;12;61016;24;;;61007.0;0.0
48;5200;ASH_COATED_OSMIUM;9991;11;;;;;10007;15;;;;;9999.0;0.0
48;5200;INTARIAN_PEPPER_ROOT;60999;8;60996;8;;;61013;12;61015;8;;;61006.5;0.0
48;5300;ASH_COATED_OSMIUM;9987;15;9985;14;9982;13;10003;13;10005;12;10007;14;9995.5;0.0
48;5300;INTARIAN_PEPPER_ROOT;60997;10;;;;;61010;11;;;;;61003.5;0.0
48;5400;ASH_COATED_OSMIUM;9990;21;9988;22;;;10006;29;10007;11;;;9998.0;0.0
48;5400;INTARIAN_PEPPER_ROOT;60996;12;60994;8;60992;12;61010;10;61013;11;61016;8;61003.5;0.0
48;5500;ASH_COATED_OSMIUM;9984;30;;;;;10000;15;;;;;9992.0;0.0
48;5500;INTARIAN_PEPPER_ROOT;60999;8;;;;;61013;23;;;;;61006.0;0.0
48;5600;ASH_COATED_OSMIUM;9978;2;;;;;9994;13;;;;;9986.5;0.0
48;5600;INTARIAN_PEPPER_ROOT;60999;8;60997;9;60995;17;61011;11;61012;8;61014;11;61005.0;0.0
48;5700;ASH_COATED_OSMIUM;9981;3;;;;;9997;10;;;;;9989.5;0.0
48;5700;INTARIAN_PEPPER_ROOT;60999;21;60997;21;;;61011;10;61014;24;;;61005.5;0.0
48;5800;ASH_COATED_OSMIUM;9979;13;9978;12;;;9997;15;10000;22;;;9988.5;0.0
48;5800;INTARIAN_PEPPER_ROOT;60997;10;60996;8;;;61009;23;61011;21;;;61003.5;0.0
48;5900;ASH_COATED_OSMIUM;9986;13;9985;11;9983;15;10002;13;10003;6;10005;12;9994.5;0.0
48;5900;INTARIAN_PEPPER_ROOT;61000;22;;;;;61013;12;;;;;61006.5;0.0
48;6000;ASH_COATED_OSMIUM;9988;10;9985;13;9983;12;10004;15;10005;10;10008;27;9996.0;0.0
48;6000;INTARIAN_PEPPER_ROOT;61001;9;61000;12;;;61016;24;61017;9;;;61009.0;0.0
48;6100;ASH_COATED_OSMIUM;9986;11;;;;;10005;15;;;;;9996.0;0.0
48;6100;INTARIAN_PEPPER_ROOT;60999;8;60996;8;60994;11;61012;11;61014;9;61016;20;61005.5;0.0
48;6200;ASH_COATED_OSMIUM;9980;11;;;;;9998;12;;;;;9989.0;0.0
48;6200;INTARIAN_PEPPER_ROOT;61002;11;60999;8;60998;12;61015;11;61016;12;61017;10;61009.0;0.0
48;6300;ASH_COATED_OSMIUM;9984;22;;;;;10000;10;;;;;9992.0;0.0
48;6300;INTARIAN_PEPPER_ROOT;61001;9;60998;10;;;61015;17;61016;11;;;61008.5;0.0
48;6400;ASH_COATED_OSMIUM;9990;15;9988;26;9985;27;10006;12;10009;13;10010;14;9998.5;0.0
48;6400;INTARIAN_PEPPER_ROOT;60998;9;60997;8;60995;12;61016;25;61018;11;61020;21;61007.5;0.0
48;6500;ASH_COATED_OSMIUM;9985;14;9984;30;9981;15;10006;12;10009;11;10012;14;9996.0;0.0
48;6500;INTARIAN_PEPPER_ROOT;61001;12;60999;21;60998;10;61013;9;61015;15;61017;9;61007.5;0.0
48;6600;ASH_COATED_OSMIUM;9986;14;9985;12;;;10002;10;10004;15;;;9994.5;0.0
48;6600;INTARIAN_PEPPER_ROOT;61000;8;60998;10;60995;11;61014;12;61017;12;61020;8;61007.0;0.0
48;6700;ASH_COATED_OSMIUM;9987;5;;;;;9998;29;;;;;9993.0;0.0
48;6700;INTARIAN_PEPPER_ROOT;61003;17;61001;8;60999;10;61016;9;61017;6;61020;10;61010.0;0.0
48;6800;ASH_COATED_OSMIUM;9987;11;9985;10;;;10000;10;10001;15;;;9993.5;0.0
48;6800;INTARIAN_PEPPER_ROOT;61000;19;;;;;61013;19;;;;;61007.0;0.0
48;6900;ASH_COATED_OSMIUM;9988;11;9987;5;;;10006;13;10008;10;;;9997.5;0.0
48;6900;INTARIAN_PEPPER_ROOT;60999;8;60996;10;;;61012;25;61015;11;;;61006.0;0.0
48;7000;ASH_COATED_OSMIUM;9987;12;9986;27;9984;13;10003;13;10004;15;10007;15;9995.0;0.0
48;7000;INTARIAN_PEPPER_ROOT;61002;9;60999;12;60997;9;61015;8;61018;9;61021;9;61008.5;0.0
48;7100;ASH_COATED_OSMIUM;9989;13;;;;;10005;12;;;;;9997.5;0.0
48;7100;INTARIAN_PEPPER_ROOT;61000;12;60998;11;;;61014;10;61015;10;;;61007.5;0.0
48;7200;ASH_COATED_OSMIUM;9988;12;;;;;10004;15;;;;;9996.5;0.0
48;7200;INTARIAN_PEPPER_ROOT;61002;12;60999;8;60996;11;61015;10;61018;8;61021;8;61008.5;0.0
48;7300;ASH_COATED_OSMIUM;9989;23;9986;10;;;10005;13;10008;12;;;9997.0;0.0
48;7300;INTARIAN_PEPPER_ROOT;61001;11;60998;10;60995;24;61013;11;61015;8;61018;8;61007.0;0.0
48;7400;ASH_COATED_OSMIUM;9989;10;;;;;10005;15;;;;;9997.0;0.0
48;7400;INTARIAN_PEPPER_ROOT;61003;10;61000;11;60997;9;61015;9;61016;9;61017;12;61009.0;0.0
48;7500;ASH_COATED_OSMIUM;9987;27;9986;14;9983;11;10005;10;10008;15;10011;15;9996.0;0.0
48;7500;INTARIAN_PEPPER_ROOT;60999;11;60997;10;60995;19;61015;11;61017;8;61019;8;61007.0;0.0
48;7600;ASH_COATED_OSMIUM;9982;10;9981;12;;;10001;14;10004;14;;;9992.0;0.0
48;7600;INTARIAN_PEPPER_ROOT;61003;12;;;;;61015;12;;;;;61009.0;0.0
48;7700;ASH_COATED_OSMIUM;9986;10;9984;10;;;10002;15;10004;28;;;9994.5;0.0
48;7700;INTARIAN_PEPPER_ROOT;60998;11;60996;5;60993;8;61011;11;61012;8;61013;10;61005.0;0.0
48;7800;ASH_COATED_OSMIUM;9988;30;9985;27;9982;22;10004;26;10005;14;10006;30;9996.0;0.0
48;7800;INTARIAN_PEPPER_ROOT;61000;12;;;;;61012;11;;;;;61006.5;0.0
48;7900;ASH_COATED_OSMIUM;9981;11;;;;;10000;11;;;;;9990.5;0.0
48;7900;INTARIAN_PEPPER_ROOT;61004;11;61002;11;;;61017;24;61020;9;;;61011.0;0.0
48;8000;ASH_COATED_OSMIUM;9984;10;9982;15;9980;15;10000;13;10003;11;10006;14;9992.0;0.0
48;8000;INTARIAN_PEPPER_ROOT;61003;9;61002;9;;;61018;8;61019;11;;;61010.5;0.0
48;8100;ASH_COATED_OSMIUM;9985;10;9984;12;9981;13;10001;14;10002;14;10005;27;9993.0;0.0
48;8100;INTARIAN_PEPPER_ROOT;61002;8;;;;;61014;12;;;;;61008.5;0.0
48;8200;ASH_COATED_OSMIUM;9979;15;9977;14;;;9997;25;10000;12;;;9988.5;0.0
48;8200;INTARIAN_PEPPER_ROOT;61006;10;61005;6;;;61013;11;61016;10;;;61009.5;0.0
48;8300;ASH_COATED_OSMIUM;9989;13;9987;3;;;10005;14;10006;11;;;9997.0;0.0
48;8300;INTARIAN_PEPPER_ROOT;60999;9;60997;9;60995;10;61013;12;61016;11;61019;24;61006.5;0.0
48;8400;ASH_COATED_OSMIUM;9993;10;9991;14;;;10009;14;10012;2;;;10001.0;0.0
48;8400;INTARIAN_PEPPER_ROOT;61004;10;61002;9;61000;9;61017;8;61019;20;61021;8;61010.5;0.0
48;8500;ASH_COATED_OSMIUM;9988;10;9986;12;;;10004;12;10007;14;;;9996.5;0.0
48;8500;INTARIAN_PEPPER_ROOT;61004;12;61001;10;;;61015;20;61016;9;;;61009.5;0.0
48;8600;ASH_COATED_OSMIUM;9990;14;9987;4;9986;14;10006;11;10007;28;10010;13;9998.0;0.0
48;8600;INTARIAN_PEPPER_ROOT;61001;15;60998;8;60995;11;61018;8;61020;10;61022;10;61010.0;0.0
48;8700;ASH_COATED_OSMIUM;9988;13;;;;;10004;11;;;;;9996.0;0.0
48;8700;INTARIAN_PEPPER_ROOT;61000;10;60997;25;60996;20;61014;8;61017;15;61018;9;61007.5;0.0
48;8800;ASH_COATED_OSMIUM;9987;12;9985;13;;;10006;12;10007;14;;;9997.0;0.0
48;8800;INTARIAN_PEPPER_ROOT;61006;10;;;;;61014;20;;;;;61010.0;0.0
48;8900;ASH_COATED_OSMIUM;9990;12;9987;30;;;10006;13;10007;10;;;9998.5;0.0
48;8900;INTARIAN_PEPPER_ROOT;60996;8;60995;12;60992;7;61010;12;61012;10;61015;10;61003.5;0.0
48;9000;ASH_COATED_OSMIUM;9987;11;9985;14;;;10003;11;10004;15;;;9995.0;0.0
48;9000;INTARIAN_PEPPER_ROOT;61005;23;61003;9;;;61016;11;61018;11;;;61011.0;0.0
48;9100;ASH_COATED_OSMIUM;9986;11;9984;10;;;10002;12;10004;12;;;9994.0;0.0
48;9100;INTARIAN_PEPPER_ROOT;61003;8;61002;8;;;61016;9;61018;16;;;61010.0;0.0
48;9200;ASH_COATED_OSMIUM;9989;14;9986;15;9984;10;10005;26;10006;10;10009;13;9997.0;0.0
48;9200;INTARIAN_PEPPER_ROOT;61007;12;;;;;61021;10;;;;;61014.0;0.0
48;9300;ASH_COATED_OSMIUM;9989;3;9988;11;;;10007;12;10010;27;;;9998.0;0.0
48;9300;INTARIAN_PEPPER_ROOT;61001;10;60998;8;60995;9;61012;10;61015;10;61017;11;61006.5;0.0
48;9400;ASH_COATED_OSMIUM;9989;10;9988;11;;;10008;28;10010;30;;;9998.5;0.0
48;9400;INTARIAN_PEPPER_ROOT;61006;8;;;;;61021;10;;;;;61013.5;0.0
48;9500;ASH_COATED_OSMIUM;9994;11;;;;;10003;11;;;;;9999.0;0.0
48;9500;INTARIAN_PEPPER_ROOT;61000;20;60999;10;60997;9;61013;10;61015;9;61016;9;61006.5;0.0
48;9600;ASH_COATED_OSMIUM;9990;14;9988;11;9986;13;10009;12;10010;12;10011;13;10000.0;0.0
48;9600;INTARIAN_PEPPER_ROOT;61008;12;;;;;61016;15;;;;;61012.0;0.0
48;9700;ASH_COATED_OSMIUM;9993;11;;;;;10011;13;;;;;10002.5;0.0
48;9700;INTARIAN_PEPPER_ROOT;61000;8;60997;12;;;61012;8;61014;10;;;61006.0;0.0
48;9800;ASH_COATED_OSMIUM;9997;15;9994;14;9992;12;10013;12;10015;13;10017;14;10005.0;0.0
48;9800;INTARIAN_PEPPER_ROOT;61007;9;61005;8;61004;8;61018;9;61020;12;61021;12;61013.0;0.0
48;9900;ASH_COATED_OSMIUM;9994;11;9991;10;;;10013;14;10014;15;;;10004.0;0.0
48;9900;INTARIAN_PEPPER_ROOT;61003;8;61002;9;;;61016;8;61018;12;;;61010.0;0.0
48;10000;ASH_COATED_OSMIUM;10000;23;;;;;10016;14;;;;;10008.5;0.0
48;10000;INTARIAN_PEPPER_ROOT;61003;8;61001;20;;;61016;8;61019;12;;;61010.0;0.0
48;10100;ASH_COATED_OSMIUM;9994;24;9992;10;9989;15;10012;10;10015;11;10016;5;10003.0;0.0
48;10100;INTARIAN_PEPPER_ROOT;60999;8;60996;9;60993;18;61014;20;61016;12;61019;9;61006.5;0.0
48;10200;ASH_COATED_OSMIUM;9996;14;9993;12;9990;13;10012;13;10013;11;10014;12;10004.0;0.0
48;10200;INTARIAN_PEPPER_ROOT;61010;10;61008;10;;;61022;9;61023;11;;;61016.0;0.0
48;10300;ASH_COATED_OSMIUM;9999;10;9997;10;9996;14;10008;14;10009;15;10010;11;10004.0;0.0
48;10300;INTARIAN_PEPPER_ROOT;61002;9;;;;;61013;9;;;;;61008.0;0.0
48;10400;ASH_COATED_OSMIUM;9994;12;9991;10;;;10010;15;10013;23;;;10002.5;0.0
48;10400;INTARIAN_PEPPER_ROOT;61004;8;61001;9;;;61021;10;61022;25;;;61013.0;0.0
48;10500;ASH_COATED_OSMIUM;9991;11;9990;11;;;10009;10;10010;13;;;10000.0;0.0
48;10500;INTARIAN_PEPPER_ROOT;61005;9;61003;10;;;61021;8;61024;10;;;61013.5;0.0
48;10600;ASH_COATED_OSMIUM;9990;3;9988;10;;;10009;12;10010;23;;;9999.5;0.0
48;10600;INTARIAN_PEPPER_ROOT;61005;12;61002;11;;;61017;8;61020;23;;;61011.5;0.0
48;10700;ASH_COATED_OSMIUM;9989;11;9986;15;9983;13;10005;14;10008;10;10011;12;9997.0;0.0
48;10700;INTARIAN_PEPPER_ROOT;61003;9;;;;;61019;11;;;;;61011.5;0.0
48;10800;ASH_COATED_OSMIUM;9989;10;9986;25;;;10007;14;10008;11;;;9998.0;0.0
48;10800;INTARIAN_PEPPER_ROOT;61004;11;61001;3;;;61019;10;61021;8;;;61011.5;0.0
48;10900;ASH_COATED_OSMIUM;9990;5;;;;;10008;11;;;;;9999.5;0.0
48;10900;INTARIAN_PEPPER_ROOT;61001;20;60998;22;60997;8;61013;19;61014;6;61017;9;61007.0;0.0
48;11000;ASH_COATED_OSMIUM;9993;11;9990;27;9989;13;10009;10;10011;15;10014;10;10001.0;0.0
48;11000;INTARIAN_PEPPER_ROOT;61000;11;60999;9;;;61013;11;61016;8;;;61007.0;0.0
48;11100;ASH_COATED_OSMIUM;9996;25;9994;28;;;10012;12;10015;13;;;10004.0;0.0
48;11100;INTARIAN_PEPPER_ROOT;61004;12;61003;5;61000;15;61015;12;61016;24;61019;8;61009.5;0.0
48;11200;ASH_COATED_OSMIUM;9995;13;9993;11;;;10013;10;10016;10;;;10004.5;0.0
48;11200;INTARIAN_PEPPER_ROOT;61006;11;61005;12;;;61020;9;61021;9;;;61013.0;0.0
48;11300;ASH_COATED_OSMIUM;10001;12;9999;4;;;10017;14;10018;10;;;10009.0;0.0
48;11300;INTARIAN_PEPPER_ROOT;61002;22;61001;9;;;61016;12;61018;12;;;61009.0;0.0
48;11400;ASH_COATED_OSMIUM;9999;28;9998;10;9995;13;10015;14;10018;11;10019;29;10007.5;0.0
48;11400;INTARIAN_PEPPER_ROOT;61002;8;60999;25;;;61019;12;61020;12;;;61011.0;0.0
48;11500;ASH_COATED_OSMIUM;9997;11;9995;23;9992;15;10013;23;10016;20;10019;10;10005.5;0.0
48;11500;INTARIAN_PEPPER_ROOT;61004;9;;;;;61019;9;;;;;61012.0;0.0
48;11600;ASH_COATED_OSMIUM;9996;13;;;;;10012;12;;;;;10004.0;0.0
48;11600;INTARIAN_PEPPER_ROOT;61007;8;61006;12;;;61019;8;61021;9;;;61013.0;0.0
48;11700;ASH_COATED_OSMIUM;9989;11;;;;;10005;28;;;;;9997.0;0.0
48;11700;INTARIAN_PEPPER_ROOT;61005;6;;;;;61017;20;;;;;61011.5;0.0
48;11800;ASH_COATED_OSMIUM;9983;28;9981;13;;;10001;14;10002;13;;;9992.0;0.0
48;11800;INTARIAN_PEPPER_ROOT;61008;9;61007;11;61005;12;61020;10;61021;21;61023;8;61014.5;0.0
48;11900;ASH_COATED_OSMIUM;9993;13;9991;13;;;10009;11;10011;15;;;10001.0;0.0
48;11900;INTARIAN_PEPPER_ROOT;61008;3;;;;;61021;12;;;;;61014.5;0.0
48;12000;ASH_COATED_OSMIUM;9994;14;9993;15;9991;10;10010;13;10013;30;10015;14;10002.0;0.0
48;12000;INTARIAN_PEPPER_ROOT;61009;8;;;;;61021;8;;;;;61015.0;0.0
48;12100;ASH_COATED_OSMIUM;10000;24;9997;13;;;10016;30;10018;13;;;10008.5;0.0
48;12100;INTARIAN_PEPPER_ROOT;61003;10;61002;12;61000;9;61017;17;61018;10;61019;8;61010.5;0.0
48;12200;ASH_COATED_OSMIUM;9995;14;9992;12;;;10011;10;10012;14;;;10003.5;0.0
48;12200;INTARIAN_PEPPER_ROOT;61006;12;61003;12;61002;9;61018;11;61019;21;61020;16;61012.0;0.0
48;12300;ASH_COATED_OSMIUM;9993;27;9991;30;;;10003;28;10005;14;;;9998.5;0.0
48;12300;INTARIAN_PEPPER_ROOT;61011;11;61010;6;61009;11;61023;9;61026;11;61027;8;61017.5;0.0
48;12400;ASH_COATED_OSMIUM;9996;24;;;;;10007;24;;;;;10001.5;0.0
48;12400;INTARIAN_PEPPER_ROOT;61002;10;60999;22;;;61014;12;61017;23;;;61008.0;0.0
48;12500;ASH_COATED_OSMIUM;9989;15;9986;10;;;10005;14;10008;15;;;9997.0;0.0
48;12500;INTARIAN_PEPPER_ROOT;61004;20;;;;;61020;11;;;;;61012.5;0.0
48;12600;ASH_COATED_OSMIUM;9992;11;9991;12;;;10008;11;10009;10;;;10000.5;0.0
48;12600;INTARIAN_PEPPER_ROOT;61006;11;61003;8;61001;11;61019;11;61020;11;61021;12;61013.0;0.0
48;12700;ASH_COATED_OSMIUM;9990;14;;;;;10006;12;;;;;9998.0;0.0
48;12700;INTARIAN_PEPPER_ROOT;61003;12;;;;;61018;10;;;;;61010.5;0.0
48;12800;ASH_COATED_OSMIUM;9991;13;9989;29;;;10001;14;10004;14;;;9996.5;0.0
48;12800;INTARIAN_PEPPER_ROOT;61007;10;61006;12;61003;11;61020;21;61023;8;61026;15;61014.0;0.0
48;12900;ASH_COATED_OSMIUM;9991;11;9989;11;;;10007;13;10009;14;;;9999.5;0.0
48;12900;INTARIAN_PEPPER_ROOT;61003;10;61002;12;61001;10;61018;18;61020;4;61022;11;61011.0;0.0
48;13000;ASH_COATED_OSMIUM;9987;13;9985;21;;;10005;21;10007;10;;;9996.0;0.0
48;13000;INTARIAN_PEPPER_ROOT;61007;18;;;;;61019;15;;;;;61013.0;0.0
48;13100;ASH_COATED_OSMIUM;9987;23;9985;11;9983;14;10003;12;10005;10;10006;14;9995.5;0.0
48;13100;INTARIAN_PEPPER_ROOT;61004;9;;;;;61019;9;;;;;61011.5;0.0
48;13200;ASH_COATED_OSMIUM;9990;13;9987;11;9986;10;10006;11;10007;14;10009;14;9998.5;0.0
48;13200;INTARIAN_PEPPER_ROOT;61004;8;61001;10;61000;23;61018;11;61019;20;61021;9;61011.5;0.0
48;13300;ASH_COATED_OSMIUM;9984;13;9983;20;9981;21;10002;12;10003;15;10006;27;9993.0;0.0
48;13300;INTARIAN_PEPPER_ROOT;61005;11;61002;9;;;61019;9;61022;8;;;61012.0;0.0
48;13400;ASH_COATED_OSMIUM;9994;10;9993;24;9990;10;10015;28;10017;2;10020;10;10004.5;0.0
48;13400;INTARIAN_PEPPER_ROOT;61004;11;61003;11;;;61021;12;61024;11;;;61013.0;0.0
48;13500;ASH_COATED_OSMIUM;9995;15;;;;;10011;10;;;;;10003.5;0.0
48;13500;INTARIAN_PEPPER_ROOT;61008;11;61005;11;61002;10;61021;10;61024;10;61027;19;61015.0;0.0
48;13600;ASH_COATED_OSMIUM;9997;20;9995;11;;;10013;13;10016;15;;;10005.5;0.0
48;13600;INTARIAN_PEPPER_ROOT;61009;10;61007;5;;;61021;10;61022;9;;;61015.5;0.0
48;13700;ASH_COATED_OSMIUM;9997;10;9994;30;9992;15;10013;15;10014;14;10015;4;10005.5;0.0
48;13700;INTARIAN_PEPPER_ROOT;61011;10;;;;;61023;12;;;;;61017.0;0.0
48;13800;ASH_COATED_OSMIUM;9994;23;;;;;10010;12;;;;;10002.5;0.0
48;13800;INTARIAN_PEPPER_ROOT;61010;17;;;;;61014;12;;;;;61012.5;0.0
48;13900;ASH_COATED_OSMIUM;9992;11;;;;;10011;11;;;;;10002.0;0.0
48;13900;INTARIAN_PEPPER_ROOT;61003;12;61001;11;;;61020;11;61023;8;;;61012.0;0.0
48;14000;ASH_COATED_OSMIUM;10001;11;;;;;10007;21;;;;;10004.5;0.0
48;14000;INTARIAN_PEPPER_ROOT;61007;18;;;;;61020;11;;;;;61014.0;0.0
48;14100;ASH_COATED_OSMIUM;9996;15;;;;;10012;13;;;;;10004.0;0.0
48;14100;INTARIAN_PEPPER_ROOT;61008;12;61006;19;61004;15;61019;12;61022;10;61024;12;61014.0;0.0
48;14200;ASH_COATED_OSMIUM;9988;12;;;;;10007;13;;;;;9998.0;0.0
48;14200;INTARIAN_PEPPER_ROOT;61009;9;61006;8;;;61020;11;61021;9;;;61014.5;0.0
48;14300;ASH_COATED_OSMIUM;9989;12;9987;12;9986;10;10005;30;10007;13;10008;14;9997.5;0.0
48;14300;INTARIAN_PEPPER_ROOT;61008;9;61006;8;;;61021;9;61023;12;;;61015.0;0.0
48;14400;ASH_COATED_OSMIUM;9988;15;9986;11;;;10004;20;10005;15;;;9996.0;0.0
48;14400;INTARIAN_PEPPER_ROOT;61007;11;61006;11;;;61024;9;61025;12;;;61015.5;0.0
48;14500;ASH_COATED_OSMIUM;9991;11;9990;12;9988;12;10007;15;10010;7;10012;10;9999.0;0.0
48;14500;INTARIAN_PEPPER_ROOT;61009;12;;;;;61023;8;;;;;61016.0;0.0
48;14600;ASH_COATED_OSMIUM;9991;10;9988;11;;;10010;14;10013;22;;;10001.0;0.0
48;14600;INTARIAN_PEPPER_ROOT;61007;11;61004;10;61003;18;61024;11;61025;9;61027;12;61015.5;0.0
48;14700;ASH_COATED_OSMIUM;9998;12;9997;12;;;10009;12;10012;27;;;10004.0;0.0
48;14700;INTARIAN_PEPPER_ROOT;61007;12;61006;21;;;61023;8;61026;8;;;61015.5;0.0
48;14800;ASH_COATED_OSMIUM;9994;12;9991;10;9988;12;10010;23;10011;10;10014;23;10002.0;0.0
48;14800;INTARIAN_PEPPER_ROOT;61007;11;61005;10;;;61020;8;61021;15;;;61013.5;0.0
48;14900;ASH_COATED_OSMIUM;9990;28;9987;12;9985;29;10006;9;10007;12;10010;12;9998.5;0.0
48;14900;INTARIAN_PEPPER_ROOT;61005;6;61004;19;61003;11;61019;10;61020;24;61023;9;61012.0;0.0
48;15000;ASH_COATED_OSMIUM;9988;11;9985;29;;;10004;15;10005;10;;;9996.5;0.0
48;15000;INTARIAN_PEPPER_ROOT;61008;10;61007;11;;;61020;11;61022;11;;;61014.5;0.0
48;15100;ASH_COATED_OSMIUM;9991;27;9988;11;;;10009;14;10011;11;;;10000.0;0.0
48;15100;INTARIAN_PEPPER_ROOT;61013;9;61010;11;;;61016;8;61017;16;;;61014.5;0.0
48;15200;ASH_COATED_OSMIUM;9998;11;;;;;10014;14;;;;;10006.5;0.0
48;15200;INTARIAN_PEPPER_ROOT;61008;10;;;;;61025;9;;;;;61017.0;0.0
48;15300;ASH_COATED_OSMIUM;9992;27;9991;12;;;10010;13;10012;14;;;10001.5;0.0
48;15300;INTARIAN_PEPPER_ROOT;61012;10;61009;10;;;61025;21;61028;12;;;61019.0;0.0
48;15400;ASH_COATED_OSMIUM;9991;28;9988;11;;;10007;12;10010;13;;;9999.5;0.0
48;15400;INTARIAN_PEPPER_ROOT;61007;18;61006;8;;;61021;25;61023;11;;;61014.5;0.0
48;15500;ASH_COATED_OSMIUM;9994;11;9991;14;;;10015;12;10017;10;;;10005.0;0.0
48;15500;INTARIAN_PEPPER_ROOT;61011;10;61010;9;;;61023;9;61024;12;;;61017.0;0.0
48;15600;ASH_COATED_OSMIUM;9996;15;9994;13;9992;13;10012;21;10013;13;10014;11;10004.5;0.0
48;15600;INTARIAN_PEPPER_ROOT;61010;8;61009;8;;;61021;10;61024;12;;;61015.5;0.0
48;15700;ASH_COATED_OSMIUM;9989;11;9986;14;;;10007;13;10008;14;;;9998.0;0.0
48;15700;INTARIAN_PEPPER_ROOT;61015;10;61013;8;;;61017;12;61018;8;;;61016.0;0.0
48;15800;ASH_COATED_OSMIUM;9987;13;;;;;10003;15;;;;;9995.5;0.0
48;15800;INTARIAN_PEPPER_ROOT;61006;20;61005;10;61003;11;61023;10;61026;10;61028;18;61014.5;0.0
48;15900;ASH_COATED_OSMIUM;9989;10;9986;15;;;10007;23;10010;13;;;9998.5;0.0
48;15900;INTARIAN_PEPPER_ROOT;61009;17;;;;;61023;17;;;;;61016.5;0.0
48;16000;ASH_COATED_OSMIUM;9986;14;9984;12;;;10002;24;10004;10;;;9994.5;0.0
48;16000;INTARIAN_PEPPER_ROOT;61010;8;;;;;61024;23;;;;;61017.5;0.0
48;16100;ASH_COATED_OSMIUM;9993;10;;;;;10003;12;;;;;9998.5;0.0
48;16100;INTARIAN_PEPPER_ROOT;61012;11;;;;;61026;10;;;;;61019.5;0.0
48;16200;ASH_COATED_OSMIUM;9992;13;;;;;10008;11;;;;;10000.5;0.0
48;16200;INTARIAN_PEPPER_ROOT;61009;19;61007;15;61006;12;61024;11;61026;11;61027;8;61017.0;0.0
48;16300;ASH_COATED_OSMIUM;9996;10;;;;;10012;11;;;;;10004.0;0.0
48;16300;INTARIAN_PEPPER_ROOT;61010;11;61007;11;;;61021;9;61023;12;;;61016.0;0.0
48;16400;ASH_COATED_OSMIUM;9996;5;9993;29;;;10012;15;10014;12;;;10004.5;0.0
48;16400;INTARIAN_PEPPER_ROOT;61006;10;;;;;61020;19;;;;;61013.5;0.0
48;16500;ASH_COATED_OSMIUM;9991;12;9988;27;;;10009;10;10012;12;;;10000.0;0.0
48;16500;INTARIAN_PEPPER_ROOT;61010;11;;;;;61026;11;;;;;61018.5;0.0
48;16600;ASH_COATED_OSMIUM;9993;27;;;;;10009;14;;;;;10001.0;0.0
48;16600;INTARIAN_PEPPER_ROOT;61012;9;61009;12;;;61024;9;61026;10;;;61018.0;0.0
48;16700;ASH_COATED_OSMIUM;9994;12;9991;13;9989;11;10011;15;10012;15;10013;11;10002.5;0.0
48;16700;INTARIAN_PEPPER_ROOT;61010;8;61008;8;61006;11;61022;10;61024;11;61026;12;61016.5;0.0
48;16800;ASH_COATED_OSMIUM;9999;15;9996;15;;;10015;21;10018;13;;;10007.0;0.0
48;16800;INTARIAN_PEPPER_ROOT;61018;11;;;;;61020;10;;;;;61019.5;0.0
48;16900;ASH_COATED_OSMIUM;9999;15;;;;;10009;15;;;;;10004.5;0.0
48;16900;INTARIAN_PEPPER_ROOT;61013;11;;;;;61024;8;;;;;61018.5;0.0
48;17000;ASH_COATED_OSMIUM;9996;13;9995;24;9993;6;10012;11;10013;15;10015;14;10004.5;0.0
48;17000;INTARIAN_PEPPER_ROOT;61020;16;61019;12;;;61023;11;61026;12;;;61022.0;0.0
48;17100;ASH_COATED_OSMIUM;9995;11;;;;;10011;13;;;;;10003.0;0.0
48;17100;INTARIAN_PEPPER_ROOT;61013;9;61010;8;61007;10;61022;9;61023;24;61025;10;61018.0;0.0
48;17200;ASH_COATED_OSMIUM;9997;14;9996;10;;;10013;15;10016;28;;;10005.0;0.0
48;17200;INTARIAN_PEPPER_ROOT;61014;22;61011;10;61008;12;61028;22;61030;11;61033;8;61021.5;0.0
48;17300;ASH_COATED_OSMIUM;9989;15;9986;15;9984;23;10008;15;10009;14;10010;13;9998.5;0.0
48;17300;INTARIAN_PEPPER_ROOT;61010;10;61009;9;;;61023;19;61026;8;;;61016.5;0.0
48;17400;ASH_COATED_OSMIUM;9991;11;9990;13;;;10007;26;10010;11;;;9999.0;0.0
48;17400;INTARIAN_PEPPER_ROOT;61012;15;;;;;61025;12;;;;;61018.5;0.0
48;17500;ASH_COATED_OSMIUM;9989;13;9988;15;;;9999;10;10000;15;;;9994.5;0.0
48;17500;INTARIAN_PEPPER_ROOT;61012;9;61009;11;;;61028;11;61031;10;;;61020.5;0.0
48;17600;ASH_COATED_OSMIUM;9987;14;9986;27;9984;10;10003;11;10004;11;10006;14;9995.0;0.0
48;17600;INTARIAN_PEPPER_ROOT;61015;20;;;;;61027;8;;;;;61021.0;0.0
48;17700;ASH_COATED_OSMIUM;9987;11;;;;;10002;26;;;;;9994.5;0.0
48;17700;INTARIAN_PEPPER_ROOT;61011;9;;;;;61023;20;;;;;61017.0;0.0
48;17800;ASH_COATED_OSMIUM;9988;13;9986;13;9985;15;10004;13;10006;15;10007;20;9996.0;0.0
48;17800;INTARIAN_PEPPER_ROOT;61006;12;61005;8;61003;11;61023;10;61024;9;61027;8;61015.0;0.0
48;17900;ASH_COATED_OSMIUM;9992;14;9989;15;;;10011;10;10012;22;;;10002.0;0.0
48;17900;INTARIAN_PEPPER_ROOT;61013;12;61010;8;;;61026;12;61027;9;;;61019.5;0.0
48;18000;ASH_COATED_OSMIUM;9994;15;;;;;10010;11;;;;;10002.0;0.0
48;18000;INTARIAN_PEPPER_ROOT;61011;11;61008;12;;;61023;11;61024;10;;;61017.0;0.0
48;18100;ASH_COATED_OSMIUM;9998;14;9995;21;;;10014;12;10016;13;;;10006.0;0.0
48;18100;INTARIAN_PEPPER_ROOT;61015;21;61012;9;;;61028;12;61030;11;;;61022.0;0.0
48;18200;ASH_COATED_OSMIUM;9991;13;;;;;10010;12;;;;;10000.5;0.0
48;18200;INTARIAN_PEPPER_ROOT;61009;10;;;;;61025;10;;;;;61017.0;0.0
48;18300;ASH_COATED_OSMIUM;9987;23;;;;;10006;14;;;;;9996.5;0.0
48;18300;INTARIAN_PEPPER_ROOT;61012;8;61011;11;;;61025;12;61026;9;;;61018.5;0.0
48;18400;ASH_COATED_OSMIUM;9991;11;9990;11;;;10007;14;10009;29;;;9999.0;0.0
48;18400;INTARIAN_PEPPER_ROOT;61012;11;61010;11;61008;8;61024;12;61027;8;61030;8;61018.0;0.0
48;18500;ASH_COATED_OSMIUM;10000;15;9999;15;;;10016;11;10019;27;;;10008.5;0.0
48;18500;INTARIAN_PEPPER_ROOT;61012;18;61010;8;61009;9;61025;20;61028;9;61031;9;61018.5;0.0
48;18600;ASH_COATED_OSMIUM;10001;12;10000;13;;;10019;13;10020;12;;;10010.5;0.0
48;18600;INTARIAN_PEPPER_ROOT;61013;9;61010;23;61008;18;61024;8;61026;8;61027;12;61019.0;0.0
48;18700;ASH_COATED_OSMIUM;10001;11;9998;11;;;10017;21;10019;11;;;10009.5;0.0
48;18700;INTARIAN_PEPPER_ROOT;61017;11;61016;11;61015;11;61020;17;61023;9;61025;19;61018.5;0.0
48;18800;ASH_COATED_OSMIUM;9995;15;9994;12;;;10011;14;10014;12;;;10003.0;0.0
48;18800;INTARIAN_PEPPER_ROOT;61013;9;;;;;61026;8;;;;;61019.5;0.0
48;18900;ASH_COATED_OSMIUM;9997;10;;;;;10013;26;;;;;10005.0;0.0
48;18900;INTARIAN_PEPPER_ROOT;61014;11;;;;;61025;11;;;;;61020.0;0.0
48;19000;ASH_COATED_OSMIUM;9994;12;9991;11;9990;13;10010;11;10011;13;10013;11;10002.0;0.0
48;19000;INTARIAN_PEPPER_ROOT;61011;12;61008;12;61006;11;61023;10;61026;9;61028;11;61017.0;0.0
48;19100;ASH_COATED_OSMIUM;9991;10;;;;;10007;12;;;;;9999.5;0.0
48;19100;INTARIAN_PEPPER_ROOT;61011;11;61009;12;;;61026;11;61028;12;;;61018.5;0.0
48;19200;ASH_COATED_OSMIUM;9993;13;9992;15;9990;12;10005;14;10006;27;10008;14;9999.5;0.0
48;19200;INTARIAN_PEPPER_ROOT;61009;8;61008;9;61007;11;61022;10;61024;9;61025;9;61016.0;0.0
48;19300;ASH_COATED_OSMIUM;9991;15;;;;;10000;24;;;;;9996.0;0.0
48;19300;INTARIAN_PEPPER_ROOT;61012;12;61011;11;;;61024;11;61026;17;;;61018.0;0.0
48;19400;ASH_COATED_OSMIUM;9988;15;9986;27;9985;13;10004;12;10005;13;10007;13;9996.0;0.0
48;19400;INTARIAN_PEPPER_ROOT;61013;22;61011;8;;;61025;11;61027;12;;;61019.5;0.0
48;19500;ASH_COATED_OSMIUM;9984;15;;;;;9991;14;;;;;9988.0;0.0
48;19500;INTARIAN_PEPPER_ROOT;61015;9;61012;8;;;61027;9;61030;10;;;61021.5;0.0
48;19600;ASH_COATED_OSMIUM;9977;14;;;;;9993;30;;;;;9985.5;0.0
48;19600;INTARIAN_PEPPER_ROOT;61021;17;61019;10;61017;11;61024;7;61027;19;61028;12;61022.5;0.0
48;19700;ASH_COATED_OSMIUM;9984;11;9981;10;9978;10;10000;12;10003;24;10005;14;9992.0;0.0
48;19700;INTARIAN_PEPPER_ROOT;61016;9;61014;9;;;61029;11;61030;9;;;61022.5;0.0
48;19800;ASH_COATED_OSMIUM;9984;14;9981;8;9979;20;10000;20;10003;14;10006;13;9992.0;0.0
48;19800;INTARIAN_PEPPER_ROOT;61017;9;61015;24;;;61031;17;61033;9;;;61024.0;0.0
48;19900;ASH_COATED_OSMIUM;9984;13;;;;;10000;24;;;;;9992.5;0.0
48;19900;INTARIAN_PEPPER_ROOT;61016;12;61015;12;;;61031;9;61032;11;;;61023.5;0.0
48;20000;ASH_COATED_OSMIUM;9994;15;9991;11;;;10013;23;10015;11;;;10004.0;0.0
48;20000;INTARIAN_PEPPER_ROOT;61013;11;61011;19;;;61030;9;61033;11;;;61022.0;0.0
48;20100;ASH_COATED_OSMIUM;9991;13;9990;15;;;10009;13;10012;12;;;10000.5;0.0
48;20100;INTARIAN_PEPPER_ROOT;61010;9;61009;12;61007;9;61024;4;61027;12;61028;8;61017.0;0.0
48;20200;ASH_COATED_OSMIUM;9997;14;;;;;10013;11;;;;;10005.0;0.0
48;20200;INTARIAN_PEPPER_ROOT;61009;22;61007;8;;;61022;12;61025;10;;;61016.0;0.0
48;20300;ASH_COATED_OSMIUM;9994;12;9993;11;9990;26;10012;10;10013;22;10014;12;10003.5;0.0
48;20300;INTARIAN_PEPPER_ROOT;61013;18;61011;20;61010;6;61025;25;61028;11;61030;10;61019.5;0.0
48;20400;ASH_COATED_OSMIUM;9992;14;9991;14;;;10008;15;10011;13;;;10000.0;0.0
48;20400;INTARIAN_PEPPER_ROOT;61015;11;61013;18;;;61026;22;61029;22;;;61020.5;0.0
48;20500;ASH_COATED_OSMIUM;9986;10;9983;13;;;10004;13;10007;12;;;9995.5;0.0
48;20500;INTARIAN_PEPPER_ROOT;61015;11;;;;;61031;8;;;;;61023.0;0.0
48;20600;ASH_COATED_OSMIUM;9992;12;9989;15;9987;12;10010;13;10011;15;10014;10;10001.0;0.0
48;20600;INTARIAN_PEPPER_ROOT;61015;10;61012;12;;;61026;9;61027;12;;;61020.5;0.0
48;20700;ASH_COATED_OSMIUM;9997;14;9996;13;;;10013;13;10016;24;;;10005.5;0.0
48;20700;INTARIAN_PEPPER_ROOT;61015;9;;;;;61031;8;;;;;61023.5;0.0
48;20800;ASH_COATED_OSMIUM;9997;12;9994;26;;;10013;15;10014;15;;;10005.5;0.0
48;20800;INTARIAN_PEPPER_ROOT;61010;8;61007;9;;;61027;9;61030;9;;;61018.5;0.0
48;20900;ASH_COATED_OSMIUM;9988;14;9986;10;9985;12;10004;22;10007;21;10009;20;9996.5;0.0
48;20900;INTARIAN_PEPPER_ROOT;61016;5;61013;9;;;61030;10;61032;8;;;61023.5;0.0
48;21000;ASH_COATED_OSMIUM;9986;14;;;;;10002;14;;;;;9994.0;0.0
48;21000;INTARIAN_PEPPER_ROOT;61015;12;;;;;61026;11;;;;;61020.5;0.0
48;21100;ASH_COATED_OSMIUM;9989;10;9988;10;;;10005;12;10007;25;;;9997.0;0.0
48;21100;INTARIAN_PEPPER_ROOT;61018;12;;;;;61026;3;;;;;61022.0;0.0
48;21200;ASH_COATED_OSMIUM;9984;12;9982;10;;;10000;13;10001;15;;;9992.5;0.0
48;21200;INTARIAN_PEPPER_ROOT;61012;8;61010;10;61007;10;61027;15;61030;9;61031;11;61020.0;0.0
48;21300;ASH_COATED_OSMIUM;9988;15;9985;11;;;10004;28;10006;11;;;9996.0;0.0
48;21300;INTARIAN_PEPPER_ROOT;61015;11;61013;9;;;61032;9;61035;11;;;61023.5;0.0
48;21400;ASH_COATED_OSMIUM;9987;12;9985;10;9982;13;10003;12;10006;27;10008;11;9995.0;0.0
48;21400;INTARIAN_PEPPER_ROOT;61016;9;61015;12;;;61029;12;61030;12;;;61023.0;0.0
48;21500;ASH_COATED_OSMIUM;9986;11;;;;;10002;14;;;;;9994.0;0.0
48;21500;INTARIAN_PEPPER_ROOT;61017;12;61015;9;;;61025;9;61028;10;;;61021.0;0.0
48;21600;ASH_COATED_OSMIUM;9989;13;9987;10;;;10005;14;10008;10;;;9997.0;0.0
48;21600;INTARIAN_PEPPER_ROOT;61015;8;61013;12;61012;11;61028;8;61029;9;61030;11;61022.0;0.0
48;21700;ASH_COATED_OSMIUM;9989;10;9987;11;9984;29;9998;13;9999;11;10001;13;9994.0;0.0
48;21700;INTARIAN_PEPPER_ROOT;61012;12;61009;12;;;61028;12;61031;8;;;61020.5;0.0
48;21800;ASH_COATED_OSMIUM;9986;25;9983;11;;;10002;21;10004;10;;;9994.5;0.0
48;21800;INTARIAN_PEPPER_ROOT;61014;9;;;;;61026;8;;;;;61020.0;0.0
48;21900;ASH_COATED_OSMIUM;9988;14;9985;15;;;10004;13;10005;25;;;9996.5;0.0
48;21900;INTARIAN_PEPPER_ROOT;61018;16;61015;9;61013;9;61030;9;61031;11;61034;11;61024.0;0.0
48;22000;ASH_COATED_OSMIUM;9992;14;9991;13;;;10008;11;10011;25;;;10000.5;0.0
48;22000;INTARIAN_PEPPER_ROOT;61018;24;61016;11;61015;19;61030;8;61032;9;61035;8;61024.5;0.0
48;22100;ASH_COATED_OSMIUM;9991;13;9988;14;9985;2;10009;13;10010;11;10012;29;10000.5;0.0
48;22100;INTARIAN_PEPPER_ROOT;61015;12;61014;9;61013;9;61029;16;61031;12;61033;11;61022.0;0.0
48;22200;ASH_COATED_OSMIUM;9992;13;9991;10;9989;15;10011;11;10014;14;10017;15;10001.5;0.0
48;22200;INTARIAN_PEPPER_ROOT;61015;23;61012;12;;;61027;16;61030;9;;;61021.5;0.0
48;22300;ASH_COATED_OSMIUM;9994;14;9993;10;;;10010;11;10012;13;;;10002.5;0.0
48;22300;INTARIAN_PEPPER_ROOT;61016;15;;;;;61028;21;;;;;61022.5;0.0
48;22400;ASH_COATED_OSMIUM;9991;13;9988;20;;;10007;14;10008;11;;;9999.5;0.0
48;22400;INTARIAN_PEPPER_ROOT;61014;12;61012;25;61010;7;61031;10;61034;9;61036;9;61022.5;0.0
48;22500;ASH_COATED_OSMIUM;9991;12;;;;;10010;14;;;;;10000.5;0.0
48;22500;INTARIAN_PEPPER_ROOT;61016;15;61014;17;;;61027;8;61028;8;;;61022.0;0.0
48;22600;ASH_COATED_OSMIUM;9990;14;9989;22;;;10006;10;10009;13;;;9998.5;0.0
48;22600;INTARIAN_PEPPER_ROOT;61019;10;61017;12;;;61031;11;61034;9;;;61025.0;0.0
48;22700;ASH_COATED_OSMIUM;9990;11;;;;;10009;12;;;;;10000.0;0.0
48;22700;INTARIAN_PEPPER_ROOT;61015;9;61013;9;;;61029;11;61030;7;;;61022.5;0.0
48;22800;ASH_COATED_OSMIUM;9985;24;;;;;10001;15;;;;;9993.5;0.0
48;22800;INTARIAN_PEPPER_ROOT;61017;8;61016;25;;;61028;11;61031;12;;;61022.5;0.0
48;22900;ASH_COATED_OSMIUM;9985;15;;;;;10001;26;;;;;9993.5;0.0
48;22900;INTARIAN_PEPPER_ROOT;61016;10;61013;10;;;61033;9;61035;10;;;61025.0;0.0
48;23000;ASH_COATED_OSMIUM;9992;13;9989;15;9988;10;10008;23;10011;11;10013;11;10000.5;0.0
48;23000;INTARIAN_PEPPER_ROOT;61017;8;61016;8;61015;8;61028;17;61029;24;61030;15;61023.0;0.0
48;23100;ASH_COATED_OSMIUM;9993;11;9990;11;9988;13;10012;15;10015;10;10018;11;10002.5;0.0
48;23100;INTARIAN_PEPPER_ROOT;61014;8;61011;9;61009;18;61027;8;61030;16;61032;8;61020.5;0.0
48;23200;ASH_COATED_OSMIUM;9993;12;9992;12;;;10009;8;10010;14;;;10001.5;0.0
48;23200;INTARIAN_PEPPER_ROOT;61018;10;;;;;61029;8;;;;;61024.0;0.0
48;23300;ASH_COATED_OSMIUM;9994;13;9993;12;;;10010;13;10013;11;;;10002.0;0.0
48;23300;INTARIAN_PEPPER_ROOT;61014;12;;;;;61031;9;;;;;61022.5;0.0
48;23400;ASH_COATED_OSMIUM;9995;13;9993;15;9991;12;10011;3;10012;14;10015;11;10003.0;0.0
48;23400;INTARIAN_PEPPER_ROOT;61014;11;;;;;61029;9;;;;;61022.0;0.0
48;23500;ASH_COATED_OSMIUM;10000;2;9999;14;;;10016;14;10019;15;;;10008.5;0.0
48;23500;INTARIAN_PEPPER_ROOT;61015;15;61012;9;;;61029;8;61030;10;;;61022.5;0.0
48;23600;ASH_COATED_OSMIUM;9996;11;9994;13;;;10012;15;10015;13;;;10004.0;0.0
48;23600;INTARIAN_PEPPER_ROOT;61021;12;61018;9;61016;8;61023;12;61024;11;61027;8;61022.0;0.0
48;23700;ASH_COATED_OSMIUM;9996;14;9994;12;9992;13;10009;12;10012;15;10015;12;10003.0;0.0
48;23700;INTARIAN_PEPPER_ROOT;61013;8;61010;8;61007;12;61025;11;61026;9;61028;12;61019.0;0.0
48;23800;ASH_COATED_OSMIUM;9992;15;;;;;10010;25;;;;;10001.0;0.0
48;23800;INTARIAN_PEPPER_ROOT;61015;8;61014;10;;;61032;12;61034;18;;;61024.0;0.0
48;23900;ASH_COATED_OSMIUM;9990;14;;;;;10006;14;;;;;9998.0;0.0
48;23900;INTARIAN_PEPPER_ROOT;61021;8;;;;;61023;8;;;;;61022.5;0.0
48;24000;ASH_COATED_OSMIUM;9992;26;9990;10;;;10008;12;10009;10;;;10000.5;0.0
48;24000;INTARIAN_PEPPER_ROOT;61017;8;61014;11;61013;11;61029;23;61032;10;61035;8;61023.5;0.0
48;24100;ASH_COATED_OSMIUM;9991;10;9989;15;9988;10;10007;10;10009;14;10011;28;9999.0;0.0
48;24100;INTARIAN_PEPPER_ROOT;61018;9;61016;11;;;61029;11;61032;10;;;61023.5;0.0
48;24200;ASH_COATED_OSMIUM;9991;13;;;;;10007;24;;;;;9999.5;0.0
48;24200;INTARIAN_PEPPER_ROOT;61018;10;;;;;61030;9;;;;;61024.0;0.0
48;24300;ASH_COATED_OSMIUM;9992;14;9991;10;9990;10;10008;15;10011;10;10013;4;10000.0;0.0
48;24300;INTARIAN_PEPPER_ROOT;61016;10;;;;;61032;21;;;;;61024.5;0.0
48;24400;ASH_COATED_OSMIUM;9992;10;;;;;10008;12;;;;;10000.5;0.0
48;24400;INTARIAN_PEPPER_ROOT;61018;10;61016;9;;;61029;6;61030;8;;;61023.5;0.0
48;24500;ASH_COATED_OSMIUM;9987;30;9985;12;;;10003;14;10006;21;;;9995.0;0.0
48;24500;INTARIAN_PEPPER_ROOT;61015;9;61013;10;;;61029;10;61031;15;;;61022.5;0.0
48;24600;ASH_COATED_OSMIUM;9986;25;9984;15;9982;11;10004;28;10006;13;10008;10;9995.0;0.0
48;24600;INTARIAN_PEPPER_ROOT;61018;8;;;;;61029;10;;;;;61023.5;0.0
48;24700;ASH_COATED_OSMIUM;9985;13;;;;;10004;15;;;;;9995.0;0.0
48;24700;INTARIAN_PEPPER_ROOT;61016;10;;;;;61028;8;;;;;61022.0;0.0
48;24800;ASH_COATED_OSMIUM;9982;12;;;;;10001;10;;;;;9991.5;0.0
48;24800;INTARIAN_PEPPER_ROOT;61016;9;61015;25;61013;10;61032;11;61034;8;61036;10;61024.0;0.0
48;24900;ASH_COATED_OSMIUM;9988;5;;;;;10004;10;;;;;9996.5;0.0
48;24900;INTARIAN_PEPPER_ROOT;61020;15;61019;24;61017;6;61032;12;61033;9;61035;8;61026.0;0.0
48;25000;ASH_COATED_OSMIUM;9996;15;;;;;10001;10;;;;;9998.5;0.0
48;25000;INTARIAN_PEPPER_ROOT;61017;8;61015;12;;;61029;11;61031;11;;;61023.5;0.0
48;25100;ASH_COATED_OSMIUM;9991;10;9989;15;;;10007;10;10008;15;;;9999.0;0.0
48;25100;INTARIAN_PEPPER_ROOT;61018;9;61016;16;;;61031;12;61032;10;;;61024.5;0.0
48;25200;ASH_COATED_OSMIUM;9989;14;9987;15;;;10005;11;10006;23;;;9997.5;0.0
48;25200;INTARIAN_PEPPER_ROOT;61021;11;;;;;61034;10;;;;;61027.5;0.0
48;25300;ASH_COATED_OSMIUM;9992;14;9989;23;;;10008;13;10011;12;;;10000.0;0.0
48;25300;INTARIAN_PEPPER_ROOT;61024;10;;;;;61037;9;;;;;61031.0;0.0
48;25400;ASH_COATED_OSMIUM;9995;13;9994;11;;;10005;12;10007;14;;;10000.5;0.0
48;25400;INTARIAN_PEPPER_ROOT;61016;11;;;;;61032;12;;;;;61024.0;0.0
48;25500;ASH_COATED_OSMIUM;9989;22;9987;11;;;10008;10;10011;28;;;9999.0;0.0
48;25500;INTARIAN_PEPPER_ROOT;61020;12;61017;10;61015;11;61032;12;61035;10;61037;8;61026.5;0.0
48;25600;ASH_COATED_OSMIUM;9993;15;;;;;10011;13;;;;;10002.0;0.0
48;25600;INTARIAN_PEPPER_ROOT;61020;11;;;;;61033;16;;;;;61027.0;0.0
48;25700;ASH_COATED_OSMIUM;9995;14;;;;;10011;28;;;;;10003.0;0.0
48;25700;INTARIAN_PEPPER_ROOT;61018;9;;;;;61030;25;;;;;61024.5;0.0
48;25800;ASH_COATED_OSMIUM;9998;13;9997;10;;;10014;15;10017;30;;;10006.5;0.0
48;25800;INTARIAN_PEPPER_ROOT;61021;10;61019;21;61017;10;61033;11;61036;12;61039;8;61027.0;0.0
48;25900;ASH_COATED_OSMIUM;9997;12;9996;11;9994;12;10013;11;10015;15;10017;15;10005.5;0.0
48;25900;INTARIAN_PEPPER_ROOT;61017;9;61014;8;;;61030;21;61032;8;;;61024.0;0.0
48;26000;ASH_COATED_OSMIUM;9995;14;9994;30;;;10011;14;10014;14;;;10003.5;0.0
48;26000;INTARIAN_PEPPER_ROOT;61016;10;61013;11;;;61033;8;61034;17;;;61025.0;0.0
48;26100;ASH_COATED_OSMIUM;9995;14;;;;;10011;10;;;;;10003.0;0.0
48;26100;INTARIAN_PEPPER_ROOT;61019;11;;;;;61031;11;;;;;61025.5;0.0
48;26200;ASH_COATED_OSMIUM;9991;11;9990;11;9988;15;10001;15;10004;15;10006;12;9996.5;0.0
48;26200;INTARIAN_PEPPER_ROOT;61018;11;61016;20;61015;10;61032;21;61035;25;61038;24;61025.5;0.0
48;26300;ASH_COATED_OSMIUM;9987;13;9985;12;9982;15;10003;11;10005;15;10006;10;9995.0;0.0
48;26300;INTARIAN_PEPPER_ROOT;61025;9;61023;12;61022;9;61036;11;61038;12;61041;12;61031.0;0.0
48;26400;ASH_COATED_OSMIUM;9987;13;9986;13;;;10003;10;10006;11;;;9995.5;0.0
48;26400;INTARIAN_PEPPER_ROOT;61014;8;;;;;61027;8;;;;;61020.5;0.0
48;26500;ASH_COATED_OSMIUM;9992;12;;;;;10008;15;;;;;10000.0;0.0
48;26500;INTARIAN_PEPPER_ROOT;61022;10;61019;18;;;61035;8;61036;11;;;61028.5;0.0
48;26600;ASH_COATED_OSMIUM;9992;15;9990;14;9987;14;10002;21;10003;15;10006;12;9997.0;0.0
48;26600;INTARIAN_PEPPER_ROOT;61017;8;61015;12;;;61029;18;61032;25;;;61023.0;0.0
48;26700;ASH_COATED_OSMIUM;9992;15;9989;13;;;10008;15;10010;14;;;10000.5;0.0
48;26700;INTARIAN_PEPPER_ROOT;61021;20;61018;9;61017;9;61032;10;61035;8;61036;12;61027.0;0.0
48;26800;ASH_COATED_OSMIUM;9993;11;;;;;10009;11;;;;;10001.5;0.0
48;26800;INTARIAN_PEPPER_ROOT;61023;7;61022;9;61021;12;61036;8;61039;12;61040;9;61029.5;0.0
48;26900;ASH_COATED_OSMIUM;9993;15;;;;;10009;4;;;;;10001.5;0.0
48;26900;INTARIAN_PEPPER_ROOT;61020;19;61019;10;61017;12;61034;9;61035;11;61038;8;61027.0;0.0
48;27000;ASH_COATED_OSMIUM;9997;15;;;;;10013;12;;;;;10005.5;0.0
48;27000;INTARIAN_PEPPER_ROOT;61018;9;61015;9;61012;15;61033;11;61036;12;61037;23;61026.0;0.0
48;27100;ASH_COATED_OSMIUM;9996;13;9994;14;;;10012;15;10013;10;;;10004.5;0.0
48;27100;INTARIAN_PEPPER_ROOT;61021;11;61018;24;;;61036;9;61039;11;;;61029.0;0.0
48;27200;ASH_COATED_OSMIUM;9996;26;9994;12;9993;14;10012;21;10015;13;10016;15;10004.5;0.0
48;27200;INTARIAN_PEPPER_ROOT;61018;8;61017;9;;;61030;9;61033;12;;;61024.0;0.0
48;27300;ASH_COATED_OSMIUM;10001;12;9998;13;;;10019;22;10021;28;;;10010.5;0.0
48;27300;INTARIAN_PEPPER_ROOT;61022;11;61019;8;;;61033;10;61036;9;;;61028.0;0.0
48;27400;ASH_COATED_OSMIUM;10006;13;10003;22;;;10022;13;10025;13;;;10014.5;0.0
48;27400;INTARIAN_PEPPER_ROOT;61025;8;61023;9;;;61038;12;61040;20;;;61031.5;0.0
48;27500;ASH_COATED_OSMIUM;10001;27;;;;;10017;15;;;;;10009.5;0.0
48;27500;INTARIAN_PEPPER_ROOT;61026;10;61024;20;61021;11;61038;12;61039;10;61042;12;61032.5;0.0
48;27600;ASH_COATED_OSMIUM;9998;10;9996;11;;;10014;30;10016;12;;;10006.5;0.0
48;27600;INTARIAN_PEPPER_ROOT;61020;19;61018;11;;;61033;11;61036;12;;;61026.5;0.0
48;27700;ASH_COATED_OSMIUM;10002;11;10001;13;;;10018;27;10019;10;;;10010.0;0.0
48;27700;INTARIAN_PEPPER_ROOT;61020;8;;;;;61032;11;;;;;61026.5;0.0
48;27800;ASH_COATED_OSMIUM;9998;15;9996;11;;;10014;11;10017;14;;;10006.0;0.0
48;27800;INTARIAN_PEPPER_ROOT;61020;8;61017;9;61016;24;61033;10;61036;8;61039;12;61027.0;0.0
48;27900;ASH_COATED_OSMIUM;9993;12;;;;;10009;12;;;;;10001.0;0.0
48;27900;INTARIAN_PEPPER_ROOT;61018;8;61015;11;;;61031;12;61033;11;;;61025.0;0.0
48;28000;ASH_COATED_OSMIUM;9994;13;;;;;10010;23;;;;;10002.0;0.0
48;28000;INTARIAN_PEPPER_ROOT;61020;10;61017;20;61015;8;61035;18;61037;10;61040;12;61028.0;0.0
48;28100;ASH_COATED_OSMIUM;9995;13;9992;12;9990;14;10014;12;10016;10;10018;13;10004.5;0.0
48;28100;INTARIAN_PEPPER_ROOT;61023;8;61021;8;;;61036;11;61039;10;;;61029.5;0.0
48;28200;ASH_COATED_OSMIUM;9987;13;9986;12;;;10006;10;10009;13;;;9996.5;0.0
48;28200;INTARIAN_PEPPER_ROOT;61024;18;;;;;61040;24;;;;;61032.0;0.0
48;28300;ASH_COATED_OSMIUM;9991;20;9990;4;9989;11;10007;13;10008;13;10011;10;9999.5;0.0
48;28300;INTARIAN_PEPPER_ROOT;61022;11;;;;;61036;12;;;;;61029.5;0.0
48;28400;ASH_COATED_OSMIUM;9992;12;9989;14;;;10008;13;10009;13;;;10000.5;0.0
48;28400;INTARIAN_PEPPER_ROOT;61024;8;61021;11;;;61037;8;61040;17;;;61031.0;0.0
48;28500;ASH_COATED_OSMIUM;9983;11;9980;13;;;9999;14;10001;15;;;9991.5;0.0
48;28500;INTARIAN_PEPPER_ROOT;61023;9;;;;;61035;10;;;;;61029.0;0.0
48;28600;ASH_COATED_OSMIUM;9994;12;;;;;9999;10;;;;;9996.5;0.0
48;28600;INTARIAN_PEPPER_ROOT;61029;12;;;;;61032;12;;;;;61030.5;0.0
48;28700;ASH_COATED_OSMIUM;9987;6;9985;10;9983;13;10003;11;10006;23;10007;10;9995.0;0.0
48;28700;INTARIAN_PEPPER_ROOT;61021;8;61020;11;61018;12;61035;17;61036;12;61038;11;61028.5;0.0
48;28800;ASH_COATED_OSMIUM;9988;20;9986;14;9983;14;10007;15;10008;2;10009;14;9997.5;0.0
48;28800;INTARIAN_PEPPER_ROOT;61022;10;;;;;61035;4;;;;;61028.5;0.0
48;28900;ASH_COATED_OSMIUM;9992;24;9989;20;9986;14;10004;5;10007;13;10010;15;9998.5;0.0
48;28900;INTARIAN_PEPPER_ROOT;61019;11;61017;12;61014;16;61031;10;61032;11;61033;12;61025.5;0.0
48;29000;ASH_COATED_OSMIUM;9990;4;9988;14;9985;28;10006;14;10009;29;10012;20;9998.0;0.0
48;29000;INTARIAN_PEPPER_ROOT;61028;11;61025;9;;;61031;8;61032;11;;;61030.0;0.0
48;29100;ASH_COATED_OSMIUM;9994;14;9993;13;;;10010;13;10013;12;;;10002.0;0.0
48;29100;INTARIAN_PEPPER_ROOT;61021;12;61019;12;61018;8;61034;16;61036;10;61037;11;61028.0;0.0
48;29200;ASH_COATED_OSMIUM;9990;15;;;;;10006;10;;;;;9998.5;0.0
48;29200;INTARIAN_PEPPER_ROOT;61022;9;61019;19;61017;23;61036;9;61037;10;61040;16;61029.5;0.0
48;29300;ASH_COATED_OSMIUM;9990;13;9988;10;9987;13;10009;13;10010;21;10011;14;9999.5;0.0
48;29300;INTARIAN_PEPPER_ROOT;61021;9;;;;;61034;12;;;;;61027.5;0.0
48;29400;ASH_COATED_OSMIUM;9991;10;9988;15;9987;25;10009;11;10012;12;10013;2;10000.0;0.0
48;29400;INTARIAN_PEPPER_ROOT;61022;8;61019;8;61018;8;61036;12;61039;4;61041;12;61029.5;0.0
48;29500;ASH_COATED_OSMIUM;9994;11;9993;11;;;10013;13;10015;15;;;10004.0;0.0
48;29500;INTARIAN_PEPPER_ROOT;61022;11;61021;11;;;61039;8;61040;21;;;61031.0;0.0
48;29600;ASH_COATED_OSMIUM;9993;24;9991;15;;;10009;15;10011;14;;;10001.5;0.0
48;29600;INTARIAN_PEPPER_ROOT;61021;11;61018;8;;;61035;9;61038;9;;;61028.5;0.0
48;29700;ASH_COATED_OSMIUM;9992;10;;;;;10008;27;;;;;10000.5;0.0
48;29700;INTARIAN_PEPPER_ROOT;61019;12;;;;;61033;11;;;;;61026.5;0.0
48;29800;ASH_COATED_OSMIUM;9998;28;9997;27;9994;14;10014;14;10016;14;10018;10;10006.0;0.0
48;29800;INTARIAN_PEPPER_ROOT;61022;22;61020;10;61017;10;61038;5;61039;12;61041;24;61030.5;0.0
48;29900;ASH_COATED_OSMIUM;9998;14;9996;15;;;10014;13;10015;13;;;10006.5;0.0
48;29900;INTARIAN_PEPPER_ROOT;61022;21;;;;;61036;11;;;;;61029.0;0.0
48;30000;ASH_COATED_OSMIUM;9995;12;9994;10;;;10013;10;10014;13;;;10004.0;0.0
48;30000;INTARIAN_PEPPER_ROOT;61024;11;;;;;61035;11;;;;;61029.5;0.0
48;30100;ASH_COATED_OSMIUM;9994;12;9993;15;9991;13;10010;10;10012;10;10014;14;10002.5;0.0
48;30100;INTARIAN_PEPPER_ROOT;61025;11;61022;17;61020;8;61038;21;61041;10;61044;12;61031.5;0.0
48;30200;ASH_COATED_OSMIUM;9994;12;9993;13;;;10010;12;10013;13;;;10002.0;0.0
48;30200;INTARIAN_PEPPER_ROOT;61022;19;;;;;61035;9;;;;;61028.5;0.0
48;30300;ASH_COATED_OSMIUM;9991;10;;;;;10007;15;;;;;9999.0;0.0
48;30300;INTARIAN_PEPPER_ROOT;61027;18;;;;;61041;12;;;;;61034.5;0.0
48;30400;ASH_COATED_OSMIUM;9993;26;;;;;10009;22;;;;;10001.0;0.0
48;30400;INTARIAN_PEPPER_ROOT;61022;11;61020;11;;;61035;8;61036;12;;;61029.0;0.0
48;30500;ASH_COATED_OSMIUM;9988;14;9986;4;9983;13;10004;10;10007;15;10009;14;9996.5;0.0
48;30500;INTARIAN_PEPPER_ROOT;61025;8;61022;11;61019;12;61039;9;61041;16;61044;11;61032.5;0.0
48;30600;ASH_COATED_OSMIUM;9994;11;9991;11;;;10010;8;10013;20;;;10002.5;0.0
48;30600;INTARIAN_PEPPER_ROOT;61022;11;61019;12;61018;10;61035;9;61036;8;61037;10;61029.0;0.0
48;30700;ASH_COATED_OSMIUM;9996;13;9995;12;9992;29;10012;27;10014;15;10017;11;10004.5;0.0
48;30700;INTARIAN_PEPPER_ROOT;61019;10;61018;12;;;61031;9;61032;12;;;61025.0;0.0
48;30800;ASH_COATED_OSMIUM;9994;25;;;;;10010;11;;;;;10002.5;0.0
48;30800;INTARIAN_PEPPER_ROOT;61025;9;61022;25;61019;12;61038;11;61039;9;61041;11;61031.5;0.0
48;30900;ASH_COATED_OSMIUM;9984;15;9982;23;;;10005;24;10007;21;;;9995.0;0.0
48;30900;INTARIAN_PEPPER_ROOT;61025;10;;;;;61036;10;;;;;61030.5;0.0
48;31000;ASH_COATED_OSMIUM;9985;13;;;;;10001;11;;;;;9993.0;0.0
48;31000;INTARIAN_PEPPER_ROOT;61026;9;;;;;61040;11;;;;;61033.5;0.0
48;31100;ASH_COATED_OSMIUM;9994;10;9991;5;;;10010;15;10013;11;;;10002.5;0.0
48;31100;INTARIAN_PEPPER_ROOT;61022;15;61019;9;;;61037;10;61040;12;;;61030.0;0.0
48;31200;ASH_COATED_OSMIUM;10000;14;9999;14;;;10016;29;10019;12;;;10008.0;0.0
48;31200;INTARIAN_PEPPER_ROOT;61027;9;61026;11;;;61039;12;61041;11;;;61033.0;0.0
48;31300;ASH_COATED_OSMIUM;9996;10;9995;10;9992;10;10012;10;10014;14;10016;10;10004.5;0.0
48;31300;INTARIAN_PEPPER_ROOT;61023;8;61021;10;;;61035;11;61036;8;;;61029.5;0.0
48;31400;ASH_COATED_OSMIUM;10007;15;10005;12;;;10012;15;10013;14;;;10010.0;0.0
48;31400;INTARIAN_PEPPER_ROOT;61026;8;61024;11;61022;11;61039;12;61042;12;61044;9;61032.5;0.0
48;31500;ASH_COATED_OSMIUM;10006;12;10003;15;;;10022;14;10025;15;;;10014.0;0.0
48;31500;INTARIAN_PEPPER_ROOT;61028;19;61026;9;;;61042;9;61043;10;;;61035.0;0.0
48;31600;ASH_COATED_OSMIUM;10001;10;;;;;10020;12;;;;;10010.5;0.0
48;31600;INTARIAN_PEPPER_ROOT;61021;12;61019;12;61017;12;61036;20;61037;19;61040;8;61029.0;0.0
48;31700;ASH_COATED_OSMIUM;10001;13;9999;11;;;10017;10;10018;14;;;10009.5;0.0
48;31700;INTARIAN_PEPPER_ROOT;61024;10;61021;10;61019;8;61041;9;61043;9;61045;12;61032.5;0.0
48;31800;ASH_COATED_OSMIUM;9998;12;9996;12;;;10016;14;10017;11;;;10007.5;0.0
48;31800;INTARIAN_PEPPER_ROOT;61030;9;61029;12;61026;8;61038;12;61040;12;61041;8;61034.5;0.0
48;31900;ASH_COATED_OSMIUM;9992;11;9990;15;9989;30;10011;15;10013;13;10015;13;10002.0;0.0
48;31900;INTARIAN_PEPPER_ROOT;61027;8;61025;10;;;61041;9;61042;15;;;61034.0;0.0
48;32000;ASH_COATED_OSMIUM;10001;15;;;;;10019;10;;;;;10010.5;0.0
48;32000;INTARIAN_PEPPER_ROOT;61021;9;61018;20;61015;10;61037;10;61040;10;61041;11;61029.0;0.0
48;32100;ASH_COATED_OSMIUM;10004;13;10003;10;;;10020;15;10023;13;;;10012.0;0.0
48;32100;INTARIAN_PEPPER_ROOT;61026;12;61024;11;;;61040;10;61042;10;;;61033.5;0.0
48;32200;ASH_COATED_OSMIUM;10001;10;10000;14;;;10020;14;10021;13;;;10011.0;0.0
48;32200;INTARIAN_PEPPER_ROOT;61029;19;61028;10;;;61043;12;61045;12;;;61036.5;0.0
48;32300;ASH_COATED_OSMIUM;9997;4;;;;;10013;25;;;;;10005.5;0.0
48;32300;INTARIAN_PEPPER_ROOT;61025;8;61022;8;61020;12;61038;9;61041;9;61044;12;61032.0;0.0
48;32400;ASH_COATED_OSMIUM;9996;10;9995;10;;;10012;10;10014;14;;;10004.5;0.0
48;32400;INTARIAN_PEPPER_ROOT;61027;12;61025;8;61023;12;61044;9;61045;12;61048;12;61036.0;0.0
48;32500;ASH_COATED_OSMIUM;9991;25;9990;15;;;10009;10;10012;12;;;10000.5;0.0
48;32500;INTARIAN_PEPPER_ROOT;61023;12;61020;10;;;61040;12;61043;19;;;61032.0;0.0
48;32600;ASH_COATED_OSMIUM;9989;22;9986;3;9983;11;10005;11;10008;13;10011;5;9997.5;0.0
48;32600;INTARIAN_PEPPER_ROOT;61028;8;61025;24;;;61044;10;61046;11;;;61036.0;0.0
48;32700;ASH_COATED_OSMIUM;9990;11;;;;;10006;13;;;;;9998.0;0.0
48;32700;INTARIAN_PEPPER_ROOT;61026;8;61024;10;;;61038;9;61039;9;;;61032.0;0.0
48;32800;ASH_COATED_OSMIUM;9992;14;9989;12;;;10008;15;10010;15;;;10000.0;0.0
48;32800;INTARIAN_PEPPER_ROOT;61025;19;61022;12;61019;10;61038;12;61041;12;61043;10;61032.0;0.0
48;32900;ASH_COATED_OSMIUM;9988;15;9986;12;;;10004;13;10006;10;;;9996.5;0.0
48;32900;INTARIAN_PEPPER_ROOT;61028;10;61026;12;;;61036;12;61037;12;;;61032.5;0.0
48;33000;ASH_COATED_OSMIUM;9990;14;9987;10;;;10006;11;10008;15;;;9998.0;0.0
48;33000;INTARIAN_PEPPER_ROOT;61025;10;61022;4;;;61037;17;61039;12;;;61031.0;0.0
48;33100;ASH_COATED_OSMIUM;9985;21;9983;13;;;10003;23;10005;13;;;9994.5;0.0
48;33100;INTARIAN_PEPPER_ROOT;61027;11;;;;;61038;10;;;;;61032.5;0.0
48;33200;ASH_COATED_OSMIUM;9993;10;;;;;10009;15;;;;;10001.5;0.0
48;33200;INTARIAN_PEPPER_ROOT;61030;24;61027;10;;;61042;11;61044;8;;;61036.0;0.0
48;33300;ASH_COATED_OSMIUM;9988;13;9985;11;;;10006;15;10008;2;;;9997.5;0.0
48;33300;INTARIAN_PEPPER_ROOT;61021;11;61019;8;61017;10;61035;8;61038;20;61039;11;61028.0;0.0
48;33400;ASH_COATED_OSMIUM;9989;13;9986;15;9984;15;10005;13;10008;8;10011;28;9997.5;0.0
48;33400;INTARIAN_PEPPER_ROOT;61026;9;61023;24;;;61040;12;61042;11;;;61033.0;0.0
48;33500;ASH_COATED_OSMIUM;9988;12;9987;11;;;10007;11;10008;30;;;9998.0;0.0
48;33500;INTARIAN_PEPPER_ROOT;61025;10;61023;15;;;61037;8;61038;9;;;61031.5;0.0
48;33600;ASH_COATED_OSMIUM;9986;15;;;;;10002;13;;;;;9994.0;0.0
48;33600;INTARIAN_PEPPER_ROOT;61028;17;61027;10;61025;12;61042;10;61045;8;61048;8;61035.0;0.0
48;33700;ASH_COATED_OSMIUM;9990;27;;;;;10006;29;;;;;9998.0;0.0
48;33700;INTARIAN_PEPPER_ROOT;61023;25;61021;18;;;61037;8;61038;12;;;61030.0;0.0
48;33800;ASH_COATED_OSMIUM;9988;27;9987;3;;;10004;14;10007;10;;;9996.0;0.0
48;33800;INTARIAN_PEPPER_ROOT;61029;9;;;;;61041;11;;;;;61035.0;0.0
48;33900;ASH_COATED_OSMIUM;9990;10;;;;;10006;23;;;;;9998.0;0.0
48;33900;INTARIAN_PEPPER_ROOT;61027;9;;;;;61040;10;;;;;61033.5;0.0
48;34000;ASH_COATED_OSMIUM;9991;15;;;;;10007;25;;;;;9999.5;0.0
48;34000;INTARIAN_PEPPER_ROOT;61027;10;61026;12;61023;12;61040;10;61041;11;61042;12;61034.0;0.0
48;34100;ASH_COATED_OSMIUM;9998;13;9995;20;;;10016;11;10019;10;;;10007.0;0.0
48;34100;INTARIAN_PEPPER_ROOT;61024;19;61021;8;61020;10;61035;11;61036;11;61038;12;61029.5;0.0
48;34200;ASH_COATED_OSMIUM;9994;11;9991;29;;;10012;14;10013;12;;;10003.0;0.0
48;34200;INTARIAN_PEPPER_ROOT;61026;11;61025;19;;;61040;12;61042;8;;;61033.5;0.0
48;34300;ASH_COATED_OSMIUM;10001;10;;;;;10017;13;;;;;10009.5;0.0
48;34300;INTARIAN_PEPPER_ROOT;61029;11;61026;11;;;61043;18;61044;11;;;61036.5;0.0
48;34400;ASH_COATED_OSMIUM;9994;10;;;;;10010;15;;;;;10002.5;0.0
48;34400;INTARIAN_PEPPER_ROOT;61024;9;61022;9;61020;10;61038;12;61041;9;61044;17;61031.0;0.0
48;34500;ASH_COATED_OSMIUM;9993;26;9991;15;;;10009;13;10012;14;;;10001.0;0.0
48;34500;INTARIAN_PEPPER_ROOT;61034;9;;;;;61038;11;;;;;61036.0;0.0
48;34600;ASH_COATED_OSMIUM;9997;12;9994;13;9991;10;10013;12;10016;14;10019;10;10005.0;0.0
48;34600;INTARIAN_PEPPER_ROOT;61031;11;61030;11;61029;18;61039;12;61042;23;61045;11;61035.5;0.0
48;34700;ASH_COATED_OSMIUM;9996;13;9994;11;;;10012;12;10013;10;;;10004.5;0.0
48;34700;INTARIAN_PEPPER_ROOT;61031;9;;;;;61040;10;;;;;61036.0;0.0
48;34800;ASH_COATED_OSMIUM;9996;14;;;;;10012;11;;;;;10004.0;0.0
48;34800;INTARIAN_PEPPER_ROOT;61029;9;61026;11;;;61042;8;61044;11;;;61035.5;0.0
48;34900;ASH_COATED_OSMIUM;9986;12;9984;14;;;10002;11;10005;12;;;9994.0;0.0
48;34900;INTARIAN_PEPPER_ROOT;61027;12;61025;9;61024;3;61043;8;61046;10;61048;9;61035.0;0.0
48;35000;ASH_COATED_OSMIUM;9993;13;9990;13;9988;20;10009;12;10011;24;10014;10;10001.0;0.0
48;35000;INTARIAN_PEPPER_ROOT;61031;8;61030;3;;;61043;11;61044;12;;;61037.5;0.0
48;35100;ASH_COATED_OSMIUM;9989;14;9987;15;;;10005;14;10007;12;;;9997.5;0.0
48;35100;INTARIAN_PEPPER_ROOT;61029;12;;;;;61042;11;;;;;61035.5;0.0
48;35200;ASH_COATED_OSMIUM;9988;13;;;;;10004;11;;;;;9996.0;0.0
48;35200;INTARIAN_PEPPER_ROOT;61027;8;61026;24;;;61041;9;61044;11;;;61034.0;0.0
48;35300;ASH_COATED_OSMIUM;9984;26;9982;10;;;10003;13;10004;10;;;9994.0;0.0
48;35300;INTARIAN_PEPPER_ROOT;61030;11;61027;9;61025;8;61042;10;61044;10;61045;8;61036.5;0.0
48;35400;ASH_COATED_OSMIUM;9991;21;;;;;10007;15;;;;;9999.5;0.0
48;35400;INTARIAN_PEPPER_ROOT;61027;25;61025;8;61024;12;61039;8;61042;12;61043;10;61033.0;0.0
48;35500;ASH_COATED_OSMIUM;9989;15;9988;13;9986;14;10007;10;10008;11;10009;10;9998.5;0.0
48;35500;INTARIAN_PEPPER_ROOT;61027;10;61025;11;;;61044;20;61046;10;;;61035.5;0.0
48;35600;ASH_COATED_OSMIUM;9998;15;;;;;10004;13;;;;;10001.5;0.0
48;35600;INTARIAN_PEPPER_ROOT;61027;10;61026;10;;;61043;8;61045;15;;;61035.0;0.0
48;35700;ASH_COATED_OSMIUM;9993;26;9990;29;9987;10;10009;13;10010;15;10012;5;10001.5;0.0
48;35700;INTARIAN_PEPPER_ROOT;61026;10;61024;11;;;61043;11;61044;10;;;61034.5;0.0
48;35800;ASH_COATED_OSMIUM;9995;15;;;;;10014;10;;;;;10005.0;0.0
48;35800;INTARIAN_PEPPER_ROOT;61026;12;61025;10;;;61040;25;61042;12;;;61033.0;0.0
48;35900;ASH_COATED_OSMIUM;9995;21;;;;;10016;13;;;;;10006.0;0.0
48;35900;INTARIAN_PEPPER_ROOT;61033;6;;;;;61045;11;;;;;61039.0;0.0
48;36000;ASH_COATED_OSMIUM;9992;11;9989;10;9987;10;10010;10;10011;12;10012;14;10001.0;0.0
48;36000;INTARIAN_PEPPER_ROOT;61026;9;61023;12;;;61043;10;61045;25;;;61035.0;0.0
48;36100;ASH_COATED_OSMIUM;9995;12;;;;;10011;14;;;;;10003.0;0.0
48;36100;INTARIAN_PEPPER_ROOT;61027;10;;;;;61041;11;;;;;61034.5;0.0
48;36200;ASH_COATED_OSMIUM;9996;14;9994;26;;;10012;12;10013;11;;;10004.5;0.0
48;36200;INTARIAN_PEPPER_ROOT;61026;10;61024;8;61022;11;61042;8;61043;9;61044;17;61034.5;0.0
48;36300;ASH_COATED_OSMIUM;9992;11;9989;13;;;10008;11;10009;12;;;10000.5;0.0
48;36300;INTARIAN_PEPPER_ROOT;61028;11;;;;;61041;11;;;;;61034.5;0.0
48;36400;ASH_COATED_OSMIUM;9993;12;9991;11;;;10009;23;10011;10;;;10001.5;0.0
48;36400;INTARIAN_PEPPER_ROOT;61029;12;;;;;61043;8;;;;;61036.0;0.0
48;36500;ASH_COATED_OSMIUM;9989;12;9988;12;;;10008;11;10010;21;;;9999.0;0.0
48;36500;INTARIAN_PEPPER_ROOT;61028;11;61025;9;;;61042;12;61044;8;;;61035.0;0.0
48;36600;ASH_COATED_OSMIUM;9993;11;;;;;10009;10;;;;;10001.0;0.0
48;36600;INTARIAN_PEPPER_ROOT;61032;8;61029;8;;;61043;9;61045;10;;;61038.0;0.0
48;36700;ASH_COATED_OSMIUM;9992;14;9989;14;;;10008;14;10009;13;;;10000.0;0.0
48;36700;INTARIAN_PEPPER_ROOT;61026;9;;;;;61046;10;;;;;61036.5;0.0
48;36800;ASH_COATED_OSMIUM;9990;11;9989;11;;;10006;11;10009;14;;;9998.5;0.0
48;36800;INTARIAN_PEPPER_ROOT;61030;10;61028;9;61026;11;61043;9;61044;12;61045;10;61037.0;0.0
48;36900;ASH_COATED_OSMIUM;9991;11;9990;10;9987;13;10012;11;10015;12;10017;13;10001.5;0.0
48;36900;INTARIAN_PEPPER_ROOT;61028;18;61025;9;;;61040;8;61043;9;;;61034.5;0.0
48;37000;ASH_COATED_OSMIUM;9989;15;9988;12;9985;12;10007;12;10009;12;10010;13;9998.0;0.0
48;37000;INTARIAN_PEPPER_ROOT;61031;20;61029;9;61028;10;61048;11;61049;9;61052;11;61040.0;0.0
48;37100;ASH_COATED_OSMIUM;9990;14;9987;14;;;10006;14;10008;12;;;9998.5;0.0
48;37100;INTARIAN_PEPPER_ROOT;61032;12;61031;11;61030;12;61043;12;61044;10;61046;21;61037.5;0.0
48;37200;ASH_COATED_OSMIUM;9986;2;9983;15;;;10005;22;10006;12;;;9996.0;0.0
48;37200;INTARIAN_PEPPER_ROOT;61030;11;;;;;61041;9;;;;;61036.0;0.0
48;37300;ASH_COATED_OSMIUM;9986;11;;;;;10002;15;;;;;9994.5;0.0
48;37300;INTARIAN_PEPPER_ROOT;61029;25;61026;11;61024;18;61043;12;61044;10;61047;11;61036.0;0.0
48;37400;ASH_COATED_OSMIUM;9987;14;;;;;10003;15;;;;;9995.0;0.0
48;37400;INTARIAN_PEPPER_ROOT;61032;11;;;;;61045;9;;;;;61039.0;0.0
48;37500;ASH_COATED_OSMIUM;9983;13;9980;30;;;9999;10;10002;13;;;9991.0;0.0
48;37500;INTARIAN_PEPPER_ROOT;61034;10;61031;21;;;61049;9;61051;12;;;61041.5;0.0
48;37600;ASH_COATED_OSMIUM;9981;10;;;;;9999;11;;;;;9990.0;0.0
48;37600;INTARIAN_PEPPER_ROOT;61028;16;61025;9;61022;10;61041;11;61042;10;61043;11;61035.0;0.0
48;37700;ASH_COATED_OSMIUM;9989;10;;;;;9998;15;;;;;9994.0;0.0
48;37700;INTARIAN_PEPPER_ROOT;61033;10;;;;;61045;10;;;;;61039.0;0.0
48;37800;ASH_COATED_OSMIUM;9992;12;9990;10;;;10008;10;10009;30;;;10000.5;0.0
48;37800;INTARIAN_PEPPER_ROOT;61034;9;61032;15;;;61050;10;61053;12;;;61042.0;0.0
48;37900;ASH_COATED_OSMIUM;9995;13;9994;10;;;10011;7;10013;15;;;10003.0;0.0
48;37900;INTARIAN_PEPPER_ROOT;61026;11;;;;;61039;8;;;;;61033.0;0.0
48;38000;ASH_COATED_OSMIUM;9994;14;;;;;10004;10;;;;;9999.0;0.0
48;38000;INTARIAN_PEPPER_ROOT;61032;22;;;;;61046;8;;;;;61039.0;0.0
48;38100;ASH_COATED_OSMIUM;9991;14;;;;;10007;12;;;;;9999.0;0.0
48;38100;INTARIAN_PEPPER_ROOT;61033;15;61031;9;;;61046;9;61048;9;;;61039.5;0.0
48;38200;ASH_COATED_OSMIUM;9988;11;;;;;10004;12;;;;;9996.0;0.0
48;38200;INTARIAN_PEPPER_ROOT;61039;12;61038;23;;;61052;10;61054;15;;;61045.5;0.0
48;38300;ASH_COATED_OSMIUM;9984;14;9981;14;;;10003;15;10004;12;;;9994.0;0.0
48;38300;INTARIAN_PEPPER_ROOT;61036;10;61035;11;;;61049;8;61051;9;;;61042.5;0.0
48;38400;ASH_COATED_OSMIUM;9984;10;9981;12;;;10003;10;10004;13;;;9993.5;0.0
48;38400;INTARIAN_PEPPER_ROOT;61034;9;61031;12;;;61045;12;61046;24;;;61040.0;0.0
48;38500;ASH_COATED_OSMIUM;9986;11;9984;12;9983;14;10002;11;10004;13;10005;11;9994.5;0.0
48;38500;INTARIAN_PEPPER_ROOT;61035;8;61032;12;;;61046;9;61049;11;;;61040.5;0.0
48;38600;ASH_COATED_OSMIUM;9995;15;9993;12;;;10005;12;10007;9;;;10000.0;0.0
48;38600;INTARIAN_PEPPER_ROOT;61035;5;;;;;61047;10;;;;;61041.0;0.0
48;38700;ASH_COATED_OSMIUM;9988;5;;;;;10007;13;;;;;9998.0;0.0
48;38700;INTARIAN_PEPPER_ROOT;61032;15;;;;;61043;16;;;;;61038.0;0.0
48;38800;ASH_COATED_OSMIUM;9987;23;;;;;10006;10;;;;;9997.0;0.0
48;38800;INTARIAN_PEPPER_ROOT;61032;10;61030;8;61028;8;61043;9;61044;9;61047;16;61037.5;0.0
48;38900;ASH_COATED_OSMIUM;9990;14;;;;;10006;12;;;;;9998.5;0.0
48;38900;INTARIAN_PEPPER_ROOT;61034;11;;;;;61048;9;;;;;61041.0;0.0
48;39000;ASH_COATED_OSMIUM;9989;14;;;;;10005;4;;;;;9997.5;0.0
48;39000;INTARIAN_PEPPER_ROOT;61034;9;61031;12;;;61048;11;61049;9;;;61041.0;0.0
48;39100;ASH_COATED_OSMIUM;9990;14;;;;;10006;13;;;;;9998.5;0.0
48;39100;INTARIAN_PEPPER_ROOT;61032;10;;;;;61045;20;;;;;61039.0;0.0
48;39200;ASH_COATED_OSMIUM;9992;12;9990;20;;;10008;21;10011;12;;;10000.0;0.0
48;39200;INTARIAN_PEPPER_ROOT;61034;20;61032;8;;;61045;12;61048;11;;;61039.5;0.0
48;39300;ASH_COATED_OSMIUM;9988;15;;;;;10004;12;;;;;9996.5;0.0
48;39300;INTARIAN_PEPPER_ROOT;61034;10;61032;9;;;61052;10;61054;12;;;61043.0;0.0
48;39400;ASH_COATED_OSMIUM;9995;11;9994;12;9991;11;10011;10;10014;11;10017;10;10003.0;0.0
48;39400;INTARIAN_PEPPER_ROOT;61033;12;61030;12;61029;8;61045;11;61047;6;61049;11;61039.0;0.0
48;39500;ASH_COATED_OSMIUM;9986;11;9985;26;9983;14;10004;14;10005;12;10007;10;9995.5;0.0
48;39500;INTARIAN_PEPPER_ROOT;61032;11;61030;9;;;61046;9;61049;8;;;61039.5;0.0
48;39600;ASH_COATED_OSMIUM;9980;10;9977;15;9974;14;9996;29;9999;13;10000;13;9988.5;0.0
48;39600;INTARIAN_PEPPER_ROOT;61031;11;;;;;61047;16;;;;;61039.0;0.0
48;39700;ASH_COATED_OSMIUM;9984;10;;;;;10000;11;;;;;9992.0;0.0
48;39700;INTARIAN_PEPPER_ROOT;61032;9;61029;12;;;61046;11;61048;23;;;61039.0;0.0
48;39800;ASH_COATED_OSMIUM;9984;2;9981;13;;;10000;15;10002;11;;;9992.0;0.0
48;39800;INTARIAN_PEPPER_ROOT;61036;9;61034;10;;;61051;9;61053;9;;;61044.0;0.0
48;39900;ASH_COATED_OSMIUM;9987;13;9984;12;;;10003;12;10004;10;;;9995.5;0.0
48;39900;INTARIAN_PEPPER_ROOT;61036;9;61035;8;61032;8;61049;16;61052;10;61053;18;61042.5;0.0
48;40000;ASH_COATED_OSMIUM;9995;26;;;;;10011;11;;;;;10003.5;0.0
48;40000;INTARIAN_PEPPER_ROOT;61032;12;61030;10;;;61049;8;61052;11;;;61041.0;0.0
48;40100;ASH_COATED_OSMIUM;9991;11;9989;14;;;10007;14;10009;15;;;9999.0;0.0
48;40100;INTARIAN_PEPPER_ROOT;61034;12;61033;8;61032;12;61045;11;61048;11;61049;10;61039.5;0.0
48;40200;ASH_COATED_OSMIUM;9989;12;9986;4;;;10005;15;10006;10;;;9997.0;0.0
48;40200;INTARIAN_PEPPER_ROOT;61036;8;;;;;61048;10;;;;;61042.0;0.0
48;40300;ASH_COATED_OSMIUM;9988;10;9986;13;;;10004;25;10005;15;;;9996.5;0.0
48;40300;INTARIAN_PEPPER_ROOT;61035;10;61032;12;;;61049;11;61051;9;;;61042.0;0.0
48;40400;ASH_COATED_OSMIUM;9983;14;;;;;9999;13;;;;;9991.5;0.0
48;40400;INTARIAN_PEPPER_ROOT;61035;12;61032;11;;;61053;9;61056;16;;;61044.5;0.0
48;40500;ASH_COATED_OSMIUM;9989;13;9987;10;;;10005;13;10008;13;;;9997.5;0.0
48;40500;INTARIAN_PEPPER_ROOT;61034;11;61031;12;61028;12;61051;12;61054;8;61057;8;61043.0;0.0
48;40600;ASH_COATED_OSMIUM;9985;14;9984;10;9982;13;10003;14;10005;23;10008;10;9994.5;0.0
48;40600;INTARIAN_PEPPER_ROOT;61035;10;61034;9;;;61051;8;61054;12;;;61043.5;0.0
48;40700;ASH_COATED_OSMIUM;9988;11;9986;10;9983;10;10004;15;10005;14;10008;14;9996.0;0.0
48;40700;INTARIAN_PEPPER_ROOT;61033;9;;;;;61044;9;;;;;61038.5;0.0
48;40800;ASH_COATED_OSMIUM;9990;15;9987;3;;;10006;29;10009;14;;;9998.0;0.0
48;40800;INTARIAN_PEPPER_ROOT;61033;11;61031;11;;;61048;11;61051;10;;;61040.5;0.0
48;40900;ASH_COATED_OSMIUM;9991;14;;;;;10007;12;;;;;9999.5;0.0
48;40900;INTARIAN_PEPPER_ROOT;61036;12;61034;16;61031;9;61049;10;61050;4;61053;10;61043.0;0.0
48;41000;ASH_COATED_OSMIUM;9993;11;9991;10;9989;14;10009;10;10010;10;10012;10;10001.5;0.0
48;41000;INTARIAN_PEPPER_ROOT;61037;9;61035;10;61034;8;61051;8;61053;12;61054;18;61044.0;0.0
48;41100;ASH_COATED_OSMIUM;9992;13;9989;12;;;10008;28;10011;12;;;10000.5;0.0
48;41100;INTARIAN_PEPPER_ROOT;61032;8;;;;;61048;8;;;;;61040.0;0.0
48;41200;ASH_COATED_OSMIUM;9988;14;9986;13;9984;12;10004;10;10006;11;10009;12;9996.5;0.0
48;41200;INTARIAN_PEPPER_ROOT;61034;10;;;;;61047;8;;;;;61040.5;0.0
48;41300;ASH_COATED_OSMIUM;9994;13;9993;15;;;10010;21;10012;26;;;10002.0;0.0
48;41300;INTARIAN_PEPPER_ROOT;61039;11;61038;12;61035;10;61052;10;61054;8;61055;9;61046.0;0.0
48;41400;ASH_COATED_OSMIUM;9996;14;9995;13;9994;3;10012;10;10014;15;10016;14;10004.0;0.0
48;41400;INTARIAN_PEPPER_ROOT;61031;8;61030;10;61027;8;61048;9;61051;8;61054;19;61039.5;0.0
48;41500;ASH_COATED_OSMIUM;9996;10;;;;;10012;11;;;;;10004.0;0.0
48;41500;INTARIAN_PEPPER_ROOT;61032;10;;;;;61050;12;;;;;61041.5;0.0
48;41600;ASH_COATED_OSMIUM;9997;15;;;;;10013;14;;;;;10005.0;0.0
48;41600;INTARIAN_PEPPER_ROOT;61035;9;61034;11;;;61048;4;61049;9;;;61042.0;0.0
48;41700;ASH_COATED_OSMIUM;9991;26;9988;15;;;10010;15;10013;11;;;10000.5;0.0
48;41700;INTARIAN_PEPPER_ROOT;61036;10;;;;;61048;9;;;;;61042.5;0.0
48;41800;ASH_COATED_OSMIUM;9990;12;9989;11;;;10006;10;10007;15;;;9998.5;0.0
48;41800;INTARIAN_PEPPER_ROOT;61038;11;61035;11;;;61046;10;61047;11;;;61042.5;0.0
48;41900;ASH_COATED_OSMIUM;9985;28;;;;;10001;11;;;;;9993.5;0.0
48;41900;INTARIAN_PEPPER_ROOT;61036;11;61033;10;;;61049;3;61051;9;;;61043.0;0.0
48;42000;ASH_COATED_OSMIUM;9989;13;9986;13;9985;14;10008;15;10009;10;10012;12;9999.0;0.0
48;42000;INTARIAN_PEPPER_ROOT;61034;9;61032;16;;;61050;9;61051;10;;;61042.5;0.0
48;42100;ASH_COATED_OSMIUM;9988;11;;;;;10004;20;;;;;9996.0;0.0
48;42100;INTARIAN_PEPPER_ROOT;61035;10;61034;10;;;61047;9;61050;9;;;61041.0;0.0
48;42200;ASH_COATED_OSMIUM;9985;14;9984;11;;;10001;14;10003;12;;;9993.5;0.0
48;42200;INTARIAN_PEPPER_ROOT;61034;18;61032;12;;;61051;11;61052;21;;;61042.5;0.0
48;42300;ASH_COATED_OSMIUM;9985;14;9984;13;;;10006;15;10009;13;;;9996.0;0.0
48;42300;INTARIAN_PEPPER_ROOT;61037;11;61034;9;61031;22;61051;10;61054;15;61056;8;61044.5;0.0
48;42400;ASH_COATED_OSMIUM;9994;15;;;;;10013;12;;;;;10004.0;0.0
48;42400;INTARIAN_PEPPER_ROOT;61034;19;;;;;61048;11;;;;;61041.0;0.0
48;42500;ASH_COATED_OSMIUM;10001;15;9999;10;;;10017;11;10018;14;;;10009.0;0.0
48;42500;INTARIAN_PEPPER_ROOT;61036;9;;;;;61048;8;;;;;61042.0;0.0
48;42600;ASH_COATED_OSMIUM;9998;10;9997;12;9994;12;10016;12;10017;20;10019;2;10007.5;0.0
48;42600;INTARIAN_PEPPER_ROOT;61033;11;61032;11;;;61048;8;61050;10;;;61041.0;0.0
48;42700;ASH_COATED_OSMIUM;9995;11;9993;20;;;10011;10;10013;12;;;10003.5;0.0
48;42700;INTARIAN_PEPPER_ROOT;61031;11;61028;8;;;61045;8;61048;9;;;61038.0;0.0
48;42800;ASH_COATED_OSMIUM;9995;13;9994;28;;;10014;15;10016;11;;;10004.5;0.0
48;42800;INTARIAN_PEPPER_ROOT;61036;8;61035;12;;;61047;18;61050;24;;;61042.0;0.0
48;42900;ASH_COATED_OSMIUM;9991;14;9990;14;;;10007;13;10008;15;;;9999.0;0.0
48;42900;INTARIAN_PEPPER_ROOT;61038;9;61036;23;;;61049;10;61050;10;;;61044.0;0.0
48;43000;ASH_COATED_OSMIUM;9996;10;9995;27;9992;25;10006;10;10007;27;10009;4;10001.0;0.0
48;43000;INTARIAN_PEPPER_ROOT;61038;8;61035;10;;;61051;9;61052;12;;;61044.5;0.0
48;43100;ASH_COATED_OSMIUM;9992;12;;;;;10008;14;;;;;10000.5;0.0
48;43100;INTARIAN_PEPPER_ROOT;61035;11;;;;;61051;8;;;;;61043.0;0.0
48;43200;ASH_COATED_OSMIUM;10001;13;10000;14;;;10017;13;10019;13;;;10009.0;0.0
48;43200;INTARIAN_PEPPER_ROOT;61033;16;61032;12;61030;11;61048;9;61051;10;61052;11;61041.0;0.0
48;43300;ASH_COATED_OSMIUM;10000;29;9998;10;9996;23;10016;11;10018;14;10021;14;10008.0;0.0
48;43300;INTARIAN_PEPPER_ROOT;61038;12;61035;8;61034;12;61050;8;61051;11;61054;12;61044.0;0.0
48;43400;ASH_COATED_OSMIUM;10000;10;;;;;10016;29;;;;;10008.0;0.0
48;43400;INTARIAN_PEPPER_ROOT;61040;8;;;;;61053;12;;;;;61047.0;0.0
48;43500;ASH_COATED_OSMIUM;9996;11;9993;12;9992;14;10014;15;10017;12;10018;11;10005.0;0.0
48;43500;INTARIAN_PEPPER_ROOT;61037;10;61036;8;;;61050;10;61052;10;;;61044.0;0.0
48;43600;ASH_COATED_OSMIUM;9997;10;;;;;10007;14;;;;;10002.0;0.0
48;43600;INTARIAN_PEPPER_ROOT;61034;22;;;;;61047;10;;;;;61040.5;0.0
48;43700;ASH_COATED_OSMIUM;9985;12;;;;;10004;15;;;;;9995.0;0.0
48;43700;INTARIAN_PEPPER_ROOT;61037;9;61034;18;;;61051;9;61054;10;;;61044.0;0.0
48;43800;ASH_COATED_OSMIUM;9985;11;9983;14;9981;14;10003;11;10006;20;10007;12;9994.5;0.0
48;43800;INTARIAN_PEPPER_ROOT;61040;10;61038;10;;;61051;10;61053;12;;;61045.5;0.0
48;43900;ASH_COATED_OSMIUM;9985;12;;;;;10006;13;;;;;9995.5;0.0
48;43900;INTARIAN_PEPPER_ROOT;61036;12;;;;;61049;11;;;;;61042.5;0.0
48;44000;ASH_COATED_OSMIUM;9990;10;9988;11;;;10006;14;10009;11;;;9998.5;0.0
48;44000;INTARIAN_PEPPER_ROOT;61037;12;61035;11;;;61048;22;61050;12;;;61043.0;0.0
48;44100;ASH_COATED_OSMIUM;9991;12;9988;10;9987;12;10010;12;10012;10;10013;15;10001.0;0.0
48;44100;INTARIAN_PEPPER_ROOT;61037;12;61034;9;;;61051;8;61054;12;;;61044.5;0.0
48;44200;ASH_COATED_OSMIUM;9990;14;;;;;10006;15;;;;;9998.5;0.0
48;44200;INTARIAN_PEPPER_ROOT;61037;10;;;;;61049;10;;;;;61043.0;0.0
48;44300;ASH_COATED_OSMIUM;9991;11;;;;;10006;24;;;;;9998.5;0.0
48;44300;INTARIAN_PEPPER_ROOT;61040;10;61039;8;61038;20;61052;25;61054;11;61056;9;61046.0;0.0
48;44400;ASH_COATED_OSMIUM;9987;11;9984;10;;;10003;12;10005;10;;;9995.5;0.0
48;44400;INTARIAN_PEPPER_ROOT;61039;10;;;;;61052;12;;;;;61045.5;0.0
48;44500;ASH_COATED_OSMIUM;9985;15;9983;20;9981;13;10004;10;10005;10;10008;26;9995.0;0.0
48;44500;INTARIAN_PEPPER_ROOT;61038;8;;;;;61051;8;;;;;61045.0;0.0
48;44600;ASH_COATED_OSMIUM;9980;30;;;;;9996;13;;;;;9988.5;0.0
48;44600;INTARIAN_PEPPER_ROOT;61043;8;61040;8;;;61046;8;61049;9;;;61045.0;0.0
48;44700;ASH_COATED_OSMIUM;9980;14;9977;11;9976;4;9999;15;10001;11;10002;12;9990.0;0.0
48;44700;INTARIAN_PEPPER_ROOT;61038;8;61037;11;;;61051;12;61052;10;;;61044.5;0.0
48;44800;ASH_COATED_OSMIUM;9986;12;9985;10;9984;13;10002;14;10005;10;10006;13;9994.0;0.0
48;44800;INTARIAN_PEPPER_ROOT;61035;10;61033;10;61030;12;61048;8;61051;8;61052;11;61042.0;0.0
48;44900;ASH_COATED_OSMIUM;9981;25;9979;14;9976;13;9997;13;9999;11;10001;29;9989.0;0.0
48;44900;INTARIAN_PEPPER_ROOT;61037;8;61034;10;;;61054;8;61057;11;;;61046.0;0.0
48;45000;ASH_COATED_OSMIUM;9981;12;9980;12;9979;15;9999;10;10002;12;10003;22;9990.5;0.0
48;45000;INTARIAN_PEPPER_ROOT;61039;10;61036;12;;;61053;8;61054;9;;;61046.5;0.0
48;45100;ASH_COATED_OSMIUM;9984;28;;;;;10000;14;;;;;9992.5;0.0
48;45100;INTARIAN_PEPPER_ROOT;61036;10;;;;;61050;11;;;;;61043.5;0.0
48;45200;ASH_COATED_OSMIUM;9990;11;9988;13;9985;4;10006;11;10009;10;10012;15;9998.0;0.0
48;45200;INTARIAN_PEPPER_ROOT;61038;12;;;;;61052;8;;;;;61045.0;0.0
48;45300;ASH_COATED_OSMIUM;9991;11;9988;13;9987;13;10007;28;10010;23;10011;30;9999.5;0.0
48;45300;INTARIAN_PEPPER_ROOT;61034;8;;;;;61055;10;;;;;61044.5;0.0
48;45400;ASH_COATED_OSMIUM;9991;29;9990;15;;;10007;14;10010;11;;;9999.0;0.0
48;45400;INTARIAN_PEPPER_ROOT;61040;12;61039;8;;;61052;12;61054;12;;;61046.0;0.0
48;45500;ASH_COATED_OSMIUM;9989;14;;;;;10005;11;;;;;9997.5;0.0
48;45500;INTARIAN_PEPPER_ROOT;61038;8;61035;25;;;61055;8;61058;10;;;61047.0;0.0
48;45600;ASH_COATED_OSMIUM;9993;10;9991;12;9990;14;10002;24;10005;14;10008;10;9998.0;0.0
48;45600;INTARIAN_PEPPER_ROOT;61039;8;61038;10;61035;9;61052;9;61054;8;61055;18;61046.0;0.0
48;45700;ASH_COATED_OSMIUM;9992;22;9991;25;;;10010;13;10011;25;;;10001.5;0.0
48;45700;INTARIAN_PEPPER_ROOT;61035;10;61033;11;61032;11;61049;9;61051;8;61054;8;61042.5;0.0
48;45800;ASH_COATED_OSMIUM;9995;11;;;;;10011;15;;;;;10003.5;0.0
48;45800;INTARIAN_PEPPER_ROOT;61038;10;61036;10;;;61050;20;61052;12;;;61044.0;0.0
48;45900;ASH_COATED_OSMIUM;9994;23;9993;11;9992;11;10010;30;10012;5;10015;24;10002.0;0.0
48;45900;INTARIAN_PEPPER_ROOT;61040;12;61038;9;;;61053;11;61055;10;;;61047.0;0.0
48;46000;ASH_COATED_OSMIUM;9994;11;9992;15;;;10007;26;10009;21;;;10001.0;0.0
48;46000;INTARIAN_PEPPER_ROOT;61036;8;;;;;61050;12;;;;;61043.0;0.0
48;46100;ASH_COATED_OSMIUM;9988;14;9986;10;9983;11;10007;11;10009;10;10012;13;9998.0;0.0
48;46100;INTARIAN_PEPPER_ROOT;61040;11;;;;;61053;8;;;;;61047.0;0.0
48;46200;ASH_COATED_OSMIUM;9991;15;9988;11;;;10007;14;10010;23;;;9999.0;0.0
48;46200;INTARIAN_PEPPER_ROOT;61037;10;;;;;61048;17;;;;;61043.0;0.0
48;46300;ASH_COATED_OSMIUM;9991;4;9989;11;;;10001;10;10003;12;;;9996.5;0.0
48;46300;INTARIAN_PEPPER_ROOT;61035;8;61034;9;;;61049;8;61050;10;;;61042.0;0.0
48;46400;ASH_COATED_OSMIUM;9991;11;;;;;10007;10;;;;;9999.0;0.0
48;46400;INTARIAN_PEPPER_ROOT;61037;8;61036;6;;;61053;12;61054;24;;;61045.0;0.0
48;46500;ASH_COATED_OSMIUM;9990;14;;;;;10009;12;;;;;10000.0;0.0
48;46500;INTARIAN_PEPPER_ROOT;61038;10;;;;;61050;12;;;;;61044.0;0.0
48;46600;ASH_COATED_OSMIUM;9987;13;9986;15;;;10003;14;10004;10;;;9995.5;0.0
48;46600;INTARIAN_PEPPER_ROOT;61042;20;61041;11;61039;22;61054;9;61056;8;61059;9;61048.0;0.0
48;46700;ASH_COATED_OSMIUM;9984;14;9982;10;9981;13;10003;14;10004;11;10005;22;9994.0;0.0
48;46700;INTARIAN_PEPPER_ROOT;61041;12;;;;;61054;11;;;;;61047.5;0.0
48;46800;ASH_COATED_OSMIUM;9987;14;9986;10;;;10003;13;10006;15;;;9995.0;0.0
48;46800;INTARIAN_PEPPER_ROOT;61039;11;;;;;61051;8;;;;;61045.5;0.0
48;46900;ASH_COATED_OSMIUM;9988;10;;;;;10004;14;;;;;9996.0;0.0
48;46900;INTARIAN_PEPPER_ROOT;61043;8;61040;8;;;61056;9;61058;9;;;61049.5;0.0
48;47000;ASH_COATED_OSMIUM;9993;10;9991;21;9990;13;10011;10;10012;14;10013;12;10002.0;0.0
48;47000;INTARIAN_PEPPER_ROOT;61041;10;61040;11;;;61053;12;61056;8;;;61047.0;0.0
48;47100;ASH_COATED_OSMIUM;9999;11;;;;;10015;13;;;;;10007.5;0.0
48;47100;INTARIAN_PEPPER_ROOT;61042;16;61040;12;;;61054;17;61057;18;;;61048.5;0.0
48;47200;ASH_COATED_OSMIUM;9995;5;9994;11;;;10014;22;10017;15;;;10005.0;0.0
48;47200;INTARIAN_PEPPER_ROOT;61042;8;;;;;61054;8;;;;;61048.5;0.0
48;47300;ASH_COATED_OSMIUM;9997;15;9996;20;;;10015;12;10017;12;;;10006.5;0.0
48;47300;INTARIAN_PEPPER_ROOT;61040;11;61037;9;;;61054;11;61057;9;;;61047.0;0.0
48;47400;ASH_COATED_OSMIUM;9995;23;;;;;10011;11;;;;;10003.0;0.0
48;47400;INTARIAN_PEPPER_ROOT;61043;15;61042;12;61041;20;61056;23;61058;17;61059;17;61049.5;0.0
48;47500;ASH_COATED_OSMIUM;9996;14;9994;10;9993;10;10012;11;10014;12;10015;13;10004.5;0.0
48;47500;INTARIAN_PEPPER_ROOT;61038;12;61036;10;61035;8;61051;8;61053;11;61056;17;61045.0;0.0
48;47600;ASH_COATED_OSMIUM;10004;14;10001;10;;;10020;11;10022;23;;;10012.5;0.0
48;47600;INTARIAN_PEPPER_ROOT;61041;11;;;;;61055;9;;;;;61048.5;0.0
48;47700;ASH_COATED_OSMIUM;10004;13;10001;10;;;10020;27;10023;5;;;10012.5;0.0
48;47700;INTARIAN_PEPPER_ROOT;61041;11;61040;11;61038;11;61055;11;61058;8;61060;11;61048.0;0.0
48;47800;ASH_COATED_OSMIUM;10000;14;;;;;10008;24;;;;;10004.0;0.0
48;47800;INTARIAN_PEPPER_ROOT;61035;10;61034;12;61032;9;61051;11;61052;22;61053;20;61043.0;0.0
48;47900;ASH_COATED_OSMIUM;9994;12;9992;11;9991;12;10012;12;10015;24;10017;24;10003.0;0.0
48;47900;INTARIAN_PEPPER_ROOT;61044;9;61041;9;;;61057;25;61058;9;;;61050.5;0.0
48;48000;ASH_COATED_OSMIUM;9997;12;;;;;10013;3;;;;;10005.5;0.0
48;48000;INTARIAN_PEPPER_ROOT;61042;11;;;;;61054;12;;;;;61048.5;0.0
48;48100;ASH_COATED_OSMIUM;9992;15;9989;14;9988;15;10008;12;10010;10;10013;14;10000.5;0.0
48;48100;INTARIAN_PEPPER_ROOT;61043;8;61042;12;;;61055;9;61057;12;;;61049.0;0.0
48;48200;ASH_COATED_OSMIUM;9991;12;;;;;10007;14;;;;;9999.5;0.0
48;48200;INTARIAN_PEPPER_ROOT;61042;8;61041;16;61040;9;61054;8;61057;10;61059;11;61048.0;0.0
48;48300;ASH_COATED_OSMIUM;9993;22;;;;;10009;13;;;;;10001.5;0.0
48;48300;INTARIAN_PEPPER_ROOT;61044;12;61043;12;;;61057;11;61060;12;;;61050.5;0.0
48;48400;ASH_COATED_OSMIUM;9992;22;;;;;10008;9;;;;;10000.0;0.0
48;48400;INTARIAN_PEPPER_ROOT;61041;11;;;;;61053;12;;;;;61047.0;0.0
48;48500;ASH_COATED_OSMIUM;9997;10;;;;;10004;14;;;;;10000.5;0.0
48;48500;INTARIAN_PEPPER_ROOT;61040;8;61038;9;;;61053;11;61056;11;;;61047.0;0.0
48;48600;ASH_COATED_OSMIUM;9994;11;9991;10;;;10010;28;10012;14;;;10002.0;0.0
48;48600;INTARIAN_PEPPER_ROOT;61042;9;;;;;61056;11;;;;;61049.0;0.0
48;48700;ASH_COATED_OSMIUM;9994;13;;;;;10010;15;;;;;10002.5;0.0
48;48700;INTARIAN_PEPPER_ROOT;61038;10;;;;;61054;21;;;;;61046.5;0.0
48;48800;ASH_COATED_OSMIUM;9996;28;9994;11;;;10012;15;10015;12;;;10004.5;0.0
48;48800;INTARIAN_PEPPER_ROOT;61041;17;61040;11;;;61055;9;61057;9;;;61048.5;0.0
48;48900;ASH_COATED_OSMIUM;9997;24;9994;10;9991;13;10013;11;10015;10;10017;11;10005.0;0.0
48;48900;INTARIAN_PEPPER_ROOT;61041;9;61040;19;61039;8;61056;11;61058;9;61061;19;61049.0;0.0
48;49000;ASH_COATED_OSMIUM;9997;12;;;;;10013;15;;;;;10005.0;0.0
48;49000;INTARIAN_PEPPER_ROOT;61040;12;;;;;61054;11;;;;;61047.5;0.0
48;49100;ASH_COATED_OSMIUM;9994;13;9993;14;;;10010;15;10013;2;;;10002.5;0.0
48;49100;INTARIAN_PEPPER_ROOT;61044;8;61042;11;61041;11;61058;12;61060;10;61062;16;61051.0;0.0
48;49200;ASH_COATED_OSMIUM;9994;12;;;;;10010;11;;;;;10002.0;0.0
48;49200;INTARIAN_PEPPER_ROOT;61042;12;61041;12;;;61055;9;61057;9;;;61049.0;0.0
48;49300;ASH_COATED_OSMIUM;9993;10;9990;15;;;10009;23;10011;14;;;10001.5;0.0
48;49300;INTARIAN_PEPPER_ROOT;61038;17;61036;9;;;61054;9;61056;22;;;61046.0;0.0
48;49400;ASH_COATED_OSMIUM;9994;14;;;;;10010;11;;;;;10002.0;0.0
48;49400;INTARIAN_PEPPER_ROOT;61042;17;61039;11;61036;9;61055;8;61058;10;61061;18;61048.5;0.0
48;49500;ASH_COATED_OSMIUM;9995;5;;;;;10013;15;;;;;10004.5;0.0
48;49500;INTARIAN_PEPPER_ROOT;61042;8;61041;21;;;61055;12;61058;12;;;61049.0;0.0
48;49600;ASH_COATED_OSMIUM;9995;14;;;;;10011;15;;;;;10003.5;0.0
48;49600;INTARIAN_PEPPER_ROOT;61041;4;61040;21;61037;12;61054;16;61056;18;61059;10;61048.0;0.0
48;49700;ASH_COATED_OSMIUM;9998;21;9997;10;;;10014;15;10017;23;;;10006.5;0.0
48;49700;INTARIAN_PEPPER_ROOT;61042;24;61041;19;;;61058;12;61061;10;;;61050.0;0.0
48;49800;ASH_COATED_OSMIUM;10003;12;10001;13;9999;15;10013;5;10014;15;10017;15;10008.0;0.0
48;49800;INTARIAN_PEPPER_ROOT;61042;24;61039;12;;;61056;8;61059;3;;;61049.0;0.0
48;49900;ASH_COATED_OSMIUM;10000;11;;;;;10016;10;;;;;10008.5;0.0
48;49900;INTARIAN_PEPPER_ROOT;61041;3;;;;;61061;12;;;;;61051.5;0.0
48;50000;ASH_COATED_OSMIUM;10000;5;9999;10;9997;15;10019;15;10022;12;10025;14;10009.5;0.0
48;50000;INTARIAN_PEPPER_ROOT;61042;9;61039;9;61038;9;61059;12;61062;11;61063;11;61051.0;0.0
48;50100;ASH_COATED_OSMIUM;10000;22;9998;12;9997;5;10016;13;10018;29;10019;13;10008.0;0.0
48;50100;INTARIAN_PEPPER_ROOT;61041;10;61040;12;;;61055;8;61058;12;;;61048.0;0.0
48;50200;ASH_COATED_OSMIUM;9998;15;;;;;10014;14;;;;;10006.0;0.0
48;50200;INTARIAN_PEPPER_ROOT;61045;12;61044;11;;;61058;12;61060;10;;;61051.5;0.0
48;50300;ASH_COATED_OSMIUM;9999;21;9997;10;;;10015;11;10016;4;;;10007.5;0.0
48;50300;INTARIAN_PEPPER_ROOT;61050;9;61048;8;;;61053;11;61054;11;;;61052.0;0.0
48;50400;ASH_COATED_OSMIUM;9995;13;9992;14;;;10011;15;10013;10;;;10003.5;0.0
48;50400;INTARIAN_PEPPER_ROOT;61044;8;61042;10;61040;12;61056;8;61058;24;61061;8;61050.5;0.0
48;50500;ASH_COATED_OSMIUM;9992;22;9991;13;;;10008;15;10011;11;;;10000.5;0.0
48;50500;INTARIAN_PEPPER_ROOT;61046;17;61043;8;61040;8;61058;10;61061;20;61064;10;61052.0;0.0
48;50600;ASH_COATED_OSMIUM;9997;14;9995;24;;;10013;15;10016;15;;;10005.5;0.0
48;50600;INTARIAN_PEPPER_ROOT;61038;9;;;;;61054;11;;;;;61046.5;0.0
48;50700;ASH_COATED_OSMIUM;9994;14;;;;;10010;20;;;;;10002.5;0.0
48;50700;INTARIAN_PEPPER_ROOT;61045;9;61043;11;;;61058;9;61059;25;;;61051.5;0.0
48;50800;ASH_COATED_OSMIUM;9995;25;9994;11;9991;12;10011;11;10014;14;10015;14;10003.0;0.0
48;50800;INTARIAN_PEPPER_ROOT;61046;9;61043;11;;;61058;10;61059;10;;;61052.0;0.0
48;50900;ASH_COATED_OSMIUM;9996;12;9994;15;;;10012;14;10015;11;;;10004.5;0.0
48;50900;INTARIAN_PEPPER_ROOT;61040;11;61037;9;61034;9;61058;22;61060;5;61063;12;61049.5;0.0
48;51000;ASH_COATED_OSMIUM;9990;26;9989;24;9988;15;10006;10;10009;22;10011;14;9998.5;0.0
48;51000;INTARIAN_PEPPER_ROOT;61045;10;61043;8;;;61057;18;61060;11;;;61051.5;0.0
48;51100;ASH_COATED_OSMIUM;9986;10;9983;13;9982;14;10002;4;10004;15;10007;13;9994.5;0.0
48;51100;INTARIAN_PEPPER_ROOT;61047;11;61046;8;;;61059;11;61061;8;;;61053.5;0.0
48;51200;ASH_COATED_OSMIUM;9991;14;9988;25;9985;15;10007;15;10010;11;10012;14;9999.0;0.0
48;51200;INTARIAN_PEPPER_ROOT;61046;10;61045;10;61042;11;61060;11;61063;11;61065;12;61053.5;0.0
48;51300;ASH_COATED_OSMIUM;9989;15;;;;;10007;15;;;;;9998.5;0.0
48;51300;INTARIAN_PEPPER_ROOT;61045;8;;;;;61061;25;;;;;61053.5;0.0
48;51400;ASH_COATED_OSMIUM;9985;25;;;;;10001;10;;;;;9993.5;0.0
48;51400;INTARIAN_PEPPER_ROOT;61046;9;61044;8;;;61059;25;61060;20;;;61052.5;0.0
48;51500;ASH_COATED_OSMIUM;9984;15;9982;12;;;10000;14;10001;10;;;9992.5;0.0
48;51500;INTARIAN_PEPPER_ROOT;61043;22;;;;;61056;8;;;;;61050.0;0.0
48;51600;ASH_COATED_OSMIUM;9992;30;9990;10;;;10008;12;10011;14;;;10000.0;0.0
48;51600;INTARIAN_PEPPER_ROOT;61044;10;61042;8;61041;11;61061;22;61063;8;61065;8;61053.0;0.0
48;51700;ASH_COATED_OSMIUM;9993;14;9990;12;9988;13;10012;24;10014;10;10016;4;10003.0;0.0
48;51700;INTARIAN_PEPPER_ROOT;61045;9;;;;;61060;10;;;;;61052.5;0.0
48;51800;ASH_COATED_OSMIUM;9991;29;9988;10;9985;14;10010;14;10012;15;10014;15;10001.0;0.0
48;51800;INTARIAN_PEPPER_ROOT;61045;12;;;;;61058;10;;;;;61052.0;0.0
48;51900;ASH_COATED_OSMIUM;9996;11;9994;12;9992;12;10017;10;10019;13;10022;24;10007.0;0.0
48;51900;INTARIAN_PEPPER_ROOT;61047;18;61044;9;;;61059;18;61062;11;;;61053.5;0.0
48;52000;ASH_COATED_OSMIUM;9993;15;;;;;10014;8;;;;;10003.5;0.0
48;52000;INTARIAN_PEPPER_ROOT;61046;12;61044;11;61041;15;61063;11;61066;8;61067;11;61055.0;0.0
48;52100;ASH_COATED_OSMIUM;9993;20;9992;29;;;10011;12;10014;13;;;10002.5;0.0
48;52100;INTARIAN_PEPPER_ROOT;61048;9;;;;;61066;10;;;;;61057.5;0.0
48;52200;ASH_COATED_OSMIUM;9990;15;;;;;10006;10;;;;;9998.5;0.0
48;52200;INTARIAN_PEPPER_ROOT;61046;20;;;;;61058;8;;;;;61052.0;0.0
48;52300;ASH_COATED_OSMIUM;9992;12;9989;26;;;10008;15;10009;10;;;10000.0;0.0
48;52300;INTARIAN_PEPPER_ROOT;61044;10;61042;11;61040;8;61057;10;61060;9;61062;8;61051.0;0.0
48;52400;ASH_COATED_OSMIUM;9991;10;9989;13;;;10007;14;10009;12;;;9999.5;0.0
48;52400;INTARIAN_PEPPER_ROOT;61046;11;61043;23;;;61058;11;61060;12;;;61052.0;0.0
48;52500;ASH_COATED_OSMIUM;9992;10;9989;14;9987;27;10008;5;10009;14;10011;25;10000.0;0.0
48;52500;INTARIAN_PEPPER_ROOT;61048;12;;;;;61061;12;;;;;61055.0;0.0
48;52600;ASH_COATED_OSMIUM;9991;25;9988;11;;;10009;12;10010;15;;;10000.0;0.0
48;52600;INTARIAN_PEPPER_ROOT;61045;8;;;;;61058;8;;;;;61051.5;0.0
48;52700;ASH_COATED_OSMIUM;9990;12;9988;10;;;10006;13;10009;11;;;9998.0;0.0
48;52700;INTARIAN_PEPPER_ROOT;61045;10;;;;;61062;6;;;;;61054.0;0.0
48;52800;ASH_COATED_OSMIUM;9995;14;;;;;10005;27;;;;;10000.5;0.0
48;52800;INTARIAN_PEPPER_ROOT;61043;10;61041;11;61038;8;61059;12;61061;24;61064;11;61051.5;0.0
48;52900;ASH_COATED_OSMIUM;9990;12;9988;11;9986;10;10006;10;10007;15;10010;11;9998.0;0.0
48;52900;INTARIAN_PEPPER_ROOT;61050;16;;;;;61062;11;;;;;61056.5;0.0
48;53000;ASH_COATED_OSMIUM;9992;12;9989;29;9986;12;10010;13;10011;10;10014;29;10001.0;0.0
48;53000;INTARIAN_PEPPER_ROOT;61050;16;61048;12;61045;8;61063;11;61066;12;61068;8;61056.5;0.0
48;53100;ASH_COATED_OSMIUM;10002;15;9999;14;9997;12;10012;26;10013;11;10016;14;10007.5;0.0
48;53100;INTARIAN_PEPPER_ROOT;61047;10;;;;;61062;16;;;;;61054.5;0.0
48;53200;ASH_COATED_OSMIUM;9997;28;9995;13;;;10006;11;10008;13;;;10002.0;0.0
48;53200;INTARIAN_PEPPER_ROOT;61046;10;61044;4;61042;11;61061;21;61063;12;61066;8;61053.5;0.0
48;53300;ASH_COATED_OSMIUM;9989;14;;;;;10005;30;;;;;9997.0;0.0
48;53300;INTARIAN_PEPPER_ROOT;61041;12;61040;9;;;61058;7;61061;20;;;61050.0;0.0
48;53400;ASH_COATED_OSMIUM;9993;15;9992;14;9990;30;10009;9;10011;11;10012;10;10001.5;0.0
48;53400;INTARIAN_PEPPER_ROOT;61048;12;;;;;61064;10;;;;;61056.0;0.0
48;53500;ASH_COATED_OSMIUM;9994;10;9992;14;9989;29;10004;15;10006;12;10008;15;9999.5;0.0
48;53500;INTARIAN_PEPPER_ROOT;61049;12;61046;18;61043;9;61060;10;61063;10;61066;9;61054.5;0.0
48;53600;ASH_COATED_OSMIUM;9985;14;9983;11;;;10000;12;10001;25;;;9992.5;0.0
48;53600;INTARIAN_PEPPER_ROOT;61046;11;61043;8;;;61057;12;61058;8;;;61051.5;0.0
48;53700;ASH_COATED_OSMIUM;9981;11;;;;;9997;11;;;;;9989.5;0.0
48;53700;INTARIAN_PEPPER_ROOT;61049;23;61048;21;;;61059;11;61062;5;;;61054.0;0.0
48;53800;ASH_COATED_OSMIUM;9984;12;9981;13;;;10000;9;10003;12;;;9992.5;0.0
48;53800;INTARIAN_PEPPER_ROOT;61055;12;;;;;61059;19;;;;;61057.5;0.0
48;53900;ASH_COATED_OSMIUM;9990;11;9989;10;9987;11;9999;11;10002;14;10003;12;9994.5;0.0
48;53900;INTARIAN_PEPPER_ROOT;61048;12;61047;8;61044;11;61060;19;61062;10;61065;9;61054.5;0.0
48;54000;ASH_COATED_OSMIUM;9984;12;;;;;10000;14;;;;;9992.0;0.0
48;54000;INTARIAN_PEPPER_ROOT;61047;8;;;;;61061;10;;;;;61054.0;0.0
48;54100;ASH_COATED_OSMIUM;9996;14;9994;14;;;10006;4;10008;11;;;10001.0;0.0
48;54100;INTARIAN_PEPPER_ROOT;61046;10;61043;8;61042;11;61059;10;61060;10;61063;12;61053.0;0.0
48;54200;ASH_COATED_OSMIUM;9990;12;9988;28;;;10008;15;10009;2;;;9999.0;0.0
48;54200;INTARIAN_PEPPER_ROOT;61045;25;61044;12;;;61058;10;61060;11;;;61052.0;0.0
48;54300;ASH_COATED_OSMIUM;9997;13;9994;15;9991;11;10013;11;10016;10;10018;13;10005.0;0.0
48;54300;INTARIAN_PEPPER_ROOT;61050;9;;;;;61064;11;;;;;61057.0;0.0
48;54400;ASH_COATED_OSMIUM;9996;10;9993;11;9990;15;10015;24;10017;24;10018;12;10005.5;0.0
48;54400;INTARIAN_PEPPER_ROOT;61049;8;61047;10;;;61060;8;61062;23;;;61054.5;0.0
48;54500;ASH_COATED_OSMIUM;9992;13;9991;10;;;10008;29;10009;14;;;10000.5;0.0
48;54500;INTARIAN_PEPPER_ROOT;61053;5;61050;12;;;61060;11;61061;10;;;61056.5;0.0
48;54600;ASH_COATED_OSMIUM;9996;13;9994;12;9991;3;10012;14;10013;11;10015;10;10004.5;0.0
48;54600;INTARIAN_PEPPER_ROOT;61044;24;61043;11;;;61057;12;61058;8;;;61051.0;0.0
48;54700;ASH_COATED_OSMIUM;10004;13;10002;12;;;10020;30;10021;27;;;10012.0;0.0
48;54700;INTARIAN_PEPPER_ROOT;61048;8;61045;10;;;61061;12;61063;11;;;61054.5;0.0
48;54800;ASH_COATED_OSMIUM;10004;4;10002;15;10001;22;10020;12;10023;14;10025;15;10012.0;0.0
48;54800;INTARIAN_PEPPER_ROOT;61045;11;61044;9;61041;10;61066;8;61069;25;61070;12;61055.5;0.0
48;54900;ASH_COATED_OSMIUM;10000;30;9999;11;;;10007;13;10008;13;;;10004.0;0.0
48;54900;INTARIAN_PEPPER_ROOT;61051;8;61048;9;61045;11;61065;8;61066;12;61069;11;61058.5;0.0
48;55000;ASH_COATED_OSMIUM;9999;13;9997;11;;;10017;15;10018;12;;;10008.5;0.0
48;55000;INTARIAN_PEPPER_ROOT;61047;9;;;;;61060;25;;;;;61053.5;0.0
48;55100;ASH_COATED_OSMIUM;9999;13;9997;15;;;10017;7;10018;15;;;10008.0;0.0
48;55100;INTARIAN_PEPPER_ROOT;61054;11;;;;;61065;9;;;;;61060.0;0.0
48;55200;ASH_COATED_OSMIUM;9997;15;9994;14;;;10013;5;10015;13;;;10005.5;0.0
48;55200;INTARIAN_PEPPER_ROOT;61045;9;61043;12;61042;10;61057;19;61059;11;61062;10;61051.5;0.0
48;55300;ASH_COATED_OSMIUM;9992;11;;;;;10008;12;;;;;10000.5;0.0
48;55300;INTARIAN_PEPPER_ROOT;61050;10;61048;12;;;61063;10;61065;10;;;61056.5;0.0
48;55400;ASH_COATED_OSMIUM;9988;15;;;;;10004;30;;;;;9996.5;0.0
48;55400;INTARIAN_PEPPER_ROOT;61052;18;;;;;61063;8;;;;;61058.0;0.0
48;55500;ASH_COATED_OSMIUM;9987;12;;;;;10003;14;;;;;9995.5;0.0
48;55500;INTARIAN_PEPPER_ROOT;61051;19;61049;10;;;61065;15;61066;21;;;61058.0;0.0
48;55600;ASH_COATED_OSMIUM;9989;13;9987;10;9984;22;10010;10;10011;14;10014;20;9999.5;0.0
48;55600;INTARIAN_PEPPER_ROOT;61048;8;61047;9;;;61061;18;61064;12;;;61054.5;0.0
48;55700;ASH_COATED_OSMIUM;9989;15;9987;13;;;10008;13;10009;11;;;9999.0;0.0
48;55700;INTARIAN_PEPPER_ROOT;61051;9;;;;;61062;8;;;;;61056.5;0.0
48;55800;ASH_COATED_OSMIUM;9988;14;9987;10;9986;12;10006;10;10007;13;10008;12;9997.5;0.0
48;55800;INTARIAN_PEPPER_ROOT;61054;21;61052;8;61050;10;61067;11;61068;10;61069;9;61060.5;0.0
48;55900;ASH_COATED_OSMIUM;9985;11;9982;12;9980;12;10003;14;10004;10;10005;10;9994.5;0.0
48;55900;INTARIAN_PEPPER_ROOT;61050;12;61048;11;;;61063;9;61064;8;;;61057.0;0.0
48;56000;ASH_COATED_OSMIUM;9992;11;9991;12;;;10008;10;10010;23;;;10000.0;0.0
48;56000;INTARIAN_PEPPER_ROOT;61055;12;61054;10;;;61062;8;61065;12;;;61059.0;0.0
48;56100;ASH_COATED_OSMIUM;9991;13;9989;11;9988;10;10007;13;10008;13;10011;13;9999.0;0.0
48;56100;INTARIAN_PEPPER_ROOT;61050;12;61047;11;;;61064;8;61067;12;;;61057.5;0.0
48;56200;ASH_COATED_OSMIUM;9994;14;9991;13;;;10010;11;10013;14;;;10002.5;0.0
48;56200;INTARIAN_PEPPER_ROOT;61050;10;61048;10;;;61063;8;61065;9;;;61056.5;0.0
48;56300;ASH_COATED_OSMIUM;9996;10;;;;;10012;13;;;;;10004.0;0.0
48;56300;INTARIAN_PEPPER_ROOT;61050;10;61049;8;;;61064;11;61065;9;;;61057.0;0.0
48;56400;ASH_COATED_OSMIUM;9987;27;9985;15;;;10006;14;10009;12;;;9996.5;0.0
48;56400;INTARIAN_PEPPER_ROOT;61049;10;61048;12;;;61063;9;61066;4;;;61056.0;0.0
48;56500;ASH_COATED_OSMIUM;9991;15;;;;;10007;11;;;;;9999.0;0.0
48;56500;INTARIAN_PEPPER_ROOT;61056;12;61053;12;;;61068;9;61071;8;;;61062.0;0.0
48;56600;ASH_COATED_OSMIUM;9992;5;9989;14;;;10003;14;10004;11;;;9997.5;0.0
48;56600;INTARIAN_PEPPER_ROOT;61051;12;;;;;61066;16;;;;;61059.0;0.0
48;56700;ASH_COATED_OSMIUM;9987;14;;;;;10005;12;;;;;9996.5;0.0
48;56700;INTARIAN_PEPPER_ROOT;61047;23;61045;8;61044;10;61059;10;61060;10;61062;10;61053.0;0.0
48;56800;ASH_COATED_OSMIUM;9992;12;9990;13;;;10008;12;10011;20;;;10000.0;0.0
48;56800;INTARIAN_PEPPER_ROOT;61048;12;;;;;61062;12;;;;;61055.5;0.0
48;56900;ASH_COATED_OSMIUM;9993;10;9990;20;;;10009;25;10011;12;;;10001.5;0.0
48;56900;INTARIAN_PEPPER_ROOT;61051;10;61048;10;61047;8;61066;9;61069;11;61070;8;61058.5;0.0
48;57000;ASH_COATED_OSMIUM;9989;13;;;;;10005;10;;;;;9997.0;0.0
48;57000;INTARIAN_PEPPER_ROOT;61053;19;;;;;61066;11;;;;;61059.5;0.0
48;57100;ASH_COATED_OSMIUM;9985;14;;;;;10004;28;;;;;9994.5;0.0
48;57100;INTARIAN_PEPPER_ROOT;61045;12;61042;10;;;61059;11;61061;12;;;61052.5;0.0
48;57200;ASH_COATED_OSMIUM;9990;30;9987;10;;;10006;11;10009;30;;;9998.0;0.0
48;57200;INTARIAN_PEPPER_ROOT;61053;10;61050;9;;;61064;22;61066;18;;;61058.5;0.0
48;57300;ASH_COATED_OSMIUM;9990;10;;;;;10002;14;;;;;9996.0;0.0
48;57300;INTARIAN_PEPPER_ROOT;61051;11;61049;11;;;61067;9;61069;11;;;61059.0;0.0
48;57400;ASH_COATED_OSMIUM;9988;5;9985;10;9983;23;10004;12;10006;26;10008;14;9996.5;0.0
48;57400;INTARIAN_PEPPER_ROOT;61053;11;61050;12;;;61064;9;61065;19;;;61058.5;0.0
48;57500;ASH_COATED_OSMIUM;9991;15;;;;;10007;12;;;;;9999.5;0.0
48;57500;INTARIAN_PEPPER_ROOT;61051;12;61049;8;;;61067;25;61069;12;;;61059.5;0.0
48;57600;ASH_COATED_OSMIUM;9997;12;;;;;10004;13;;;;;10001.0;0.0
48;57600;INTARIAN_PEPPER_ROOT;61053;10;61051;8;;;61064;9;61067;8;;;61058.5;0.0
48;57700;ASH_COATED_OSMIUM;9991;15;9988;10;9985;15;10007;14;10009;15;10012;30;9999.5;0.0
48;57700;INTARIAN_PEPPER_ROOT;61049;10;61048;10;;;61065;12;61066;12;;;61057.5;0.0
48;57800;ASH_COATED_OSMIUM;9992;15;9991;10;9988;13;10008;11;10011;23;10014;15;10000.5;0.0
48;57800;INTARIAN_PEPPER_ROOT;61049;11;61046;20;;;61063;8;61066;9;;;61056.5;0.0
48;57900;ASH_COATED_OSMIUM;9994;11;;;;;10013;15;;;;;10004.0;0.0
48;57900;INTARIAN_PEPPER_ROOT;61053;9;61052;11;61049;12;61064;8;61065;9;61067;8;61058.5;0.0
48;58000;ASH_COATED_OSMIUM;9995;11;;;;;10011;29;;;;;10003.0;0.0
48;58000;INTARIAN_PEPPER_ROOT;61051;8;;;;;61067;8;;;;;61059.0;0.0
48;58100;ASH_COATED_OSMIUM;9992;23;9989;14;;;10008;15;10010;13;;;10000.5;0.0
48;58100;INTARIAN_PEPPER_ROOT;61053;11;;;;;61068;22;;;;;61060.5;0.0
48;58200;ASH_COATED_OSMIUM;9998;11;9995;12;9992;10;10014;14;10016;10;10018;11;10006.5;0.0
48;58200;INTARIAN_PEPPER_ROOT;61050;10;;;;;61064;12;;;;;61057.5;0.0
48;58300;ASH_COATED_OSMIUM;9991;15;9989;13;9987;15;10007;27;10009;11;10012;12;9999.0;0.0
48;58300;INTARIAN_PEPPER_ROOT;61054;11;61051;9;;;61067;24;61070;25;;;61061.0;0.0
48;58400;ASH_COATED_OSMIUM;9996;14;9994;14;9992;15;10012;13;10014;15;10015;11;10004.0;0.0
48;58400;INTARIAN_PEPPER_ROOT;61047;12;;;;;61066;9;;;;;61056.5;0.0
48;58500;ASH_COATED_OSMIUM;9997;15;9995;12;9993;11;10013;15;10015;12;10018;15;10005.0;0.0
48;58500;INTARIAN_PEPPER_ROOT;61054;8;61051;22;61048;8;61068;10;61069;20;61072;10;61061.0;0.0
48;58600;ASH_COATED_OSMIUM;9996;10;9995;15;;;10012;27;10014;27;;;10004.0;0.0
48;58600;INTARIAN_PEPPER_ROOT;61051;9;61048;12;;;61064;12;61065;12;;;61057.5;0.0
48;58700;ASH_COATED_OSMIUM;9989;15;;;;;10005;14;;;;;9997.5;0.0
48;58700;INTARIAN_PEPPER_ROOT;61048;8;61046;10;61044;12;61063;11;61064;11;61066;16;61056.0;0.0
48;58800;ASH_COATED_OSMIUM;9990;12;9989;30;9988;9;10006;14;10008;13;10011;15;9998.0;0.0
48;58800;INTARIAN_PEPPER_ROOT;61052;25;61049;10;61047;20;61065;25;61067;11;61069;11;61059.0;0.0
48;58900;ASH_COATED_OSMIUM;9989;11;;;;;10005;11;;;;;9997.0;0.0
48;58900;INTARIAN_PEPPER_ROOT;61051;11;;;;;61062;9;;;;;61057.0;0.0
48;59000;ASH_COATED_OSMIUM;9994;24;9993;14;;;10007;10;10009;10;;;10001.0;0.0
48;59000;INTARIAN_PEPPER_ROOT;61051;4;61050;9;;;61065;11;61067;11;;;61058.5;0.0
48;59100;ASH_COATED_OSMIUM;9991;11;9990;14;9989;13;10007;15;10008;11;10011;15;9999.5;0.0
48;59100;INTARIAN_PEPPER_ROOT;61055;12;61052;12;;;61068;12;61070;8;;;61061.5;0.0
48;59200;ASH_COATED_OSMIUM;9987;11;9985;14;;;10006;15;10009;13;;;9996.5;0.0
48;59200;INTARIAN_PEPPER_ROOT;61055;16;61054;9;;;61067;10;61068;9;;;61061.5;0.0
48;59300;ASH_COATED_OSMIUM;9983;29;9981;15;9979;11;10002;13;10004;13;10007;12;9993.0;0.0
48;59300;INTARIAN_PEPPER_ROOT;61053;12;61050;8;;;61068;20;61070;9;;;61061.0;0.0
48;59400;ASH_COATED_OSMIUM;9988;28;;;;;10004;14;;;;;9996.0;0.0
48;59400;INTARIAN_PEPPER_ROOT;61049;11;61048;9;61047;10;61066;12;61068;12;61071;19;61057.5;0.0
48;59500;ASH_COATED_OSMIUM;9989;13;9986;30;;;10007;11;10008;10;;;9998.5;0.0
48;59500;INTARIAN_PEPPER_ROOT;61055;20;61054;3;61052;8;61069;10;61072;12;61073;9;61062.5;0.0
48;59600;ASH_COATED_OSMIUM;9988;10;9987;14;;;10004;15;10006;13;;;9996.5;0.0
48;59600;INTARIAN_PEPPER_ROOT;61053;12;;;;;61065;11;;;;;61059.5;0.0
48;59700;ASH_COATED_OSMIUM;9987;11;9984;27;9982;13;10003;15;10004;15;10005;23;9995.0;0.0
48;59700;INTARIAN_PEPPER_ROOT;61056;8;;;;;61070;10;;;;;61063.0;0.0
48;59800;ASH_COATED_OSMIUM;9988;20;;;;;10004;11;;;;;9996.5;0.0
48;59800;INTARIAN_PEPPER_ROOT;61052;10;61049;8;;;61068;9;61069;8;;;61060.5;0.0
48;59900;ASH_COATED_OSMIUM;9986;12;9983;10;;;10007;13;10009;13;;;9997.0;0.0
48;59900;INTARIAN_PEPPER_ROOT;61051;9;;;;;61065;11;;;;;61058.5;0.0
48;60000;ASH_COATED_OSMIUM;9990;26;;;;;10006;13;;;;;9998.5;0.0
48;60000;INTARIAN_PEPPER_ROOT;61053;20;61052;9;;;61066;10;61068;12;;;61059.5;0.0
48;60100;ASH_COATED_OSMIUM;9990;10;9988;12;9987;10;10008;11;10010;12;10011;13;9999.0;0.0
48;60100;INTARIAN_PEPPER_ROOT;61061;12;61059;11;;;61070;24;61071;11;;;61066.0;0.0
48;60200;ASH_COATED_OSMIUM;9990;13;9989;25;9987;24;10006;10;10009;12;10011;26;9998.5;0.0
48;60200;INTARIAN_PEPPER_ROOT;61055;11;61053;10;;;61069;8;61071;22;;;61062.5;0.0
48;60300;ASH_COATED_OSMIUM;9990;11;9988;11;;;10006;3;10008;11;;;9998.5;0.0
48;60300;INTARIAN_PEPPER_ROOT;61053;9;61050;11;61048;10;61065;9;61068;8;61069;9;61059.0;0.0
48;60400;ASH_COATED_OSMIUM;9988;14;;;;;10004;13;;;;;9996.0;0.0
48;60400;INTARIAN_PEPPER_ROOT;61054;9;61052;10;61049;11;61066;17;61067;11;61070;8;61060.0;0.0
48;60500;ASH_COATED_OSMIUM;9991;11;;;;;9998;11;;;;;9994.5;0.0
48;60500;INTARIAN_PEPPER_ROOT;61052;9;61049;11;61047;9;61071;12;61072;10;61073;21;61061.5;0.0
48;60600;ASH_COATED_OSMIUM;9988;29;;;;;10004;28;;;;;9996.5;0.0
48;60600;INTARIAN_PEPPER_ROOT;61052;22;;;;;61065;12;;;;;61059.0;0.0
48;60700;ASH_COATED_OSMIUM;9994;10;9992;13;9991;10;10010;14;10012;20;10013;2;10002.0;0.0
48;60700;INTARIAN_PEPPER_ROOT;61054;10;61052;11;;;61067;8;61068;12;;;61060.5;0.0
48;60800;ASH_COATED_OSMIUM;9999;11;9997;12;9996;10;10015;14;10016;14;10018;10;10007.5;0.0
48;60800;INTARIAN_PEPPER_ROOT;61051;12;61050;8;;;61064;7;61066;10;;;61058.0;0.0
48;60900;ASH_COATED_OSMIUM;9994;14;;;;;10010;10;;;;;10002.5;0.0
48;60900;INTARIAN_PEPPER_ROOT;61058;11;61056;9;;;61069;12;61071;12;;;61064.0;0.0
48;61000;ASH_COATED_OSMIUM;9998;12;;;;;10014;10;;;;;10006.0;0.0
48;61000;INTARIAN_PEPPER_ROOT;61055;12;61054;11;61052;9;61068;23;61071;10;61074;19;61061.5;0.0
48;61100;ASH_COATED_OSMIUM;10001;14;;;;;10017;12;;;;;10009.0;0.0
48;61100;INTARIAN_PEPPER_ROOT;61052;20;61051;10;61050;12;61069;17;61070;9;61071;8;61061.0;0.0
48;61200;ASH_COATED_OSMIUM;10004;23;10003;10;;;10023;14;10025;13;;;10013.5;0.0
48;61200;INTARIAN_PEPPER_ROOT;61055;9;61054;11;61053;11;61070;12;61071;11;61074;8;61062.5;0.0
48;61300;ASH_COATED_OSMIUM;9997;2;9996;4;;;10013;15;10014;11;;;10005.0;0.0
48;61300;INTARIAN_PEPPER_ROOT;61052;19;61050;8;;;61064;22;61067;6;;;61058.5;0.0
48;61400;ASH_COATED_OSMIUM;9998;11;9996;11;;;10014;14;10015;15;;;10006.5;0.0
48;61400;INTARIAN_PEPPER_ROOT;61051;10;;;;;61064;11;;;;;61057.5;0.0
48;61500;ASH_COATED_OSMIUM;10000;15;;;;;10016;25;;;;;10008.0;0.0
48;61500;INTARIAN_PEPPER_ROOT;61056;8;61054;8;61053;11;61067;8;61070;9;61072;9;61061.5;0.0
48;61600;ASH_COATED_OSMIUM;9998;25;9995;13;;;10014;14;10017;15;;;10006.5;0.0
48;61600;INTARIAN_PEPPER_ROOT;61055;8;61053;19;61051;9;61066;8;61068;8;61071;8;61061.0;0.0
48;61700;ASH_COATED_OSMIUM;9998;14;9996;15;;;10014;11;10015;25;;;10006.5;0.0
48;61700;INTARIAN_PEPPER_ROOT;61056;11;61055;23;;;61071;11;61074;10;;;61064.0;0.0
48;61800;ASH_COATED_OSMIUM;9996;14;;;;;10014;12;;;;;10005.0;0.0
48;61800;INTARIAN_PEPPER_ROOT;61054;11;;;;;61070;20;;;;;61062.5;0.0
48;61900;ASH_COATED_OSMIUM;9998;12;;;;;10016;15;;;;;10007.5;0.0
48;61900;INTARIAN_PEPPER_ROOT;61054;9;61053;22;61051;17;61066;12;61067;8;61069;20;61060.5;0.0
48;62000;ASH_COATED_OSMIUM;10000;14;9998;15;;;10011;13;10012;15;;;10006.0;0.0
48;62000;INTARIAN_PEPPER_ROOT;61056;10;61055;8;61053;21;61068;9;61071;12;61073;8;61062.0;0.0
48;62100;ASH_COATED_OSMIUM;9996;7;;;;;10017;10;;;;;10007.0;0.0
48;62100;INTARIAN_PEPPER_ROOT;61059;20;61057;4;61055;12;61071;9;61074;8;61075;11;61065.0;0.0
48;62200;ASH_COATED_OSMIUM;10003;10;10002;15;;;10022;13;10025;11;;;10013.0;0.0
48;62200;INTARIAN_PEPPER_ROOT;61052;8;;;;;61068;12;;;;;61060.0;0.0
48;62300;ASH_COATED_OSMIUM;9999;15;;;;;10018;10;;;;;10008.5;0.0
48;62300;INTARIAN_PEPPER_ROOT;61056;8;61053;19;;;61070;11;61072;9;;;61063.5;0.0
48;62400;ASH_COATED_OSMIUM;9996;25;9995;23;;;10017;13;10019;11;;;10006.5;0.0
48;62400;INTARIAN_PEPPER_ROOT;61053;18;61050;12;;;61069;9;61071;11;;;61061.0;0.0
48;62500;ASH_COATED_OSMIUM;9993;22;9990;15;9989;13;10009;27;10010;13;10011;11;10001.0;0.0
48;62500;INTARIAN_PEPPER_ROOT;61057;10;61054;8;61051;12;61071;12;61074;11;61077;18;61064.0;0.0
48;62600;ASH_COATED_OSMIUM;9987;15;9984;25;;;10005;29;10006;13;;;9996.5;0.0
48;62600;INTARIAN_PEPPER_ROOT;61055;8;61052;11;;;61071;11;61073;10;;;61063.5;0.0
48;62700;ASH_COATED_OSMIUM;9988;26;;;;;10004;11;;;;;9996.5;0.0
48;62700;INTARIAN_PEPPER_ROOT;61061;9;;;;;61074;24;;;;;61067.5;0.0
48;62800;ASH_COATED_OSMIUM;9985;13;9984;13;;;10003;13;10006;14;;;9994.0;0.0
48;62800;INTARIAN_PEPPER_ROOT;61057;9;;;;;61072;9;;;;;61065.0;0.0
48;62900;ASH_COATED_OSMIUM;9981;15;9978;10;9976;3;10000;13;10002;12;10005;12;9990.5;0.0
48;62900;INTARIAN_PEPPER_ROOT;61054;11;61052;20;61050;8;61071;8;61072;8;61073;24;61062.5;0.0
48;63000;ASH_COATED_OSMIUM;9991;15;9990;4;;;10007;14;10009;22;;;9999.5;0.0
48;63000;INTARIAN_PEPPER_ROOT;61052;11;61051;9;61049;9;61068;12;61070;9;61073;24;61060.5;0.0
48;63100;ASH_COATED_OSMIUM;9993;13;9991;26;9989;11;10009;10;10010;23;10012;12;10001.0;0.0
48;63100;INTARIAN_PEPPER_ROOT;61057;11;61056;8;;;61071;22;61073;9;;;61064.0;0.0
48;63200;ASH_COATED_OSMIUM;9997;11;;;;;10007;14;;;;;10002.5;0.0
48;63200;INTARIAN_PEPPER_ROOT;61057;10;61055;22;;;61069;15;61070;12;;;61063.5;0.0
48;63300;ASH_COATED_OSMIUM;9985;10;;;;;10001;15;;;;;9993.5;0.0
48;63300;INTARIAN_PEPPER_ROOT;61059;11;61056;8;;;61070;9;61072;8;;;61065.0;0.0
48;63400;ASH_COATED_OSMIUM;9989;14;;;;;10005;10;;;;;9997.5;0.0
48;63400;INTARIAN_PEPPER_ROOT;61057;10;61054;11;;;61068;11;61069;19;;;61063.0;0.0
48;63500;ASH_COATED_OSMIUM;9988;12;;;;;10004;14;;;;;9996.5;0.0
48;63500;INTARIAN_PEPPER_ROOT;61058;12;;;;;61067;12;;;;;61063.0;0.0
48;63600;ASH_COATED_OSMIUM;9990;12;9987;11;;;10006;15;10007;11;;;9998.5;0.0
48;63600;INTARIAN_PEPPER_ROOT;61059;11;61057;11;61054;12;61073;25;61074;8;61076;11;61066.0;0.0
48;63700;ASH_COATED_OSMIUM;9980;12;9979;27;;;9996;12;9999;12;;;9988.0;0.0
48;63700;INTARIAN_PEPPER_ROOT;61060;11;;;;;61071;12;;;;;61065.5;0.0
48;63800;ASH_COATED_OSMIUM;9982;15;9980;14;;;9998;13;10000;4;;;9990.0;0.0
48;63800;INTARIAN_PEPPER_ROOT;61060;25;61057;12;;;61074;10;61076;11;;;61067.0;0.0
48;63900;ASH_COATED_OSMIUM;9982;12;;;;;9998;15;;;;;9990.5;0.0
48;63900;INTARIAN_PEPPER_ROOT;61060;10;;;;;61071;10;;;;;61065.5;0.0
