day;timestamp;product;bid_price_1;bid_volume_1;bid_price_2;bid_volume_2;bid_price_3;bid_volume_3;ask_price_1;ask_volume_1;ask_price_2;ask_volume_2;ask_price_3;ask_volume_3;mid_price;profit_and_loss
24;0;ASH_COATED_OSMIUM;9990;10;9987;14;;;10006;13;10007;29;;;9998.5;0.0
24;0;INTARIAN_PEPPER_ROOT;36996;8;36995;8;36994;8;37007;10;37008;9;37011;12;37001.5;0.0
24;100;ASH_COATED_OSMIUM;9996;11;9994;13;;;10001;10;10003;22;;;9999.0;0.0
24;100;INTARIAN_PEPPER_ROOT;36994;8;36992;11;;;37006;12;37007;15;;;37000.5;0.0
24;200;ASH_COATED_OSMIUM;9991;13;9990;11;;;10009;15;10012;15;;;10000.0;0.0
24;200;INTARIAN_PEPPER_ROOT;36990;10;36989;17;;;37005;24;37008;12;;;36998.0;0.0
24;300;ASH_COATED_OSMIUM;9990;20;9989;28;9986;10;10009;24;10010;15;10013;10;10000.0;0.0
24;300;INTARIAN_PEPPER_ROOT;36992;8;36989;9;36986;8;37008;10;37009;16;37011;16;37000.5;0.0
24;400;ASH_COATED_OSMIUM;9988;15;9986;13;9985;15;10007;12;10008;13;10009;13;9998.0;0.0
24;400;INTARIAN_PEPPER_ROOT;36993;9;;;;;37006;10;;;;;36999.5;0.0
24;500;ASH_COATED_OSMIUM;9991;11;;;;;10007;13;;;;;9999.5;0.0
24;500;INTARIAN_PEPPER_ROOT;36994;9;36991;20;;;37007;11;37010;10;;;37001.0;0.0
24;600;ASH_COATED_OSMIUM;9996;11;9993;15;;;10015;10;10017;25;;;10006.0;0.0
24;600;INTARIAN_PEPPER_ROOT;36996;12;;;;;37007;11;;;;;37001.5;0.0
24;700;ASH_COATED_OSMIUM;9994;10;9991;14;;;10012;10;10014;11;;;10003.0;0.0
24;700;INTARIAN_PEPPER_ROOT;36993;8;36992;11;36989;9;37007;24;37010;11;37012;10;37000.0;0.0
24;800;ASH_COATED_OSMIUM;9996;13;9993;14;;;10012;15;10014;20;;;10004.0;0.0
24;800;INTARIAN_PEPPER_ROOT;36992;12;36991;12;36990;10;37005;8;37008;11;37010;10;36998.5;0.0
24;900;ASH_COATED_OSMIUM;9983;10;;;;;10001;23;;;;;9992.0;0.0
24;900;INTARIAN_PEPPER_ROOT;36992;11;36990;9;36988;8;37004;15;37005;18;37007;11;36998.5;0.0
24;1000;ASH_COATED_OSMIUM;9985;12;;;;;10001;20;;;;;9993.5;0.0
24;1000;INTARIAN_PEPPER_ROOT;36994;10;36991;10;;;37011;12;37012;11;;;37003.0;0.0
24;1100;ASH_COATED_OSMIUM;9985;11;9984;12;9981;12;10001;21;10003;20;10004;15;9993.5;0.0
24;1100;INTARIAN_PEPPER_ROOT;36993;18;36990;12;36989;11;37007;10;37009;11;37011;8;37000.5;0.0
24;1200;ASH_COATED_OSMIUM;9986;12;9984;13;;;10002;12;10005;13;;;9994.0;0.0
24;1200;INTARIAN_PEPPER_ROOT;36992;10;36990;12;36989;5;37005;12;37007;11;37010;21;36998.5;0.0
24;1300;ASH_COATED_OSMIUM;9996;24;;;;;10012;13;;;;;10004.5;0.0
24;1300;INTARIAN_PEPPER_ROOT;36995;12;36993;10;36991;24;37009;25;37012;12;37014;23;37002.0;0.0
24;1400;ASH_COATED_OSMIUM;9992;15;9990;10;;;10011;10;10014;28;;;10002.0;0.0
24;1400;INTARIAN_PEPPER_ROOT;36997;9;36995;12;;;37010;10;37013;20;;;37003.5;0.0
24;1500;ASH_COATED_OSMIUM;9994;10;9991;10;9988;14;10010;14;10012;14;10013;14;10002.5;0.0
24;1500;INTARIAN_PEPPER_ROOT;36993;12;;;;;37004;17;;;;;36998.5;0.0
24;1600;ASH_COATED_OSMIUM;9996;14;;;;;10012;13;;;;;10004.5;0.0
24;1600;INTARIAN_PEPPER_ROOT;36994;8;;;;;37005;10;;;;;37000.0;0.0
24;1700;ASH_COATED_OSMIUM;9998;14;9996;28;;;10014;10;10016;14;;;10006.5;0.0
24;1700;INTARIAN_PEPPER_ROOT;36991;10;;;;;37004;12;;;;;36997.5;0.0
24;1800;ASH_COATED_OSMIUM;9996;10;9993;14;9991;29;10012;5;10014;12;10016;11;10004.0;0.0
24;1800;INTARIAN_PEPPER_ROOT;36997;8;36994;25;;;37009;22;37012;9;;;37003.0;0.0
24;1900;ASH_COATED_OSMIUM;9998;13;9997;10;;;10014;12;10016;23;;;10006.5;0.0
24;1900;INTARIAN_PEPPER_ROOT;36996;11;36994;9;36993;11;37004;10;37007;12;37009;11;37000.0;0.0
24;2000;ASH_COATED_OSMIUM;9998;29;;;;;10014;13;;;;;10006.0;0.0
24;2000;INTARIAN_PEPPER_ROOT;36993;11;;;;;37006;8;;;;;37000.0;0.0
24;2100;ASH_COATED_OSMIUM;10002;13;;;;;10011;13;;;;;10006.5;0.0
24;2100;INTARIAN_PEPPER_ROOT;36995;21;36992;15;;;37012;11;37014;8;;;37003.5;0.0
24;2200;ASH_COATED_OSMIUM;9999;12;9998;4;;;10015;28;10017;20;;;10007.5;0.0
24;2200;INTARIAN_PEPPER_ROOT;36994;11;;;;;37011;8;;;;;37002.5;0.0
24;2300;ASH_COATED_OSMIUM;9992;10;9989;13;;;10008;5;10009;11;;;10000.0;0.0
24;2300;INTARIAN_PEPPER_ROOT;36999;10;36998;12;36995;10;37010;11;37011;9;37012;9;37004.5;0.0
24;2400;ASH_COATED_OSMIUM;9994;24;9992;28;;;10010;11;10011;12;;;10002.5;0.0
24;2400;INTARIAN_PEPPER_ROOT;36998;9;36996;15;;;37004;21;37007;10;;;37001.0;0.0
24;2500;ASH_COATED_OSMIUM;9991;15;9988;10;;;10007;15;10009;13;;;9999.5;0.0
24;2500;INTARIAN_PEPPER_ROOT;36997;11;36996;19;;;37009;10;37011;9;;;37003.0;0.0
24;2600;ASH_COATED_OSMIUM;9998;10;9996;15;9994;12;10005;30;10008;14;10010;15;10001.5;0.0
24;2600;INTARIAN_PEPPER_ROOT;37003;10;37001;10;36998;5;37015;10;37018;17;37019;11;37009.0;0.0
24;2700;ASH_COATED_OSMIUM;9988;11;9987;13;;;10004;25;10005;14;;;9996.5;0.0
24;2700;INTARIAN_PEPPER_ROOT;36995;6;36994;9;;;37007;16;37010;10;;;37001.0;0.0
24;2800;ASH_COATED_OSMIUM;9987;12;9984;11;;;10005;25;10006;30;;;9996.5;0.0
24;2800;INTARIAN_PEPPER_ROOT;36995;11;36992;11;;;37006;10;37007;11;;;37000.5;0.0
24;2900;ASH_COATED_OSMIUM;9983;14;9982;14;;;10002;29;10004;12;;;9993.0;0.0
24;2900;INTARIAN_PEPPER_ROOT;36994;11;36991;9;;;37005;11;37007;10;;;37000.0;0.0
24;3000;ASH_COATED_OSMIUM;9983;15;9982;10;9980;13;10002;15;10005;20;10006;14;9993.0;0.0
24;3000;INTARIAN_PEPPER_ROOT;36996;8;36994;18;;;37009;23;37011;11;;;37003.0;0.0
24;3100;ASH_COATED_OSMIUM;9984;11;9981;15;9979;15;10002;12;10005;12;10006;14;9993.0;0.0
24;3100;INTARIAN_PEPPER_ROOT;36996;8;36993;12;;;37009;17;37011;11;;;37003.0;0.0
24;3200;ASH_COATED_OSMIUM;9986;15;9985;14;;;10002;9;10003;13;;;9994.5;0.0
24;3200;INTARIAN_PEPPER_ROOT;36999;16;36996;24;36995;9;37010;9;37013;12;37015;21;37005.0;0.0
24;3300;ASH_COATED_OSMIUM;9990;15;9988;14;9986;23;9999;30;10000;12;10001;13;9994.5;0.0
24;3300;INTARIAN_PEPPER_ROOT;36998;8;36997;9;;;37009;21;37012;11;;;37003.5;0.0
24;3400;ASH_COATED_OSMIUM;9984;11;9981;4;;;10002;29;10004;15;;;9993.5;0.0
24;3400;INTARIAN_PEPPER_ROOT;36997;8;;;;;37010;9;;;;;37003.5;0.0
24;3500;ASH_COATED_OSMIUM;9984;11;9981;10;;;10000;10;10003;11;;;9992.5;0.0
24;3500;INTARIAN_PEPPER_ROOT;36997;10;36995;17;;;37009;11;37012;12;;;37003.5;0.0
24;3600;ASH_COATED_OSMIUM;9990;10;9988;10;9987;13;10006;13;10007;13;10010;20;9998.5;0.0
24;3600;INTARIAN_PEPPER_ROOT;36998;11;36995;8;;;37011;12;37012;12;;;37005.0;0.0
24;3700;ASH_COATED_OSMIUM;9993;22;9992;10;;;10012;15;10013;13;;;10003.0;0.0
24;3700;INTARIAN_PEPPER_ROOT;36996;12;36995;9;36992;11;37009;11;37012;25;37014;10;37003.0;0.0
24;3800;ASH_COATED_OSMIUM;9996;14;;;;;10012;10;;;;;10004.5;0.0
24;3800;INTARIAN_PEPPER_ROOT;36998;12;36997;12;36994;10;37010;11;37012;10;37013;23;37004.0;0.0
24;3900;ASH_COATED_OSMIUM;9995;12;;;;;10014;11;;;;;10004.5;0.0
24;3900;INTARIAN_PEPPER_ROOT;37003;11;;;;;37016;12;;;;;37009.5;0.0
24;4000;ASH_COATED_OSMIUM;9993;11;9990;14;9988;30;10009;10;10011;15;10012;15;10001.5;0.0
24;4000;INTARIAN_PEPPER_ROOT;36997;10;36994;8;;;37010;12;37012;10;;;37003.5;0.0
24;4100;ASH_COATED_OSMIUM;9993;20;9992;11;9989;12;10009;12;10011;23;10012;12;10001.5;0.0
24;4100;INTARIAN_PEPPER_ROOT;36999;8;36997;12;36994;10;37016;11;37018;8;37020;11;37007.5;0.0
24;4200;ASH_COATED_OSMIUM;9990;15;9987;13;;;10006;4;10008;13;;;9998.0;0.0
24;4200;INTARIAN_PEPPER_ROOT;36996;8;36995;8;36994;10;37012;8;37013;12;37015;9;37004.0;0.0
24;4300;ASH_COATED_OSMIUM;9993;12;9990;15;;;10012;11;10014;12;;;10002.5;0.0
24;4300;INTARIAN_PEPPER_ROOT;37001;17;37000;12;36999;10;37012;9;37015;8;37017;11;37006.5;0.0
24;4400;ASH_COATED_OSMIUM;9992;12;9991;15;9988;13;10008;13;10010;13;10013;13;10000.5;0.0
24;4400;INTARIAN_PEPPER_ROOT;36996;8;36994;10;36991;8;37013;11;37015;20;37017;9;37005.0;0.0
24;4500;ASH_COATED_OSMIUM;9991;13;9989;21;;;10007;12;10009;13;;;9999.5;0.0
24;4500;INTARIAN_PEPPER_ROOT;37001;12;37000;9;;;37012;10;37014;10;;;37007.0;0.0
24;4600;ASH_COATED_OSMIUM;9990;15;9987;27;9985;10;10009;11;10012;14;10014;10;10000.0;0.0
24;4600;INTARIAN_PEPPER_ROOT;37001;8;37000;10;36997;19;37013;11;37016;12;37019;11;37007.5;0.0
24;4700;ASH_COATED_OSMIUM;9992;15;9991;13;;;10008;11;10009;13;;;10000.5;0.0
24;4700;INTARIAN_PEPPER_ROOT;36998;8;36997;15;36995;8;37012;8;37015;12;37018;17;37005.5;0.0
24;4800;ASH_COATED_OSMIUM;9989;11;9986;8;;;10002;11;10005;14;;;9996.0;0.0
24;4800;INTARIAN_PEPPER_ROOT;37000;22;;;;;37012;12;;;;;37006.0;0.0
24;4900;ASH_COATED_OSMIUM;9986;11;;;;;10005;6;;;;;9995.5;0.0
24;4900;INTARIAN_PEPPER_ROOT;36998;9;36997;10;;;37012;9;37015;9;;;37005.5;0.0
24;5000;ASH_COATED_OSMIUM;9989;13;9988;15;9987;29;10005;11;10006;14;10008;13;9997.5;0.0
24;5000;INTARIAN_PEPPER_ROOT;36999;8;;;;;37013;17;;;;;37006.5;0.0
24;5100;ASH_COATED_OSMIUM;9985;3;9983;22;9981;15;10001;14;10003;12;10004;10;9993.5;0.0
24;5100;INTARIAN_PEPPER_ROOT;36997;10;;;;;37013;12;;;;;37005.5;0.0
24;5200;ASH_COATED_OSMIUM;9989;11;;;;;10005;11;;;;;9997.5;0.0
24;5200;INTARIAN_PEPPER_ROOT;36997;11;36996;11;36993;9;37011;23;37014;20;37016;9;37004.0;0.0
24;5300;ASH_COATED_OSMIUM;9989;15;9988;23;9986;30;10005;12;10006;4;10008;15;9997.0;0.0
24;5300;INTARIAN_PEPPER_ROOT;36998;11;;;;;37011;15;;;;;37004.5;0.0
24;5400;ASH_COATED_OSMIUM;9982;22;9979;15;9978;12;9998;10;10000;15;10003;15;9990.5;0.0
24;5400;INTARIAN_PEPPER_ROOT;36998;12;;;;;37015;10;;;;;37007.0;0.0
24;5500;ASH_COATED_OSMIUM;9983;20;9980;3;;;9999;23;10000;13;;;9991.0;0.0
24;5500;INTARIAN_PEPPER_ROOT;37002;9;37001;9;37000;9;37015;12;37018;10;37020;10;37008.5;0.0
24;5600;ASH_COATED_OSMIUM;9979;14;9978;10;;;9998;11;9999;11;;;9989.0;0.0
24;5600;INTARIAN_PEPPER_ROOT;36999;10;36996;11;36994;8;37010;8;37013;21;37015;8;37005.0;0.0
24;5700;ASH_COATED_OSMIUM;9987;15;9985;10;;;10003;13;10006;14;;;9995.0;0.0
24;5700;INTARIAN_PEPPER_ROOT;37000;19;36997;11;36994;22;37015;9;37017;11;37020;8;37007.5;0.0
24;5800;ASH_COATED_OSMIUM;9984;10;9983;12;;;10000;15;10002;12;;;9992.5;0.0
24;5800;INTARIAN_PEPPER_ROOT;37009;8;37006;10;;;37012;8;37014;11;;;37010.5;0.0
24;5900;ASH_COATED_OSMIUM;9985;2;9983;10;9981;14;10004;11;10005;10;10008;14;9994.5;0.0
24;5900;INTARIAN_PEPPER_ROOT;36999;22;36997;7;;;37010;11;37012;9;;;37005.0;0.0
24;6000;ASH_COATED_OSMIUM;9990;13;;;;;10006;14;;;;;9998.0;0.0
24;6000;INTARIAN_PEPPER_ROOT;36996;12;;;;;37009;19;;;;;37003.0;0.0
24;6100;ASH_COATED_OSMIUM;9993;26;;;;;10009;15;;;;;10001.5;0.0
24;6100;INTARIAN_PEPPER_ROOT;37003;10;37001;8;36999;9;37015;11;37017;8;37020;9;37009.0;0.0
24;6200;ASH_COATED_OSMIUM;9989;11;;;;;10005;20;;;;;9997.0;0.0
24;6200;INTARIAN_PEPPER_ROOT;36999;6;36997;11;;;37011;12;37014;22;;;37005.0;0.0
24;6300;ASH_COATED_OSMIUM;9988;12;9986;11;9984;21;10004;11;10005;10;10007;10;9996.5;0.0
24;6300;INTARIAN_PEPPER_ROOT;37002;5;;;;;37013;12;;;;;37008.0;0.0
24;6400;ASH_COATED_OSMIUM;9987;10;9985;12;9982;15;10005;11;10008;4;10010;30;9996.0;0.0
24;6400;INTARIAN_PEPPER_ROOT;36997;11;36996;8;36994;10;37010;25;37012;9;37014;9;37003.5;0.0
24;6500;ASH_COATED_OSMIUM;9991;13;9988;14;;;9997;30;10000;3;;;9994.5;0.0
24;6500;INTARIAN_PEPPER_ROOT;37002;10;37000;10;36999;24;37013;9;37014;9;37017;9;37007.5;0.0
24;6600;ASH_COATED_OSMIUM;9989;11;;;;;10007;15;;;;;9998.5;0.0
24;6600;INTARIAN_PEPPER_ROOT;37000;10;;;;;37012;12;;;;;37006.0;0.0
24;6700;ASH_COATED_OSMIUM;9989;11;9986;14;9983;10;10005;21;10007;14;10008;11;9997.5;0.0
24;6700;INTARIAN_PEPPER_ROOT;37004;11;;;;;37016;15;;;;;37010.5;0.0
24;6800;ASH_COATED_OSMIUM;9987;11;;;;;10006;12;;;;;9997.0;0.0
24;6800;INTARIAN_PEPPER_ROOT;36997;5;36995;11;36992;4;37011;11;37012;12;37013;9;37004.5;0.0
24;6900;ASH_COATED_OSMIUM;9991;13;9990;13;;;10007;11;10010;14;;;9999.5;0.0
24;6900;INTARIAN_PEPPER_ROOT;37003;9;37001;12;;;37015;8;37018;11;;;37009.0;0.0
24;7000;ASH_COATED_OSMIUM;10003;15;10000;15;;;10013;13;10016;11;;;10008.0;0.0
24;7000;INTARIAN_PEPPER_ROOT;37003;20;37001;11;;;37016;10;37017;12;;;37009.5;0.0
24;7100;ASH_COATED_OSMIUM;9999;10;9998;10;;;10015;12;10016;10;;;10007.5;0.0
24;7100;INTARIAN_PEPPER_ROOT;36998;9;36997;11;;;37010;10;37011;11;;;37004.0;0.0
24;7200;ASH_COATED_OSMIUM;9997;11;9996;14;9993;24;10013;24;10016;12;10019;14;10005.5;0.0
24;7200;INTARIAN_PEPPER_ROOT;36997;12;36995;9;;;37011;11;37012;15;;;37004.0;0.0
24;7300;ASH_COATED_OSMIUM;9991;10;9988;15;;;10009;23;10010;12;;;10000.0;0.0
24;7300;INTARIAN_PEPPER_ROOT;36999;8;36998;11;;;37015;24;37016;16;;;37007.0;0.0
24;7400;ASH_COATED_OSMIUM;9988;13;9987;10;;;10009;22;10012;29;;;9998.5;0.0
24;7400;INTARIAN_PEPPER_ROOT;37003;9;37001;9;;;37016;8;37017;8;;;37009.5;0.0
24;7500;ASH_COATED_OSMIUM;9992;4;;;;;10008;13;;;;;10000.5;0.0
24;7500;INTARIAN_PEPPER_ROOT;36998;8;36995;23;;;37013;6;37014;8;;;37006.0;0.0
24;7600;ASH_COATED_OSMIUM;9994;10;;;;;10012;12;;;;;10003.0;0.0
24;7600;INTARIAN_PEPPER_ROOT;37000;8;36997;9;;;37013;17;37014;10;;;37006.5;0.0
24;7700;ASH_COATED_OSMIUM;9999;10;9997;13;;;10005;11;10007;14;;;10002.5;0.0
24;7700;INTARIAN_PEPPER_ROOT;37001;12;;;;;37012;12;;;;;37007.0;0.0
24;7800;ASH_COATED_OSMIUM;9997;11;;;;;10007;24;;;;;10002.0;0.0
24;7800;INTARIAN_PEPPER_ROOT;37006;12;37003;8;;;37019;11;37022;8;;;37013.0;0.0
24;7900;ASH_COATED_OSMIUM;9998;13;9996;14;9993;13;10007;10;10008;2;10011;12;10002.5;0.0
24;7900;INTARIAN_PEPPER_ROOT;37004;8;37003;8;;;37016;10;37019;8;;;37010.5;0.0
24;8000;ASH_COATED_OSMIUM;9989;14;9988;26;;;10005;13;10007;13;;;9997.5;0.0
24;8000;INTARIAN_PEPPER_ROOT;37003;9;37000;8;;;37015;11;37016;10;;;37009.0;0.0
24;8100;ASH_COATED_OSMIUM;9982;27;9981;12;9978;13;9998;13;9999;13;10002;10;9990.5;0.0
24;8100;INTARIAN_PEPPER_ROOT;37005;10;37003;8;37001;10;37020;17;37021;9;37022;12;37012.5;0.0
24;8200;ASH_COATED_OSMIUM;9986;14;9983;13;9982;10;10002;14;10003;12;10005;15;9994.0;0.0
24;8200;INTARIAN_PEPPER_ROOT;37000;8;36997;22;;;37019;12;37021;8;;;37009.5;0.0
24;8300;ASH_COATED_OSMIUM;9994;26;;;;;10004;10;;;;;9999.5;0.0
24;8300;INTARIAN_PEPPER_ROOT;37010;9;;;;;37021;8;;;;;37015.5;0.0
24;8400;ASH_COATED_OSMIUM;9992;5;;;;;10011;23;;;;;10001.5;0.0
24;8400;INTARIAN_PEPPER_ROOT;37002;10;37001;12;37000;8;37017;12;37018;11;37020;8;37010.0;0.0
24;8500;ASH_COATED_OSMIUM;9997;15;9995;10;;;10013;10;10015;11;;;10005.0;0.0
24;8500;INTARIAN_PEPPER_ROOT;36999;8;36997;8;36994;12;37016;9;37018;11;37020;11;37007.5;0.0
24;8600;ASH_COATED_OSMIUM;10004;12;10001;13;9998;12;10009;8;10011;10;10013;30;10006.5;0.0
24;8600;INTARIAN_PEPPER_ROOT;37002;8;37000;12;;;37015;10;37016;12;;;37009.0;0.0
24;8700;ASH_COATED_OSMIUM;9993;29;9991;14;;;10009;13;10011;14;;;10001.5;0.0
24;8700;INTARIAN_PEPPER_ROOT;37006;23;37003;10;;;37018;12;37020;11;;;37012.5;0.0
24;8800;ASH_COATED_OSMIUM;9994;15;9992;11;9991;15;10010;11;10013;10;10014;14;10002.5;0.0
24;8800;INTARIAN_PEPPER_ROOT;37001;25;;;;;37016;9;;;;;37008.5;0.0
24;8900;ASH_COATED_OSMIUM;9989;12;9987;13;;;10005;10;10008;3;;;9997.5;0.0
24;8900;INTARIAN_PEPPER_ROOT;37006;9;37003;10;37000;15;37020;10;37023;24;37024;12;37013.0;0.0
24;9000;ASH_COATED_OSMIUM;9994;13;9993;11;9991;4;10004;14;10006;14;10008;14;9999.5;0.0
24;9000;INTARIAN_PEPPER_ROOT;37004;8;37003;9;;;37016;10;37018;10;;;37010.5;0.0
24;9100;ASH_COATED_OSMIUM;9988;3;9987;15;;;10004;20;10007;10;;;9996.0;0.0
24;9100;INTARIAN_PEPPER_ROOT;37001;20;36999;9;;;37014;10;37015;8;;;37008.0;0.0
24;9200;ASH_COATED_OSMIUM;9987;12;;;;;10008;14;;;;;9998.0;0.0
24;9200;INTARIAN_PEPPER_ROOT;37003;9;37002;11;37001;12;37015;23;37016;8;37017;10;37009.0;0.0
24;9300;ASH_COATED_OSMIUM;9996;15;9994;14;;;10012;11;10014;12;;;10004.5;0.0
24;9300;INTARIAN_PEPPER_ROOT;37003;8;37002;8;36999;8;37019;9;37021;11;37024;20;37011.5;0.0
24;9400;ASH_COATED_OSMIUM;10002;15;10000;28;;;10018;11;10019;15;;;10010.5;0.0
24;9400;INTARIAN_PEPPER_ROOT;37003;23;37001;10;37000;25;37017;8;37019;8;37022;9;37010.5;0.0
24;9500;ASH_COATED_OSMIUM;9995;10;;;;;10011;11;;;;;10003.5;0.0
24;9500;INTARIAN_PEPPER_ROOT;37002;11;37001;11;36998;12;37014;8;37015;9;37016;9;37008.0;0.0
24;9600;ASH_COATED_OSMIUM;9995;7;9994;12;;;10014;12;10017;12;;;10004.5;0.0
24;9600;INTARIAN_PEPPER_ROOT;37002;9;37000;10;;;37016;11;37018;8;;;37009.0;0.0
24;9700;ASH_COATED_OSMIUM;9997;21;;;;;10007;13;;;;;10002.0;0.0
24;9700;INTARIAN_PEPPER_ROOT;37003;8;37001;12;;;37016;22;37017;9;;;37010.0;0.0
24;9800;ASH_COATED_OSMIUM;9994;11;;;;;10012;10;;;;;10003.0;0.0
24;9800;INTARIAN_PEPPER_ROOT;37005;11;37002;10;36999;9;37021;9;37024;9;37027;11;37013.0;0.0
24;9900;ASH_COATED_OSMIUM;9989;12;9987;12;;;10007;13;10010;14;;;9998.5;0.0
24;9900;INTARIAN_PEPPER_ROOT;37000;9;;;;;37013;10;;;;;37006.5;0.0
24;10000;ASH_COATED_OSMIUM;9992;14;9989;4;9987;15;10010;13;10011;10;10014;15;10001.0;0.0
24;10000;INTARIAN_PEPPER_ROOT;36996;10;36994;10;;;37011;8;37013;12;;;37003.5;0.0
24;10100;ASH_COATED_OSMIUM;9993;26;;;;;10009;11;;;;;10001.5;0.0
24;10100;INTARIAN_PEPPER_ROOT;37006;9;37004;12;;;37018;10;37020;25;;;37012.0;0.0
24;10200;ASH_COATED_OSMIUM;9996;13;9994;15;;;10012;15;10013;21;;;10004.0;0.0
24;10200;INTARIAN_PEPPER_ROOT;37000;12;36999;11;;;37014;10;37016;8;;;37007.0;0.0
24;10300;ASH_COATED_OSMIUM;9997;14;9995;13;9993;13;10013;14;10016;15;10018;15;10005.0;0.0
24;10300;INTARIAN_PEPPER_ROOT;37005;12;37003;9;;;37018;17;37019;9;;;37011.5;0.0
24;10400;ASH_COATED_OSMIUM;9993;30;9991;22;;;10009;14;10011;11;;;10001.5;0.0
24;10400;INTARIAN_PEPPER_ROOT;37000;12;36997;9;;;37016;17;37017;8;;;37008.5;0.0
24;10500;ASH_COATED_OSMIUM;9993;12;9992;25;9991;14;10009;15;10012;20;10015;11;10001.0;0.0
24;10500;INTARIAN_PEPPER_ROOT;36999;10;36997;11;;;37011;8;37014;10;;;37005.5;0.0
24;10600;ASH_COATED_OSMIUM;9992;14;9991;10;9988;13;10008;13;10011;13;10014;12;10000.0;0.0
24;10600;INTARIAN_PEPPER_ROOT;37003;20;;;;;37016;18;;;;;37010.0;0.0
24;10700;ASH_COATED_OSMIUM;9993;15;9991;13;;;10012;14;10014;12;;;10002.5;0.0
24;10700;INTARIAN_PEPPER_ROOT;37002;8;37001;11;36999;8;37015;11;37017;10;37018;10;37009.0;0.0
24;10800;ASH_COATED_OSMIUM;9997;30;;;;;10013;13;;;;;10005.5;0.0
24;10800;INTARIAN_PEPPER_ROOT;37011;9;37009;10;37007;11;37014;9;37015;12;37018;10;37012.5;0.0
24;10900;ASH_COATED_OSMIUM;9995;12;9992;12;9991;29;10011;21;10012;14;10013;13;10003.5;0.0
24;10900;INTARIAN_PEPPER_ROOT;37005;10;37004;12;37002;11;37018;19;37020;11;37023;8;37011.5;0.0
24;11000;ASH_COATED_OSMIUM;10001;11;9998;3;;;10011;11;10012;29;;;10006.5;0.0
24;11000;INTARIAN_PEPPER_ROOT;37001;8;37000;8;36997;10;37014;12;37017;12;37018;8;37008.0;0.0
24;11100;ASH_COATED_OSMIUM;10003;12;;;;;10019;22;;;;;10011.5;0.0
24;11100;INTARIAN_PEPPER_ROOT;37009;11;37006;22;37004;21;37020;24;37021;8;37024;12;37014.5;0.0
24;11200;ASH_COATED_OSMIUM;10005;10;10003;23;10002;12;10021;22;10024;12;10027;10;10013.5;0.0
24;11200;INTARIAN_PEPPER_ROOT;37000;11;36998;12;36997;11;37016;25;37017;8;37020;8;37008.5;0.0
24;11300;ASH_COATED_OSMIUM;10005;29;10004;11;10001;10;10017;15;10018;10;10020;11;10011.0;0.0
24;11300;INTARIAN_PEPPER_ROOT;37005;11;;;;;37017;11;;;;;37011.5;0.0
24;11400;ASH_COATED_OSMIUM;9998;14;9995;14;;;10014;27;10017;12;;;10006.0;0.0
24;11400;INTARIAN_PEPPER_ROOT;37004;10;37003;8;37002;8;37020;9;37023;10;37026;11;37012.5;0.0
24;11500;ASH_COATED_OSMIUM;9997;14;9996;11;;;10013;13;10014;28;;;10005.5;0.0
24;11500;INTARIAN_PEPPER_ROOT;37005;11;37004;11;;;37018;8;37020;12;;;37011.5;0.0
24;11600;ASH_COATED_OSMIUM;9994;12;;;;;10010;26;;;;;10002.0;0.0
24;11600;INTARIAN_PEPPER_ROOT;37004;10;37002;10;;;37015;10;37017;8;;;37010.0;0.0
24;11700;ASH_COATED_OSMIUM;9992;15;9989;11;;;10010;10;10013;12;;;10001.0;0.0
24;11700;INTARIAN_PEPPER_ROOT;37004;9;37002;12;;;37017;9;37020;9;;;37011.0;0.0
24;11800;ASH_COATED_OSMIUM;9990;12;9989;15;9986;11;10009;12;10012;10;10014;14;10000.0;0.0
24;11800;INTARIAN_PEPPER_ROOT;37008;10;;;;;37021;8;;;;;37015.0;0.0
24;11900;ASH_COATED_OSMIUM;9995;11;9993;20;;;10013;24;10015;12;;;10004.0;0.0
24;11900;INTARIAN_PEPPER_ROOT;37008;10;37006;12;;;37021;8;37023;11;;;37014.5;0.0
24;12000;ASH_COATED_OSMIUM;9996;10;;;;;10014;13;;;;;10005.0;0.0
24;12000;INTARIAN_PEPPER_ROOT;37006;25;;;;;37018;9;;;;;37012.0;0.0
24;12100;ASH_COATED_OSMIUM;9994;28;9993;10;;;10010;20;10013;12;;;10002.5;0.0
24;12100;INTARIAN_PEPPER_ROOT;37002;8;;;;;37014;10;;;;;37008.5;0.0
24;12200;ASH_COATED_OSMIUM;9992;14;9991;11;;;10008;10;10010;8;;;10000.0;0.0
24;12200;INTARIAN_PEPPER_ROOT;37009;24;;;;;37022;10;;;;;37016.0;0.0
24;12300;ASH_COATED_OSMIUM;9984;12;9982;24;9979;13;10003;30;10004;11;10005;2;9993.5;0.0
24;12300;INTARIAN_PEPPER_ROOT;37000;10;;;;;37012;25;;;;;37006.5;0.0
24;12400;ASH_COATED_OSMIUM;9981;13;9979;14;;;10002;10;10005;12;;;9991.5;0.0
24;12400;INTARIAN_PEPPER_ROOT;37001;11;;;;;37014;25;;;;;37007.5;0.0
24;12500;ASH_COATED_OSMIUM;9989;13;9988;15;;;10007;25;10009;14;;;9998.0;0.0
24;12500;INTARIAN_PEPPER_ROOT;37003;8;;;;;37017;11;;;;;37010.5;0.0
24;12600;ASH_COATED_OSMIUM;9991;14;9990;11;9988;11;10007;15;10010;15;10012;11;9999.0;0.0
24;12600;INTARIAN_PEPPER_ROOT;37005;8;37003;12;;;37022;9;37024;8;;;37014.0;0.0
24;12700;ASH_COATED_OSMIUM;9990;14;9988;14;;;10011;24;10014;12;;;10000.5;0.0
24;12700;INTARIAN_PEPPER_ROOT;37008;11;37007;10;37006;11;37019;25;37022;12;37025;12;37013.5;0.0
24;12800;ASH_COATED_OSMIUM;9990;14;;;;;10006;28;;;;;9998.5;0.0
24;12800;INTARIAN_PEPPER_ROOT;37006;10;37004;8;;;37021;8;37024;18;;;37013.5;0.0
24;12900;ASH_COATED_OSMIUM;9990;15;9987;13;;;10006;13;10008;14;;;9998.0;0.0
24;12900;INTARIAN_PEPPER_ROOT;37009;10;37008;12;37006;10;37020;12;37021;12;37024;12;37014.5;0.0
24;13000;ASH_COATED_OSMIUM;9993;14;9992;12;;;10009;11;10010;12;;;10001.5;0.0
24;13000;INTARIAN_PEPPER_ROOT;37007;8;37005;11;;;37022;10;37024;12;;;37015.0;0.0
24;13100;ASH_COATED_OSMIUM;9992;24;9990;12;9989;24;10008;10;10011;13;10013;10;10000.0;0.0
24;13100;INTARIAN_PEPPER_ROOT;37006;11;37004;12;;;37021;10;37022;8;;;37013.5;0.0
24;13200;ASH_COATED_OSMIUM;9996;14;;;;;10003;12;;;;;10000.0;0.0
24;13200;INTARIAN_PEPPER_ROOT;37004;10;;;;;37018;18;;;;;37011.5;0.0
24;13300;ASH_COATED_OSMIUM;9987;12;9984;15;;;10003;14;10004;13;;;9995.5;0.0
24;13300;INTARIAN_PEPPER_ROOT;37007;12;;;;;37022;10;;;;;37015.0;0.0
24;13400;ASH_COATED_OSMIUM;9990;15;9988;20;9987;10;10009;29;10010;24;10013;25;9999.5;0.0
24;13400;INTARIAN_PEPPER_ROOT;37009;17;37006;19;37005;8;37021;11;37024;12;37027;8;37015.0;0.0
24;13500;ASH_COATED_OSMIUM;9996;14;9993;11;;;10012;15;10014;12;;;10004.5;0.0
24;13500;INTARIAN_PEPPER_ROOT;37008;9;37006;12;;;37022;23;37023;12;;;37015.5;0.0
24;13600;ASH_COATED_OSMIUM;9997;10;9995;4;9992;12;10015;15;10018;15;10021;26;10006.0;0.0
24;13600;INTARIAN_PEPPER_ROOT;37010;25;37008;25;;;37013;8;37016;8;;;37012.0;0.0
24;13700;ASH_COATED_OSMIUM;9997;10;9995;12;;;10013;14;10014;10;;;10005.0;0.0
24;13700;INTARIAN_PEPPER_ROOT;37007;24;37004;11;37003;9;37019;8;37022;8;37024;9;37013.0;0.0
24;13800;ASH_COATED_OSMIUM;9997;29;9996;24;9994;13;10013;10;10016;15;10017;15;10005.0;0.0
24;13800;INTARIAN_PEPPER_ROOT;37006;24;37003;11;;;37019;11;37020;8;;;37013.0;0.0
24;13900;ASH_COATED_OSMIUM;9996;14;9995;11;;;10012;10;10015;11;;;10004.0;0.0
24;13900;INTARIAN_PEPPER_ROOT;37009;10;;;;;37017;12;;;;;37013.5;0.0
24;14000;ASH_COATED_OSMIUM;10000;15;9999;10;;;10016;14;10017;14;;;10008.0;0.0
24;14000;INTARIAN_PEPPER_ROOT;37008;18;37006;17;;;37020;8;37021;8;;;37014.5;0.0
24;14100;ASH_COATED_OSMIUM;9999;22;;;;;10018;12;;;;;10008.5;0.0
24;14100;INTARIAN_PEPPER_ROOT;37009;16;37006;18;;;37021;10;37024;9;;;37015.0;0.0
24;14200;ASH_COATED_OSMIUM;9997;11;9995;12;;;10013;20;10014;14;;;10005.0;0.0
24;14200;INTARIAN_PEPPER_ROOT;37014;16;37013;12;;;37017;11;37018;11;;;37016.0;0.0
24;14300;ASH_COATED_OSMIUM;9993;12;9990;12;9987;30;10009;11;10010;13;10011;14;10001.0;0.0
24;14300;INTARIAN_PEPPER_ROOT;37006;23;37005;11;;;37018;9;37021;10;;;37012.0;0.0
24;14400;ASH_COATED_OSMIUM;9991;12;9989;10;;;10007;10;10009;28;;;9999.0;0.0
24;14400;INTARIAN_PEPPER_ROOT;37005;8;37003;20;;;37018;10;37021;19;;;37012.0;0.0
24;14500;ASH_COATED_OSMIUM;9985;10;;;;;10004;23;;;;;9995.0;0.0
24;14500;INTARIAN_PEPPER_ROOT;37007;10;37004;16;37003;19;37018;9;37021;9;37024;12;37013.0;0.0
24;14600;ASH_COATED_OSMIUM;9989;13;9987;22;9984;10;10005;12;10006;15;10008;15;9997.0;0.0
24;14600;INTARIAN_PEPPER_ROOT;37007;12;37006;12;;;37024;9;37026;8;;;37015.5;0.0
24;14700;ASH_COATED_OSMIUM;9992;14;9989;14;;;10008;21;10009;10;;;10000.5;0.0
24;14700;INTARIAN_PEPPER_ROOT;37012;9;37010;8;37009;9;37028;10;37031;11;37034;17;37020.0;0.0
24;14800;ASH_COATED_OSMIUM;9995;13;;;;;10011;24;;;;;10003.5;0.0
24;14800;INTARIAN_PEPPER_ROOT;37007;11;37005;11;37002;8;37024;11;37025;9;37028;8;37016.0;0.0
24;14900;ASH_COATED_OSMIUM;9998;13;9995;30;;;10014;11;10017;15;;;10006.0;0.0
24;14900;INTARIAN_PEPPER_ROOT;37006;10;37003;12;;;37022;8;37025;10;;;37014.5;0.0
24;15000;ASH_COATED_OSMIUM;9996;12;9993;15;9991;15;10012;22;10013;12;10014;13;10004.5;0.0
24;15000;INTARIAN_PEPPER_ROOT;37010;18;37009;20;;;37021;10;37022;8;;;37016.0;0.0
24;15100;ASH_COATED_OSMIUM;9992;14;9990;14;;;10008;15;10010;13;;;10000.0;0.0
24;15100;INTARIAN_PEPPER_ROOT;37008;11;;;;;37022;9;;;;;37015.0;0.0
24;15200;ASH_COATED_OSMIUM;9993;10;9992;12;;;10009;14;10010;12;;;10001.5;0.0
24;15200;INTARIAN_PEPPER_ROOT;37011;9;;;;;37025;10;;;;;37018.0;0.0
24;15300;ASH_COATED_OSMIUM;9990;11;9989;4;9986;10;10006;15;10009;11;10010;12;9998.5;0.0
24;15300;INTARIAN_PEPPER_ROOT;37008;9;37007;12;37005;11;37021;11;37024;11;37025;8;37014.5;0.0
24;15400;ASH_COATED_OSMIUM;9988;11;9985;15;;;10004;15;10007;14;;;9996.5;0.0
24;15400;INTARIAN_PEPPER_ROOT;37005;11;;;;;37016;8;;;;;37011.0;0.0
24;15500;ASH_COATED_OSMIUM;9990;24;9988;25;;;10008;30;10011;12;;;9999.5;0.0
24;15500;INTARIAN_PEPPER_ROOT;37009;18;37006;9;;;37020;10;37023;12;;;37014.5;0.0
24;15600;ASH_COATED_OSMIUM;9990;14;;;;;10006;11;;;;;9998.0;0.0
24;15600;INTARIAN_PEPPER_ROOT;37010;8;37007;10;;;37023;12;37024;8;;;37016.5;0.0
24;15700;ASH_COATED_OSMIUM;9991;14;9989;12;;;10007;13;10008;15;;;9999.0;0.0
24;15700;INTARIAN_PEPPER_ROOT;37010;8;37009;10;;;37023;12;37024;10;;;37017.0;0.0
24;15800;ASH_COATED_OSMIUM;9990;3;9989;14;;;10008;11;10010;25;;;9999.5;0.0
24;15800;INTARIAN_PEPPER_ROOT;37008;9;;;;;37020;10;;;;;37014.0;0.0
24;15900;ASH_COATED_OSMIUM;9991;20;9989;15;9988;11;10010;14;10012;25;10013;10;10001.0;0.0
24;15900;INTARIAN_PEPPER_ROOT;37010;12;37008;10;;;37027;9;37028;11;;;37019.0;0.0
24;16000;ASH_COATED_OSMIUM;9994;13;;;;;10010;12;;;;;10002.5;0.0
24;16000;INTARIAN_PEPPER_ROOT;37012;9;37009;12;;;37024;10;37025;12;;;37018.5;0.0
24;16100;ASH_COATED_OSMIUM;9992;14;9991;12;;;10008;13;10011;12;;;10000.0;0.0
24;16100;INTARIAN_PEPPER_ROOT;37008;12;37007;8;;;37024;8;37025;11;;;37016.0;0.0
24;16200;ASH_COATED_OSMIUM;9994;13;9993;25;;;10004;10;10006;13;;;9999.5;0.0
24;16200;INTARIAN_PEPPER_ROOT;37012;11;37009;8;;;37024;19;37026;10;;;37018.0;0.0
24;16300;ASH_COATED_OSMIUM;9992;14;9989;13;;;10008;14;10009;30;;;10000.0;0.0
24;16300;INTARIAN_PEPPER_ROOT;37011;9;;;;;37024;12;;;;;37017.5;0.0
24;16400;ASH_COATED_OSMIUM;9995;13;9993;11;;;10011;10;10013;10;;;10003.0;0.0
24;16400;INTARIAN_PEPPER_ROOT;37009;12;37007;11;37006;10;37022;11;37023;9;37024;12;37015.5;0.0
24;16500;ASH_COATED_OSMIUM;9991;13;9988;11;;;10007;10;10010;9;;;9999.0;0.0
24;16500;INTARIAN_PEPPER_ROOT;37007;25;;;;;37020;11;;;;;37014.0;0.0
24;16600;ASH_COATED_OSMIUM;9990;2;9987;10;;;10006;15;10008;10;;;9998.0;0.0
24;16600;INTARIAN_PEPPER_ROOT;37015;9;37012;11;;;37027;12;37028;9;;;37021.0;0.0
24;16700;ASH_COATED_OSMIUM;9986;12;9985;12;;;10004;12;10006;11;;;9995.5;0.0
24;16700;INTARIAN_PEPPER_ROOT;37009;16;37008;8;;;37021;9;37024;21;;;37015.5;0.0
24;16800;ASH_COATED_OSMIUM;9990;13;9988;5;;;10008;11;10011;15;;;9999.0;0.0
24;16800;INTARIAN_PEPPER_ROOT;37010;12;37008;10;37006;12;37024;10;37026;10;37028;11;37017.5;0.0
24;16900;ASH_COATED_OSMIUM;9994;12;;;;;10010;15;;;;;10002.5;0.0
24;16900;INTARIAN_PEPPER_ROOT;37009;12;37007;11;37006;12;37021;8;37023;9;37024;11;37015.5;0.0
24;17000;ASH_COATED_OSMIUM;9995;15;9994;11;;;10014;11;10016;13;;;10005.0;0.0
24;17000;INTARIAN_PEPPER_ROOT;37007;10;37006;12;;;37024;9;37026;12;;;37016.0;0.0
24;17100;ASH_COATED_OSMIUM;9994;12;9993;15;9991;10;10010;10;10013;23;10015;10;10002.0;0.0
24;17100;INTARIAN_PEPPER_ROOT;37007;12;;;;;37019;11;;;;;37013.0;0.0
24;17200;ASH_COATED_OSMIUM;9994;12;;;;;10010;10;;;;;10002.5;0.0
24;17200;INTARIAN_PEPPER_ROOT;37012;11;;;;;37027;10;;;;;37019.5;0.0
24;17300;ASH_COATED_OSMIUM;9993;13;;;;;10009;11;;;;;10001.5;0.0
24;17300;INTARIAN_PEPPER_ROOT;37009;10;37006;22;;;37021;9;37024;11;;;37015.5;0.0
24;17400;ASH_COATED_OSMIUM;9995;13;9994;10;;;10013;28;10016;22;;;10004.5;0.0
24;17400;INTARIAN_PEPPER_ROOT;37008;12;;;;;37022;9;;;;;37015.5;0.0
24;17500;ASH_COATED_OSMIUM;9994;24;9993;13;;;10010;22;10013;10;;;10002.5;0.0
24;17500;INTARIAN_PEPPER_ROOT;37010;8;37008;8;37007;16;37022;8;37024;11;37025;10;37016.5;0.0
24;17600;ASH_COATED_OSMIUM;9988;10;;;;;10007;11;;;;;9997.5;0.0
24;17600;INTARIAN_PEPPER_ROOT;37009;16;37006;10;;;37021;12;37024;11;;;37015.0;0.0
24;17700;ASH_COATED_OSMIUM;9993;12;9991;14;;;10009;10;10012;11;;;10001.5;0.0
24;17700;INTARIAN_PEPPER_ROOT;37013;8;;;;;37027;12;;;;;37020.5;0.0
24;17800;ASH_COATED_OSMIUM;9987;12;9986;11;9984;21;10003;14;10005;14;10006;15;9995.0;0.0
24;17800;INTARIAN_PEPPER_ROOT;37011;17;37010;8;37008;9;37023;20;37026;9;37028;9;37017.5;0.0
24;17900;ASH_COATED_OSMIUM;9994;11;9992;13;;;9999;12;10002;14;;;9996.5;0.0
24;17900;INTARIAN_PEPPER_ROOT;37011;24;37010;12;;;37023;16;37024;11;;;37017.0;0.0
24;18000;ASH_COATED_OSMIUM;9990;11;;;;;10006;15;;;;;9998.5;0.0
24;18000;INTARIAN_PEPPER_ROOT;37011;9;37009;6;37006;11;37023;10;37025;11;37027;11;37017.0;0.0
24;18100;ASH_COATED_OSMIUM;9985;14;9984;10;;;10001;11;10002;27;;;9993.0;0.0
24;18100;INTARIAN_PEPPER_ROOT;37011;10;37010;12;;;37028;9;37030;8;;;37020.0;0.0
24;18200;ASH_COATED_OSMIUM;9991;29;;;;;10000;22;;;;;9995.5;0.0
24;18200;INTARIAN_PEPPER_ROOT;37011;11;;;;;37025;9;;;;;37018.5;0.0
24;18300;ASH_COATED_OSMIUM;9986;12;;;;;10002;28;;;;;9994.5;0.0
24;18300;INTARIAN_PEPPER_ROOT;37014;10;37013;8;;;37025;11;37028;8;;;37019.5;0.0
24;18400;ASH_COATED_OSMIUM;9988;15;;;;;10004;14;;;;;9996.0;0.0
24;18400;INTARIAN_PEPPER_ROOT;37016;10;;;;;37025;7;;;;;37021.0;0.0
24;18500;ASH_COATED_OSMIUM;9987;20;;;;;10003;15;;;;;9995.0;0.0
24;18500;INTARIAN_PEPPER_ROOT;37012;16;37009;11;37008;8;37025;15;37028;15;37031;20;37019.0;0.0
24;18600;ASH_COATED_OSMIUM;9990;13;9987;13;;;10006;22;10008;11;;;9998.0;0.0
24;18600;INTARIAN_PEPPER_ROOT;37015;9;;;;;37026;8;;;;;37020.5;0.0
24;18700;ASH_COATED_OSMIUM;9987;10;9984;12;;;10006;10;10009;20;;;9996.5;0.0
24;18700;INTARIAN_PEPPER_ROOT;37017;9;;;;;37028;22;;;;;37023.0;0.0
24;18800;ASH_COATED_OSMIUM;9989;14;9988;11;;;10005;14;10008;13;;;9997.0;0.0
24;18800;INTARIAN_PEPPER_ROOT;37014;10;37012;9;;;37026;9;37028;10;;;37020.5;0.0
24;18900;ASH_COATED_OSMIUM;9988;14;9985;5;;;10004;12;10005;30;;;9996.0;0.0
24;18900;INTARIAN_PEPPER_ROOT;37009;9;37007;10;37006;10;37026;10;37029;16;37032;8;37017.5;0.0
24;19000;ASH_COATED_OSMIUM;9998;10;;;;;10014;13;;;;;10006.0;0.0
24;19000;INTARIAN_PEPPER_ROOT;37010;21;;;;;37027;18;;;;;37019.0;0.0
24;19100;ASH_COATED_OSMIUM;9993;11;9991;11;9988;9;10009;13;10011;14;10014;13;10001.0;0.0
24;19100;INTARIAN_PEPPER_ROOT;37009;8;37007;8;37006;11;37022;23;37024;20;37027;12;37016.0;0.0
24;19200;ASH_COATED_OSMIUM;9999;15;;;;;10008;11;;;;;10004.0;0.0
24;19200;INTARIAN_PEPPER_ROOT;37011;10;37009;12;;;37024;12;37025;11;;;37017.5;0.0
24;19300;ASH_COATED_OSMIUM;9997;12;9995;13;;;10015;14;10018;13;;;10006.5;0.0
24;19300;INTARIAN_PEPPER_ROOT;37013;20;37012;11;37011;10;37025;9;37028;25;37031;8;37019.0;0.0
24;19400;ASH_COATED_OSMIUM;9992;15;9989;13;;;10008;13;10010;14;;;10000.5;0.0
24;19400;INTARIAN_PEPPER_ROOT;37011;12;37009;15;37006;10;37028;8;37030;11;37033;21;37019.5;0.0
24;19500;ASH_COATED_OSMIUM;9994;21;;;;;10012;15;;;;;10003.5;0.0
24;19500;INTARIAN_PEPPER_ROOT;37011;12;;;;;37028;10;;;;;37019.5;0.0
24;19600;ASH_COATED_OSMIUM;9997;14;;;;;10013;11;;;;;10005.5;0.0
24;19600;INTARIAN_PEPPER_ROOT;37017;8;;;;;37030;10;;;;;37023.5;0.0
24;19700;ASH_COATED_OSMIUM;10002;25;;;;;10018;12;;;;;10010.0;0.0
24;19700;INTARIAN_PEPPER_ROOT;37014;10;37012;12;;;37028;8;37031;10;;;37021.5;0.0
24;19800;ASH_COATED_OSMIUM;10003;15;;;;;10019;13;;;;;10011.0;0.0
24;19800;INTARIAN_PEPPER_ROOT;37015;8;;;;;37028;11;;;;;37021.5;0.0
24;19900;ASH_COATED_OSMIUM;9998;14;9997;10;9995;28;10014;15;10017;14;10018;12;10006.5;0.0
24;19900;INTARIAN_PEPPER_ROOT;37010;9;;;;;37022;19;;;;;37016.0;0.0
24;20000;ASH_COATED_OSMIUM;9999;15;9998;12;9996;12;10015;15;10016;26;10017;12;10007.0;0.0
24;20000;INTARIAN_PEPPER_ROOT;37013;9;37010;17;;;37027;17;37028;12;;;37020.5;0.0
24;20100;ASH_COATED_OSMIUM;10000;13;9999;25;;;10007;14;10009;15;;;10004.0;0.0
24;20100;INTARIAN_PEPPER_ROOT;37018;25;37016;22;;;37030;11;37033;12;;;37024.5;0.0
24;20200;ASH_COATED_OSMIUM;9996;15;9994;3;;;10012;20;10015;11;;;10004.5;0.0
24;20200;INTARIAN_PEPPER_ROOT;37013;7;37011;9;37008;9;37025;12;37027;12;37030;9;37019.0;0.0
24;20300;ASH_COATED_OSMIUM;9999;12;9997;26;9995;13;10017;12;10019;10;10021;24;10008.5;0.0
24;20300;INTARIAN_PEPPER_ROOT;37012;9;37010;8;;;37024;8;37027;12;;;37018.5;0.0
24;20400;ASH_COATED_OSMIUM;9996;22;;;;;10015;14;;;;;10005.5;0.0
24;20400;INTARIAN_PEPPER_ROOT;37010;25;;;;;37024;19;;;;;37017.5;0.0
24;20500;ASH_COATED_OSMIUM;9999;15;;;;;10017;15;;;;;10008.0;0.0
24;20500;INTARIAN_PEPPER_ROOT;37011;9;;;;;37024;10;;;;;37017.5;0.0
24;20600;ASH_COATED_OSMIUM;9995;15;;;;;10013;15;;;;;10004.0;0.0
24;20600;INTARIAN_PEPPER_ROOT;37015;12;;;;;37027;5;;;;;37021.0;0.0
24;20700;ASH_COATED_OSMIUM;9990;14;;;;;10008;10;;;;;9999.0;0.0
24;20700;INTARIAN_PEPPER_ROOT;37010;8;;;;;37026;3;;;;;37018.5;0.0
24;20800;ASH_COATED_OSMIUM;9983;15;9982;11;9979;4;9999;10;10000;11;10003;26;9991.5;0.0
24;20800;INTARIAN_PEPPER_ROOT;37020;12;;;;;37032;11;;;;;37026.5;0.0
24;20900;ASH_COATED_OSMIUM;9982;12;9979;28;;;9998;10;9999;10;;;9990.5;0.0
24;20900;INTARIAN_PEPPER_ROOT;37014;10;;;;;37027;11;;;;;37020.5;0.0
24;21000;ASH_COATED_OSMIUM;9980;11;;;;;9996;11;;;;;9988.5;0.0
24;21000;INTARIAN_PEPPER_ROOT;37012;21;37010;11;37008;10;37024;9;37025;11;37026;9;37018.0;0.0
24;21100;ASH_COATED_OSMIUM;9986;14;;;;;9999;12;;;;;9992.5;0.0
24;21100;INTARIAN_PEPPER_ROOT;37015;10;37013;9;;;37026;8;37029;12;;;37020.5;0.0
24;21200;ASH_COATED_OSMIUM;9983;11;;;;;9993;14;;;;;9988.5;0.0
24;21200;INTARIAN_PEPPER_ROOT;37018;8;37016;20;;;37030;11;37032;9;;;37024.0;0.0
24;21300;ASH_COATED_OSMIUM;9983;14;9982;10;9981;12;9999;11;10002;21;10003;13;9991.0;0.0
24;21300;INTARIAN_PEPPER_ROOT;37015;22;37012;10;37009;9;37028;21;37029;10;37030;10;37021.5;0.0
24;21400;ASH_COATED_OSMIUM;9989;13;9988;13;;;10008;13;10011;12;;;9999.0;0.0
24;21400;INTARIAN_PEPPER_ROOT;37016;12;37013;8;;;37032;10;37033;9;;;37024.5;0.0
24;21500;ASH_COATED_OSMIUM;9986;12;;;;;10002;13;;;;;9994.5;0.0
24;21500;INTARIAN_PEPPER_ROOT;37016;9;37013;11;;;37028;11;37029;8;;;37022.0;0.0
24;21600;ASH_COATED_OSMIUM;9987;14;9984;10;9983;10;10003;14;10006;10;10009;14;9995.5;0.0
24;21600;INTARIAN_PEPPER_ROOT;37015;12;37013;11;37012;9;37029;11;37031;12;37033;9;37022.5;0.0
24;21700;ASH_COATED_OSMIUM;9988;12;9987;14;;;10004;11;10005;15;;;9996.0;0.0
24;21700;INTARIAN_PEPPER_ROOT;37015;12;37012;9;37010;10;37028;12;37029;10;37030;11;37022.0;0.0
24;21800;ASH_COATED_OSMIUM;9993;13;9990;13;;;10009;11;10012;10;;;10001.0;0.0
24;21800;INTARIAN_PEPPER_ROOT;37014;12;37011;11;;;37029;10;37031;11;;;37021.5;0.0
24;21900;ASH_COATED_OSMIUM;9992;14;9989;11;;;10008;10;10010;10;;;10000.0;0.0
24;21900;INTARIAN_PEPPER_ROOT;37017;12;37015;8;37013;11;37029;8;37031;9;37033;8;37023.0;0.0
24;22000;ASH_COATED_OSMIUM;9994;15;9991;15;9989;11;10010;15;10011;12;10014;26;10002.5;0.0
24;22000;INTARIAN_PEPPER_ROOT;37016;11;37013;9;;;37028;21;37030;10;;;37022.0;0.0
24;22100;ASH_COATED_OSMIUM;9996;11;9994;11;9993;11;10012;10;10014;15;10016;11;10004.0;0.0
24;22100;INTARIAN_PEPPER_ROOT;37014;9;37011;20;;;37029;9;37031;12;;;37022.0;0.0
24;22200;ASH_COATED_OSMIUM;9990;11;9988;12;9985;12;10006;12;10008;11;10010;10;9998.0;0.0
24;22200;INTARIAN_PEPPER_ROOT;37013;15;37010;9;37009;9;37025;24;37028;10;37030;8;37019.5;0.0
24;22300;ASH_COATED_OSMIUM;9990;15;9988;21;;;10006;10;10009;11;;;9998.0;0.0
24;22300;INTARIAN_PEPPER_ROOT;37015;10;;;;;37029;12;;;;;37022.0;0.0
24;22400;ASH_COATED_OSMIUM;9987;14;;;;;10003;13;;;;;9995.0;0.0
24;22400;INTARIAN_PEPPER_ROOT;37016;10;;;;;37028;12;;;;;37022.5;0.0
24;22500;ASH_COATED_OSMIUM;9990;13;9989;15;;;9999;11;10000;13;;;9995.0;0.0
24;22500;INTARIAN_PEPPER_ROOT;37016;12;37015;11;;;37028;9;37029;8;;;37022.0;0.0
24;22600;ASH_COATED_OSMIUM;9986;30;9983;10;9980;12;10004;11;10007;14;10009;15;9995.5;0.0
24;22600;INTARIAN_PEPPER_ROOT;37017;9;37016;12;37015;10;37028;8;37030;11;37033;25;37023.0;0.0
24;22700;ASH_COATED_OSMIUM;9991;14;9989;12;9987;12;10012;14;10014;11;10017;14;10001.5;0.0
24;22700;INTARIAN_PEPPER_ROOT;37015;8;37012;16;;;37032;12;37034;11;;;37024.0;0.0
24;22800;ASH_COATED_OSMIUM;9994;10;;;;;10012;15;;;;;10003.0;0.0
24;22800;INTARIAN_PEPPER_ROOT;37018;12;37015;23;37013;12;37030;9;37032;10;37033;9;37024.5;0.0
24;22900;ASH_COATED_OSMIUM;9996;10;9993;14;;;10015;13;10017;13;;;10006.0;0.0
24;22900;INTARIAN_PEPPER_ROOT;37015;8;;;;;37026;11;;;;;37021.0;0.0
24;23000;ASH_COATED_OSMIUM;9998;10;;;;;10014;14;;;;;10006.0;0.0
24;23000;INTARIAN_PEPPER_ROOT;37016;15;37014;10;37012;10;37029;8;37030;11;37031;11;37022.5;0.0
24;23100;ASH_COATED_OSMIUM;9993;15;;;;;10009;13;;;;;10001.5;0.0
24;23100;INTARIAN_PEPPER_ROOT;37021;8;37019;15;37018;12;37038;12;37039;5;37041;19;37029.5;0.0
24;23200;ASH_COATED_OSMIUM;9998;13;9997;14;;;10004;29;10006;14;;;10001.0;0.0
24;23200;INTARIAN_PEPPER_ROOT;37019;22;37017;9;37015;11;37033;11;37035;11;37036;8;37026.0;0.0
24;23300;ASH_COATED_OSMIUM;9997;30;;;;;10013;15;;;;;10005.0;0.0
24;23300;INTARIAN_PEPPER_ROOT;37017;8;37014;11;37012;12;37029;12;37032;23;37034;17;37023.0;0.0
24;23400;ASH_COATED_OSMIUM;10006;14;10003;15;10002;12;10013;10;10014;13;10017;13;10009.5;0.0
24;23400;INTARIAN_PEPPER_ROOT;37020;9;37018;11;;;37035;12;37038;10;;;37028.0;0.0
24;23500;ASH_COATED_OSMIUM;9992;15;9989;12;;;10008;13;10009;4;;;10000.0;0.0
24;23500;INTARIAN_PEPPER_ROOT;37016;22;;;;;37033;9;;;;;37024.5;0.0
24;23600;ASH_COATED_OSMIUM;9990;29;9989;11;;;10006;14;10009;12;;;9998.0;0.0
24;23600;INTARIAN_PEPPER_ROOT;37013;10;37012;11;37009;12;37026;8;37029;11;37032;10;37019.5;0.0
24;23700;ASH_COATED_OSMIUM;9989;10;9986;12;;;10005;15;10007;12;;;9997.5;0.0
24;23700;INTARIAN_PEPPER_ROOT;37020;8;37017;11;37014;23;37034;3;37035;19;37036;8;37027.0;0.0
24;23800;ASH_COATED_OSMIUM;9993;10;9992;10;9989;14;10009;11;10012;10;10013;14;10001.0;0.0
24;23800;INTARIAN_PEPPER_ROOT;37021;17;37019;9;37018;9;37023;8;37025;9;37026;10;37022.0;0.0
24;23900;ASH_COATED_OSMIUM;9992;15;;;;;10008;13;;;;;10000.0;0.0
24;23900;INTARIAN_PEPPER_ROOT;37023;12;;;;;37037;9;;;;;37030.5;0.0
24;24000;ASH_COATED_OSMIUM;9993;13;;;;;9999;13;;;;;9996.0;0.0
24;24000;INTARIAN_PEPPER_ROOT;37015;8;;;;;37028;9;;;;;37021.5;0.0
24;24100;ASH_COATED_OSMIUM;9983;12;9982;11;;;9999;14;10001;15;;;9991.5;0.0
24;24100;INTARIAN_PEPPER_ROOT;37017;8;;;;;37033;11;;;;;37025.0;0.0
24;24200;ASH_COATED_OSMIUM;9986;11;9983;15;;;10007;10;10009;12;;;9996.5;0.0
24;24200;INTARIAN_PEPPER_ROOT;37020;17;37017;12;;;37033;8;37035;6;;;37026.5;0.0
24;24300;ASH_COATED_OSMIUM;9993;5;;;;;10011;13;;;;;10002.5;0.0
24;24300;INTARIAN_PEPPER_ROOT;37019;8;37016;25;37013;8;37033;11;37034;8;37035;18;37026.5;0.0
24;24400;ASH_COATED_OSMIUM;9995;12;9992;10;;;10011;10;10012;14;;;10003.5;0.0
24;24400;INTARIAN_PEPPER_ROOT;37013;12;;;;;37030;12;;;;;37021.5;0.0
24;24500;ASH_COATED_OSMIUM;9990;11;9987;14;;;10011;14;10012;11;;;10001.0;0.0
24;24500;INTARIAN_PEPPER_ROOT;37018;8;;;;;37030;10;;;;;37024.0;0.0
24;24600;ASH_COATED_OSMIUM;9991;14;9989;15;9987;15;10007;11;10009;15;10011;27;9999.0;0.0
24;24600;INTARIAN_PEPPER_ROOT;37013;10;37011;12;;;37027;22;37029;8;;;37020.0;0.0
24;24700;ASH_COATED_OSMIUM;9991;15;9989;11;9987;14;10001;14;10003;11;10004;13;9996.0;0.0
24;24700;INTARIAN_PEPPER_ROOT;37017;12;37016;11;;;37030;12;37032;11;;;37023.5;0.0
24;24800;ASH_COATED_OSMIUM;9987;22;9984;14;9982;10;10003;12;10004;14;10005;10;9995.0;0.0
24;24800;INTARIAN_PEPPER_ROOT;37021;9;37018;19;;;37033;11;37034;8;;;37027.5;0.0
24;24900;ASH_COATED_OSMIUM;9989;11;9988;12;;;10005;10;10007;14;;;9997.0;0.0
24;24900;INTARIAN_PEPPER_ROOT;37020;19;37017;8;;;37034;12;37035;8;;;37027.0;0.0
24;25000;ASH_COATED_OSMIUM;9990;13;;;;;10006;10;;;;;9998.5;0.0
24;25000;INTARIAN_PEPPER_ROOT;37017;10;37015;15;;;37031;8;37032;11;;;37024.0;0.0
24;25100;ASH_COATED_OSMIUM;9989;26;;;;;10008;12;;;;;9999.0;0.0
24;25100;INTARIAN_PEPPER_ROOT;37019;10;;;;;37032;15;;;;;37025.5;0.0
24;25200;ASH_COATED_OSMIUM;9985;26;9982;30;;;10003;21;10005;11;;;9994.5;0.0
24;25200;INTARIAN_PEPPER_ROOT;37020;12;37018;8;;;37036;12;37037;10;;;37028.0;0.0
24;25300;ASH_COATED_OSMIUM;9984;21;9983;13;;;10000;11;10002;21;;;9992.0;0.0
24;25300;INTARIAN_PEPPER_ROOT;37019;9;37018;20;;;37032;10;37035;8;;;37025.5;0.0
24;25400;ASH_COATED_OSMIUM;9985;13;9983;13;;;10003;20;10006;10;;;9994.5;0.0
24;25400;INTARIAN_PEPPER_ROOT;37016;9;37015;12;;;37030;11;37032;12;;;37023.0;0.0
24;25500;ASH_COATED_OSMIUM;9986;12;9984;11;;;10002;22;10003;3;;;9994.0;0.0
24;25500;INTARIAN_PEPPER_ROOT;37022;9;37021;10;;;37034;20;37035;8;;;37028.0;0.0
24;25600;ASH_COATED_OSMIUM;9984;10;9983;11;9982;25;10000;13;10002;14;10005;26;9992.5;0.0
24;25600;INTARIAN_PEPPER_ROOT;37018;9;37015;9;37013;12;37030;12;37032;20;37033;8;37024.5;0.0
24;25700;ASH_COATED_OSMIUM;9988;23;;;;;10004;15;;;;;9996.5;0.0
24;25700;INTARIAN_PEPPER_ROOT;37022;19;37020;8;;;37033;8;37035;8;;;37027.5;0.0
24;25800;ASH_COATED_OSMIUM;9992;12;9990;10;9988;15;10008;13;10009;25;10011;30;10000.5;0.0
24;25800;INTARIAN_PEPPER_ROOT;37021;21;37020;11;;;37035;11;37036;9;;;37028.0;0.0
24;25900;ASH_COATED_OSMIUM;9986;15;9984;13;9983;24;10005;11;10008;11;10009;15;9995.5;0.0
24;25900;INTARIAN_PEPPER_ROOT;37020;16;37019;11;37017;11;37033;8;37036;8;37037;18;37027.0;0.0
24;26000;ASH_COATED_OSMIUM;9979;14;9978;14;9975;15;9998;11;10001;14;10004;13;9989.0;0.0
24;26000;INTARIAN_PEPPER_ROOT;37022;10;;;;;37036;10;;;;;37029.0;0.0
24;26100;ASH_COATED_OSMIUM;9985;12;;;;;9995;10;;;;;9990.0;0.0
24;26100;INTARIAN_PEPPER_ROOT;37020;9;37019;6;37017;10;37033;9;37036;12;37037;8;37026.5;0.0
24;26200;ASH_COATED_OSMIUM;9983;14;9980;11;;;9999;10;10001;28;;;9991.5;0.0
24;26200;INTARIAN_PEPPER_ROOT;37016;8;37014;12;;;37029;11;37030;11;;;37023.0;0.0
24;26300;ASH_COATED_OSMIUM;9991;12;9988;15;;;10007;11;10008;12;;;9999.0;0.0
24;26300;INTARIAN_PEPPER_ROOT;37017;11;37015;12;;;37030;10;37031;17;;;37023.5;0.0
24;26400;ASH_COATED_OSMIUM;9990;10;;;;;9999;15;;;;;9995.0;0.0
24;26400;INTARIAN_PEPPER_ROOT;37017;5;37016;11;37013;18;37030;20;37031;12;37032;10;37024.0;0.0
24;26500;ASH_COATED_OSMIUM;9986;14;;;;;10002;11;;;;;9994.0;0.0
24;26500;INTARIAN_PEPPER_ROOT;37023;16;37022;12;37021;10;37034;8;37037;12;37038;9;37029.0;0.0
24;26600;ASH_COATED_OSMIUM;9985;15;9982;12;;;10001;11;10003;13;;;9993.0;0.0
24;26600;INTARIAN_PEPPER_ROOT;37018;10;37015;11;37012;11;37032;8;37035;9;37038;22;37025.0;0.0
24;26700;ASH_COATED_OSMIUM;9985;10;9982;14;;;10001;11;10004;10;;;9993.0;0.0
24;26700;INTARIAN_PEPPER_ROOT;37022;12;37021;12;;;37035;11;37037;9;;;37029.0;0.0
24;26800;ASH_COATED_OSMIUM;9988;12;9985;11;;;10007;11;10010;13;;;9998.0;0.0
24;26800;INTARIAN_PEPPER_ROOT;37024;9;37021;12;37018;5;37035;20;37036;9;37038;12;37030.0;0.0
24;26900;ASH_COATED_OSMIUM;9986;14;;;;;10004;10;;;;;9995.0;0.0
24;26900;INTARIAN_PEPPER_ROOT;37017;12;;;;;37032;10;;;;;37025.0;0.0
24;27000;ASH_COATED_OSMIUM;9991;15;9989;12;9988;11;10007;12;10008;14;10011;22;9999.0;0.0
24;27000;INTARIAN_PEPPER_ROOT;37022;12;37020;11;37018;21;37034;11;37036;10;37037;10;37028.5;0.0
24;27100;ASH_COATED_OSMIUM;9990;13;9989;10;9986;13;10006;12;10008;12;10011;10;9998.5;0.0
24;27100;INTARIAN_PEPPER_ROOT;37021;8;37020;8;37019;9;37035;15;37036;11;37039;10;37028.0;0.0
24;27200;ASH_COATED_OSMIUM;9994;11;9992;15;;;10000;10;10001;23;;;9997.5;0.0
24;27200;INTARIAN_PEPPER_ROOT;37026;8;37024;11;37021;11;37030;11;37031;9;37034;10;37028.0;0.0
24;27300;ASH_COATED_OSMIUM;9984;11;9983;12;;;10005;13;10008;23;;;9995.0;0.0
24;27300;INTARIAN_PEPPER_ROOT;37021;10;;;;;37032;10;;;;;37026.5;0.0
24;27400;ASH_COATED_OSMIUM;9988;11;;;;;10004;10;;;;;9996.5;0.0
24;27400;INTARIAN_PEPPER_ROOT;37022;21;;;;;37034;5;;;;;37028.0;0.0
24;27500;ASH_COATED_OSMIUM;9992;14;9990;15;;;9999;12;10001;11;;;9995.5;0.0
24;27500;INTARIAN_PEPPER_ROOT;37021;8;37019;8;37016;8;37035;7;37037;9;37038;12;37028.5;0.0
24;27600;ASH_COATED_OSMIUM;9984;15;9982;5;;;10000;12;10001;11;;;9992.0;0.0
24;27600;INTARIAN_PEPPER_ROOT;37016;12;37013;10;37011;11;37027;8;37029;24;37030;15;37022.0;0.0
24;27700;ASH_COATED_OSMIUM;9988;14;;;;;10004;30;;;;;9996.0;0.0
24;27700;INTARIAN_PEPPER_ROOT;37020;12;37019;24;;;37033;25;37035;12;;;37027.0;0.0
24;27800;ASH_COATED_OSMIUM;9993;9;9991;11;;;10009;21;10011;15;;;10001.5;0.0
24;27800;INTARIAN_PEPPER_ROOT;37024;10;37022;11;37019;8;37040;9;37043;8;37046;10;37032.5;0.0
24;27900;ASH_COATED_OSMIUM;9991;10;9990;11;9987;10;10007;14;10008;25;10011;15;9999.5;0.0
24;27900;INTARIAN_PEPPER_ROOT;37016;16;37013;10;;;37035;20;37036;9;;;37025.5;0.0
24;28000;ASH_COATED_OSMIUM;9988;13;9986;26;;;10007;11;10008;12;;;9997.5;0.0
24;28000;INTARIAN_PEPPER_ROOT;37017;19;37016;10;37015;11;37034;10;37037;8;37040;10;37026.0;0.0
24;28100;ASH_COATED_OSMIUM;9989;14;;;;;10005;12;;;;;9997.5;0.0
24;28100;INTARIAN_PEPPER_ROOT;37021;9;37019;10;;;37035;19;37038;11;;;37028.0;0.0
24;28200;ASH_COATED_OSMIUM;9990;10;9987;13;;;10008;12;10010;12;;;9999.5;0.0
24;28200;INTARIAN_PEPPER_ROOT;37024;25;37021;8;;;37036;22;37038;8;;;37030.0;0.0
24;28300;ASH_COATED_OSMIUM;9986;23;;;;;10002;20;;;;;9994.0;0.0
24;28300;INTARIAN_PEPPER_ROOT;37022;9;37020;10;;;37039;8;37042;11;;;37030.5;0.0
24;28400;ASH_COATED_OSMIUM;9986;15;9983;13;9981;11;10002;22;10005;11;10006;11;9994.0;0.0
24;28400;INTARIAN_PEPPER_ROOT;37022;12;37021;10;37020;24;37035;12;37037;9;37038;8;37028.5;0.0
24;28500;ASH_COATED_OSMIUM;9988;10;9985;15;9982;12;10004;4;10006;11;10008;12;9996.0;0.0
24;28500;INTARIAN_PEPPER_ROOT;37021;11;;;;;37037;8;;;;;37029.0;0.0
24;28600;ASH_COATED_OSMIUM;9989;14;9987;11;9984;11;10005;14;10008;2;10010;15;9997.0;0.0
24;28600;INTARIAN_PEPPER_ROOT;37023;23;;;;;37035;15;;;;;37029.0;0.0
24;28700;ASH_COATED_OSMIUM;9986;30;9983;12;9981;12;10002;12;10005;12;10006;13;9994.5;0.0
24;28700;INTARIAN_PEPPER_ROOT;37021;16;;;;;37034;11;;;;;37028.0;0.0
24;28800;ASH_COATED_OSMIUM;9990;13;9988;20;;;10009;10;10010;11;;;9999.5;0.0
24;28800;INTARIAN_PEPPER_ROOT;37027;8;37026;10;;;37038;10;37040;10;;;37033.0;0.0
24;28900;ASH_COATED_OSMIUM;9982;13;9979;12;;;9998;12;10000;10;;;9990.5;0.0
24;28900;INTARIAN_PEPPER_ROOT;37025;12;;;;;37038;10;;;;;37032.0;0.0
24;29000;ASH_COATED_OSMIUM;9983;11;;;;;9999;11;;;;;9991.5;0.0
24;29000;INTARIAN_PEPPER_ROOT;37020;15;37017;8;;;37034;10;37036;12;;;37027.0;0.0
24;29100;ASH_COATED_OSMIUM;9982;10;;;;;9998;14;;;;;9990.5;0.0
24;29100;INTARIAN_PEPPER_ROOT;37025;10;37022;12;37019;12;37036;12;37038;11;37041;10;37031.0;0.0
24;29200;ASH_COATED_OSMIUM;9989;15;;;;;10005;15;;;;;9997.0;0.0
24;29200;INTARIAN_PEPPER_ROOT;37021;25;;;;;37034;21;;;;;37028.0;0.0
24;29300;ASH_COATED_OSMIUM;9983;13;9981;30;;;9999;22;10002;11;;;9991.5;0.0
24;29300;INTARIAN_PEPPER_ROOT;37024;10;37023;24;;;37036;9;37037;10;;;37030.0;0.0
24;29400;ASH_COATED_OSMIUM;9985;13;9983;29;9981;12;10003;13;10004;12;10007;11;9994.0;0.0
24;29400;INTARIAN_PEPPER_ROOT;37026;11;37023;12;37020;9;37037;15;37038;11;37039;11;37031.5;0.0
24;29500;ASH_COATED_OSMIUM;9990;14;;;;;10006;23;;;;;9998.5;0.0
24;29500;INTARIAN_PEPPER_ROOT;37018;8;;;;;37032;8;;;;;37025.0;0.0
24;29600;ASH_COATED_OSMIUM;9997;14;9996;15;9995;23;10007;13;10009;24;10010;11;10002.0;0.0
24;29600;INTARIAN_PEPPER_ROOT;37022;10;37019;8;;;37038;12;37041;8;;;37030.0;0.0
24;29700;ASH_COATED_OSMIUM;9994;13;9991;12;9989;12;10010;14;10012;11;10014;15;10002.0;0.0
24;29700;INTARIAN_PEPPER_ROOT;37021;11;37019;8;;;37033;20;37034;8;;;37027.0;0.0
24;29800;ASH_COATED_OSMIUM;9992;10;9989;11;9986;27;10010;11;10011;23;10012;14;10001.5;0.0
24;29800;INTARIAN_PEPPER_ROOT;37021;12;37018;12;;;37038;18;37040;8;;;37030.0;0.0
24;29900;ASH_COATED_OSMIUM;9986;26;9984;11;;;10002;11;10005;12;;;9994.0;0.0
24;29900;INTARIAN_PEPPER_ROOT;37023;11;37022;8;;;37034;9;37035;25;;;37028.5;0.0
24;30000;ASH_COATED_OSMIUM;9983;15;9982;12;;;10002;10;10004;15;;;9993.0;0.0
24;30000;INTARIAN_PEPPER_ROOT;37022;10;37021;9;;;37037;11;37038;10;;;37029.5;0.0
24;30100;ASH_COATED_OSMIUM;9984;10;9982;13;;;10000;12;10002;8;;;9992.5;0.0
24;30100;INTARIAN_PEPPER_ROOT;37024;9;37022;11;;;37036;10;37037;8;;;37030.5;0.0
24;30200;ASH_COATED_OSMIUM;9987;13;9985;15;;;10003;12;10005;15;;;9995.0;0.0
24;30200;INTARIAN_PEPPER_ROOT;37019;11;;;;;37034;12;;;;;37027.0;0.0
24;30300;ASH_COATED_OSMIUM;9989;15;;;;;10005;13;;;;;9997.5;0.0
24;30300;INTARIAN_PEPPER_ROOT;37022;12;37019;8;37016;18;37034;11;37035;12;37037;11;37028.5;0.0
24;30400;ASH_COATED_OSMIUM;9989;5;;;;;10007;11;;;;;9998.0;0.0
24;30400;INTARIAN_PEPPER_ROOT;37023;9;37021;10;;;37039;12;37040;12;;;37031.5;0.0
24;30500;ASH_COATED_OSMIUM;9990;12;;;;;10008;13;;;;;9999.5;0.0
24;30500;INTARIAN_PEPPER_ROOT;37020;23;37019;19;37017;12;37037;12;37040;12;37042;10;37029.0;0.0
24;30600;ASH_COATED_OSMIUM;9997;15;;;;;10002;12;;;;;9999.5;0.0
24;30600;INTARIAN_PEPPER_ROOT;37025;8;;;;;37039;11;;;;;37032.0;0.0
24;30700;ASH_COATED_OSMIUM;9988;11;9986;15;;;10004;30;10005;13;;;9996.5;0.0
24;30700;INTARIAN_PEPPER_ROOT;37028;12;;;;;37041;24;;;;;37034.5;0.0
24;30800;ASH_COATED_OSMIUM;9995;12;;;;;10013;15;;;;;10004.0;0.0
24;30800;INTARIAN_PEPPER_ROOT;37021;8;;;;;37035;12;;;;;37028.5;0.0
24;30900;ASH_COATED_OSMIUM;9996;11;9994;13;;;10014;25;10017;10;;;10005.5;0.0
24;30900;INTARIAN_PEPPER_ROOT;37023;12;;;;;37036;10;;;;;37029.5;0.0
24;31000;ASH_COATED_OSMIUM;9992;30;9991;13;9989;13;10011;11;10012;12;10013;13;10001.5;0.0
24;31000;INTARIAN_PEPPER_ROOT;37022;8;37020;10;37018;12;37036;10;37039;10;37040;11;37029.5;0.0
24;31100;ASH_COATED_OSMIUM;9995;15;;;;;10016;10;;;;;10006.0;0.0
24;31100;INTARIAN_PEPPER_ROOT;37021;12;37018;12;;;37033;10;37034;11;;;37027.0;0.0
24;31200;ASH_COATED_OSMIUM;9996;10;9994;29;;;10014;10;10017;28;;;10005.0;0.0
24;31200;INTARIAN_PEPPER_ROOT;37024;12;37022;18;37019;8;37038;9;37040;11;37043;11;37031.5;0.0
24;31300;ASH_COATED_OSMIUM;10002;24;10000;14;;;10018;14;10020;14;;;10010.5;0.0
24;31300;INTARIAN_PEPPER_ROOT;37021;9;37019;19;;;37038;9;37041;9;;;37030.0;0.0
24;31400;ASH_COATED_OSMIUM;10001;22;9998;10;9997;15;10020;10;10023;14;10025;13;10010.5;0.0
24;31400;INTARIAN_PEPPER_ROOT;37030;9;37028;10;;;37034;8;37037;11;;;37032.0;0.0
24;31500;ASH_COATED_OSMIUM;9999;14;9997;28;;;10015;15;10016;15;;;10007.5;0.0
24;31500;INTARIAN_PEPPER_ROOT;37022;9;37021;7;;;37036;16;37037;10;;;37029.5;0.0
24;31600;ASH_COATED_OSMIUM;9994;13;;;;;10010;11;;;;;10002.5;0.0
24;31600;INTARIAN_PEPPER_ROOT;37027;12;;;;;37038;9;;;;;37032.5;0.0
24;31700;ASH_COATED_OSMIUM;9996;26;9993;14;9991;12;10012;13;10015;13;10017;10;10004.5;0.0
24;31700;INTARIAN_PEPPER_ROOT;37026;11;37024;8;37022;10;37039;12;37040;8;37043;12;37032.5;0.0
24;31800;ASH_COATED_OSMIUM;10000;13;9999;15;;;10016;10;10019;10;;;10008.5;0.0
24;31800;INTARIAN_PEPPER_ROOT;37022;23;37020;10;;;37035;22;37037;11;;;37028.5;0.0
24;31900;ASH_COATED_OSMIUM;9995;13;9994;15;;;10005;14;10008;24;;;10000.5;0.0
24;31900;INTARIAN_PEPPER_ROOT;37027;9;37024;8;;;37040;9;37041;15;;;37033.5;0.0
24;32000;ASH_COATED_OSMIUM;9993;13;9990;28;9989;10;10009;11;10010;15;10012;13;10001.5;0.0
24;32000;INTARIAN_PEPPER_ROOT;37027;9;37026;8;;;37042;9;37044;7;;;37034.5;0.0
24;32100;ASH_COATED_OSMIUM;9984;22;9982;11;9980;15;10000;11;10003;10;10006;11;9992.0;0.0
24;32100;INTARIAN_PEPPER_ROOT;37024;9;37021;7;;;37042;12;37045;10;;;37033.0;0.0
24;32200;ASH_COATED_OSMIUM;9989;15;;;;;10007;11;;;;;9998.0;0.0
24;32200;INTARIAN_PEPPER_ROOT;37026;12;;;;;37040;8;;;;;37033.0;0.0
24;32300;ASH_COATED_OSMIUM;9995;13;;;;;10004;13;;;;;9999.5;0.0
24;32300;INTARIAN_PEPPER_ROOT;37027;9;;;;;37036;12;;;;;37032.0;0.0
24;32400;ASH_COATED_OSMIUM;9992;13;;;;;10008;15;;;;;10000.0;0.0
24;32400;INTARIAN_PEPPER_ROOT;37028;9;;;;;37040;23;;;;;37034.0;0.0
24;32500;ASH_COATED_OSMIUM;9992;4;9990;11;9988;13;10010;10;10013;10;10015;12;10001.0;0.0
24;32500;INTARIAN_PEPPER_ROOT;37030;11;37029;8;37026;16;37044;16;37046;9;37048;18;37037.0;0.0
24;32600;ASH_COATED_OSMIUM;9986;13;;;;;10004;14;;;;;9995.0;0.0
24;32600;INTARIAN_PEPPER_ROOT;37025;11;;;;;37039;12;;;;;37032.5;0.0
24;32700;ASH_COATED_OSMIUM;9987;4;9985;2;;;10003;14;10005;13;;;9995.0;0.0
24;32700;INTARIAN_PEPPER_ROOT;37034;18;37031;11;37029;15;37036;10;37038;11;37041;10;37035.0;0.0
24;32800;ASH_COATED_OSMIUM;9981;12;9979;12;9977;13;10000;12;10002;11;10003;25;9991.0;0.0
24;32800;INTARIAN_PEPPER_ROOT;37034;9;37032;11;37031;12;37038;5;37039;10;37040;16;37036.0;0.0
24;32900;ASH_COATED_OSMIUM;9983;29;;;;;9999;15;;;;;9991.0;0.0
24;32900;INTARIAN_PEPPER_ROOT;37026;8;;;;;37038;10;;;;;37032.5;0.0
24;33000;ASH_COATED_OSMIUM;9990;14;9987;12;;;10008;12;10010;15;;;9999.5;0.0
24;33000;INTARIAN_PEPPER_ROOT;37022;8;37021;10;;;37038;8;37041;12;;;37030.5;0.0
24;33100;ASH_COATED_OSMIUM;9985;30;;;;;10004;5;;;;;9994.5;0.0
24;33100;INTARIAN_PEPPER_ROOT;37025;25;;;;;37042;25;;;;;37034.0;0.0
24;33200;ASH_COATED_OSMIUM;9985;14;9984;15;;;10001;10;10002;13;;;9993.5;0.0
24;33200;INTARIAN_PEPPER_ROOT;37026;10;37024;10;37021;11;37037;9;37040;15;37043;12;37031.5;0.0
24;33300;ASH_COATED_OSMIUM;9992;14;9989;14;;;10003;15;10006;15;;;9997.5;0.0
24;33300;INTARIAN_PEPPER_ROOT;37028;12;37025;12;;;37036;8;37038;9;;;37032.5;0.0
24;33400;ASH_COATED_OSMIUM;9985;15;9983;10;9981;15;10003;23;10005;11;10007;13;9994.0;0.0
24;33400;INTARIAN_PEPPER_ROOT;37030;10;;;;;37046;10;;;;;37038.5;0.0
24;33500;ASH_COATED_OSMIUM;9989;14;9986;15;;;10010;15;10013;11;;;9999.5;0.0
24;33500;INTARIAN_PEPPER_ROOT;37027;10;37026;12;;;37044;10;37047;22;;;37036.0;0.0
24;33600;ASH_COATED_OSMIUM;9985;12;9983;14;9980;13;10001;15;10004;25;10005;14;9993.0;0.0
24;33600;INTARIAN_PEPPER_ROOT;37027;11;37026;11;;;37043;11;37045;17;;;37035.0;0.0
24;33700;ASH_COATED_OSMIUM;9987;11;9986;10;;;10008;11;10009;15;;;9997.5;0.0
24;33700;INTARIAN_PEPPER_ROOT;37032;23;;;;;37045;9;;;;;37039.0;0.0
24;33800;ASH_COATED_OSMIUM;9990;15;9987;14;;;10006;4;10007;15;;;9998.0;0.0
24;33800;INTARIAN_PEPPER_ROOT;37029;20;;;;;37040;10;;;;;37035.0;0.0
24;33900;ASH_COATED_OSMIUM;9987;13;9984;11;;;10003;13;10006;15;;;9995.0;0.0
24;33900;INTARIAN_PEPPER_ROOT;37025;12;37022;9;;;37038;9;37041;10;;;37031.5;0.0
24;34000;ASH_COATED_OSMIUM;9993;28;9990;14;9989;10;10012;14;10015;13;10018;12;10002.5;0.0
24;34000;INTARIAN_PEPPER_ROOT;37033;12;37030;9;37029;10;37035;12;37037;12;37040;5;37034.0;0.0
24;34100;ASH_COATED_OSMIUM;9987;12;9986;11;;;10003;15;10006;12;;;9995.5;0.0
24;34100;INTARIAN_PEPPER_ROOT;37026;8;37025;16;;;37039;11;37040;8;;;37033.0;0.0
24;34200;ASH_COATED_OSMIUM;9991;13;9990;15;;;10010;13;10013;15;;;10000.5;0.0
24;34200;INTARIAN_PEPPER_ROOT;37029;11;37026;9;37023;12;37046;8;37047;11;37050;8;37037.5;0.0
24;34300;ASH_COATED_OSMIUM;9993;14;;;;;10009;11;;;;;10001.5;0.0
24;34300;INTARIAN_PEPPER_ROOT;37026;11;;;;;37041;8;;;;;37034.0;0.0
24;34400;ASH_COATED_OSMIUM;9996;14;;;;;10012;12;;;;;10004.0;0.0
24;34400;INTARIAN_PEPPER_ROOT;37024;10;37023;10;;;37036;9;37039;11;;;37030.5;0.0
24;34500;ASH_COATED_OSMIUM;9995;4;9992;15;;;10011;10;10012;29;;;10003.0;0.0
24;34500;INTARIAN_PEPPER_ROOT;37029;10;;;;;37043;8;;;;;37036.5;0.0
24;34600;ASH_COATED_OSMIUM;9997;3;;;;;10013;12;;;;;10005.0;0.0
24;34600;INTARIAN_PEPPER_ROOT;37027;12;37026;11;;;37043;12;37046;11;;;37035.5;0.0
24;34700;ASH_COATED_OSMIUM;9992;13;9990;14;;;10008;2;10009;13;;;10000.5;0.0
24;34700;INTARIAN_PEPPER_ROOT;37027;9;37026;11;;;37040;11;37043;9;;;37034.0;0.0
24;34800;ASH_COATED_OSMIUM;9995;14;9994;21;;;10013;15;10015;14;;;10004.5;0.0
24;34800;INTARIAN_PEPPER_ROOT;37032;22;37029;9;37028;8;37045;12;37048;12;37050;12;37038.5;0.0
24;34900;ASH_COATED_OSMIUM;9992;13;9991;14;;;10013;4;10014;15;;;10003.0;0.0
24;34900;INTARIAN_PEPPER_ROOT;37027;20;37025;9;37023;12;37039;10;37042;21;37044;9;37033.0;0.0
24;35000;ASH_COATED_OSMIUM;9991;15;9989;11;9987;15;10007;12;10008;10;10010;15;9999.0;0.0
24;35000;INTARIAN_PEPPER_ROOT;37033;22;37031;20;37028;8;37036;8;37037;9;37040;16;37035.0;0.0
24;35100;ASH_COATED_OSMIUM;9990;12;9988;11;;;10008;12;10010;13;;;9999.0;0.0
24;35100;INTARIAN_PEPPER_ROOT;37028;20;37025;8;37022;11;37040;11;37041;8;37042;9;37034.0;0.0
24;35200;ASH_COATED_OSMIUM;9995;11;9994;10;9992;14;10011;30;10014;22;10017;20;10003.0;0.0
24;35200;INTARIAN_PEPPER_ROOT;37030;11;37027;8;;;37044;19;37046;9;;;37037.5;0.0
24;35300;ASH_COATED_OSMIUM;9995;12;9994;12;9991;10;10011;11;10013;14;10015;15;10003.0;0.0
24;35300;INTARIAN_PEPPER_ROOT;37029;11;37026;10;;;37042;22;37043;17;;;37036.0;0.0
24;35400;ASH_COATED_OSMIUM;10002;13;10001;12;;;10018;12;10020;27;;;10010.5;0.0
24;35400;INTARIAN_PEPPER_ROOT;37030;8;;;;;37043;19;;;;;37037.0;0.0
24;35500;ASH_COATED_OSMIUM;9992;12;9989;11;9988;11;10008;14;10011;15;10012;10;10000.5;0.0
24;35500;INTARIAN_PEPPER_ROOT;37032;10;;;;;37044;12;;;;;37038.0;0.0
24;35600;ASH_COATED_OSMIUM;9986;11;;;;;10002;11;;;;;9994.5;0.0
24;35600;INTARIAN_PEPPER_ROOT;37027;20;;;;;37043;9;;;;;37035.0;0.0
24;35700;ASH_COATED_OSMIUM;9984;13;9983;5;9981;13;10000;11;10002;13;10004;12;9992.5;0.0
24;35700;INTARIAN_PEPPER_ROOT;37036;12;37033;8;37030;12;37042;8;37044;12;37046;10;37039.5;0.0
24;35800;ASH_COATED_OSMIUM;9986;14;9983;10;;;10002;22;10003;12;;;9994.5;0.0
24;35800;INTARIAN_PEPPER_ROOT;37033;8;37030;11;;;37046;9;37047;11;;;37040.0;0.0
24;35900;ASH_COATED_OSMIUM;9986;8;;;;;10002;10;;;;;9994.0;0.0
24;35900;INTARIAN_PEPPER_ROOT;37027;19;;;;;37041;9;;;;;37034.5;0.0
24;36000;ASH_COATED_OSMIUM;9988;13;9987;12;;;9999;11;10000;15;;;9994.0;0.0
24;36000;INTARIAN_PEPPER_ROOT;37029;11;;;;;37041;11;;;;;37035.0;0.0
24;36100;ASH_COATED_OSMIUM;9989;13;;;;;10005;11;;;;;9997.5;0.0
24;36100;INTARIAN_PEPPER_ROOT;37027;8;37024;9;37022;12;37041;8;37042;10;37045;10;37034.0;0.0
24;36200;ASH_COATED_OSMIUM;9993;10;;;;;10009;10;;;;;10001.0;0.0
24;36200;INTARIAN_PEPPER_ROOT;37030;3;37028;9;;;37046;12;37047;24;;;37038.5;0.0
24;36300;ASH_COATED_OSMIUM;9984;12;9982;24;;;10002;13;10005;14;;;9993.5;0.0
24;36300;INTARIAN_PEPPER_ROOT;37027;8;;;;;37039;9;;;;;37033.5;0.0
24;36400;ASH_COATED_OSMIUM;9994;12;9993;10;;;10012;10;10015;13;;;10003.5;0.0
24;36400;INTARIAN_PEPPER_ROOT;37027;11;37026;8;37023;12;37039;10;37041;12;37042;12;37033.0;0.0
24;36500;ASH_COATED_OSMIUM;9998;30;;;;;10014;7;;;;;10006.0;0.0
24;36500;INTARIAN_PEPPER_ROOT;37027;8;37025;8;;;37045;8;37047;11;;;37036.0;0.0
24;36600;ASH_COATED_OSMIUM;9987;12;9986;11;;;10005;15;10007;12;;;9996.5;0.0
24;36600;INTARIAN_PEPPER_ROOT;37031;10;37030;10;;;37043;11;37046;12;;;37037.5;0.0
24;36700;ASH_COATED_OSMIUM;9985;11;;;;;10001;14;;;;;9993.5;0.0
24;36700;INTARIAN_PEPPER_ROOT;37025;10;;;;;37042;11;;;;;37034.0;0.0
24;36800;ASH_COATED_OSMIUM;9988;13;9985;15;9984;11;10007;13;10008;26;10010;10;9998.0;0.0
24;36800;INTARIAN_PEPPER_ROOT;37031;20;;;;;37043;17;;;;;37037.5;0.0
24;36900;ASH_COATED_OSMIUM;9996;14;;;;;10003;11;;;;;10000.0;0.0
24;36900;INTARIAN_PEPPER_ROOT;37025;20;37022;12;;;37040;3;37042;11;;;37033.0;0.0
24;37000;ASH_COATED_OSMIUM;9989;10;9988;12;9986;11;10005;13;10006;14;10007;12;9997.5;0.0
24;37000;INTARIAN_PEPPER_ROOT;37026;12;37024;9;;;37040;11;37041;10;;;37033.0;0.0
24;37100;ASH_COATED_OSMIUM;9991;14;9989;10;9987;26;10007;14;10008;12;10011;2;9999.5;0.0
24;37100;INTARIAN_PEPPER_ROOT;37031;8;37030;12;;;37043;11;37044;24;;;37037.0;0.0
24;37200;ASH_COATED_OSMIUM;9993;13;;;;;10011;22;;;;;10002.5;0.0
24;37200;INTARIAN_PEPPER_ROOT;37030;12;37027;12;;;37042;11;37044;9;;;37036.5;0.0
24;37300;ASH_COATED_OSMIUM;9996;14;9994;14;9993;13;10012;10;10014;11;10016;10;10004.5;0.0
24;37300;INTARIAN_PEPPER_ROOT;37030;21;37028;17;;;37043;12;37046;8;;;37037.0;0.0
24;37400;ASH_COATED_OSMIUM;9995;27;9994;13;;;10011;10;10013;10;;;10003.0;0.0
24;37400;INTARIAN_PEPPER_ROOT;37032;8;37031;18;;;37045;22;37048;9;;;37039.0;0.0
24;37500;ASH_COATED_OSMIUM;9986;15;9983;15;;;10002;12;10004;15;;;9994.5;0.0
24;37500;INTARIAN_PEPPER_ROOT;37028;9;;;;;37040;12;;;;;37034.5;0.0
24;37600;ASH_COATED_OSMIUM;9995;11;9994;13;;;10011;13;10012;22;;;10003.5;0.0
24;37600;INTARIAN_PEPPER_ROOT;37032;9;37031;10;;;37048;16;37051;22;;;37040.0;0.0
24;37700;ASH_COATED_OSMIUM;9995;11;9993;14;9992;15;10014;12;10016;15;10019;10;10005.0;0.0
24;37700;INTARIAN_PEPPER_ROOT;37029;11;37028;8;;;37043;11;37046;9;;;37036.0;0.0
24;37800;ASH_COATED_OSMIUM;9998;12;9996;10;;;10008;12;10009;13;;;10003.5;0.0
24;37800;INTARIAN_PEPPER_ROOT;37028;10;;;;;37042;11;;;;;37035.0;0.0
24;37900;ASH_COATED_OSMIUM;9996;10;9993;13;9992;5;10012;13;10013;13;10015;14;10004.0;0.0
24;37900;INTARIAN_PEPPER_ROOT;37033;25;37030;11;;;37046;9;37048;9;;;37040.0;0.0
24;38000;ASH_COATED_OSMIUM;9996;27;9994;13;9992;14;10014;10;10015;26;10017;26;10005.5;0.0
24;38000;INTARIAN_PEPPER_ROOT;37028;9;;;;;37045;22;;;;;37037.0;0.0
24;38100;ASH_COATED_OSMIUM;9996;30;9995;11;9992;11;10012;15;10013;10;10014;14;10004.0;0.0
24;38100;INTARIAN_PEPPER_ROOT;37032;8;37030;25;;;37044;15;37047;11;;;37038.5;0.0
24;38200;ASH_COATED_OSMIUM;10000;13;9998;4;;;10019;12;10022;10;;;10009.5;0.0
24;38200;INTARIAN_PEPPER_ROOT;37032;9;37030;16;37028;11;37046;8;37048;10;37049;8;37039.0;0.0
24;38300;ASH_COATED_OSMIUM;10001;15;10000;10;9999;29;10017;11;10019;12;10020;10;10009.0;0.0
24;38300;INTARIAN_PEPPER_ROOT;37029;18;37026;15;;;37041;9;37042;9;;;37035.5;0.0
24;38400;ASH_COATED_OSMIUM;9998;12;;;;;10014;24;;;;;10006.0;0.0
24;38400;INTARIAN_PEPPER_ROOT;37035;18;37033;15;;;37043;11;37045;9;;;37039.5;0.0
24;38500;ASH_COATED_OSMIUM;10000;15;;;;;10016;10;;;;;10008.0;0.0
24;38500;INTARIAN_PEPPER_ROOT;37032;24;37031;12;37030;15;37045;12;37047;20;37050;17;37038.5;0.0
24;38600;ASH_COATED_OSMIUM;9998;15;;;;;10009;13;;;;;10004.0;0.0
24;38600;INTARIAN_PEPPER_ROOT;37032;20;37031;12;37029;12;37045;11;37047;11;37050;25;37038.5;0.0
24;38700;ASH_COATED_OSMIUM;9992;11;;;;;10013;14;;;;;10002.5;0.0
24;38700;INTARIAN_PEPPER_ROOT;37034;10;37033;12;37030;9;37047;9;37050;12;37053;11;37041.0;0.0
24;38800;ASH_COATED_OSMIUM;9996;13;9993;11;;;10012;13;10015;14;;;10004.0;0.0
24;38800;INTARIAN_PEPPER_ROOT;37034;17;;;;;37047;18;;;;;37041.0;0.0
24;38900;ASH_COATED_OSMIUM;10000;10;9999;25;;;10018;23;10019;12;;;10009.5;0.0
24;38900;INTARIAN_PEPPER_ROOT;37034;15;;;;;37046;10;;;;;37040.5;0.0
24;39000;ASH_COATED_OSMIUM;10000;15;9997;12;;;10016;10;10018;10;;;10008.0;0.0
24;39000;INTARIAN_PEPPER_ROOT;37032;20;37029;8;;;37047;8;37050;12;;;37039.5;0.0
24;39100;ASH_COATED_OSMIUM;9998;20;9996;13;;;10014;14;10017;6;;;10006.5;0.0
24;39100;INTARIAN_PEPPER_ROOT;37035;10;37034;9;;;37048;8;37051;8;;;37041.5;0.0
24;39200;ASH_COATED_OSMIUM;9992;11;9991;14;;;10008;11;10011;11;;;10000.0;0.0
24;39200;INTARIAN_PEPPER_ROOT;37035;10;37033;25;37030;8;37047;11;37049;24;37051;10;37041.0;0.0
24;39300;ASH_COATED_OSMIUM;9991;22;9989;14;9987;14;10010;14;10012;21;10014;13;10000.5;0.0
24;39300;INTARIAN_PEPPER_ROOT;37033;10;;;;;37047;12;;;;;37040.0;0.0
24;39400;ASH_COATED_OSMIUM;9995;4;9994;14;;;10013;10;10016;13;;;10004.5;0.0
24;39400;INTARIAN_PEPPER_ROOT;37035;9;37034;22;37032;12;37048;17;37050;8;37051;9;37041.5;0.0
24;39500;ASH_COATED_OSMIUM;9993;15;;;;;10009;12;;;;;10001.0;0.0
24;39500;INTARIAN_PEPPER_ROOT;37032;10;37030;9;;;37046;20;37049;25;;;37039.0;0.0
24;39600;ASH_COATED_OSMIUM;9986;13;;;;;10005;13;;;;;9995.5;0.0
24;39600;INTARIAN_PEPPER_ROOT;37034;12;;;;;37046;9;;;;;37040.5;0.0
24;39700;ASH_COATED_OSMIUM;9984;5;;;;;10000;11;;;;;9992.5;0.0
24;39700;INTARIAN_PEPPER_ROOT;37033;20;;;;;37044;10;;;;;37038.5;0.0
24;39800;ASH_COATED_OSMIUM;9982;15;9981;11;;;9998;13;10001;11;;;9990.0;0.0
24;39800;INTARIAN_PEPPER_ROOT;37032;8;37031;12;;;37044;12;37045;10;;;37038.0;0.0
24;39900;ASH_COATED_OSMIUM;9977;13;;;;;9990;12;;;;;9984.0;0.0
24;39900;INTARIAN_PEPPER_ROOT;37029;10;37028;12;;;37041;10;37044;25;;;37035.0;0.0
24;40000;ASH_COATED_OSMIUM;9976;29;9975;15;;;9992;24;9993;10;;;9984.5;0.0
24;40000;INTARIAN_PEPPER_ROOT;37034;11;;;;;37047;9;;;;;37040.5;0.0
24;40100;ASH_COATED_OSMIUM;9974;12;;;;;9993;28;;;;;9984.0;0.0
24;40100;INTARIAN_PEPPER_ROOT;37037;12;37036;18;;;37049;12;37050;11;;;37043.5;0.0
24;40200;ASH_COATED_OSMIUM;9978;15;;;;;9994;25;;;;;9986.5;0.0
24;40200;INTARIAN_PEPPER_ROOT;37030;12;37028;11;;;37043;10;37046;10;;;37036.5;0.0
24;40300;ASH_COATED_OSMIUM;9983;10;;;;;9999;13;;;;;9991.0;0.0
24;40300;INTARIAN_PEPPER_ROOT;37038;12;37037;9;37036;8;37051;25;37052;20;37055;8;37044.5;0.0
24;40400;ASH_COATED_OSMIUM;9991;20;;;;;10007;22;;;;;9999.5;0.0
24;40400;INTARIAN_PEPPER_ROOT;37034;12;37032;8;;;37045;18;37046;12;;;37040.0;0.0
24;40500;ASH_COATED_OSMIUM;9993;5;9991;12;9990;13;10011;20;10013;11;10015;12;10002.5;0.0
24;40500;INTARIAN_PEPPER_ROOT;37033;9;37031;11;;;37048;11;37050;7;;;37041.0;0.0
24;40600;ASH_COATED_OSMIUM;9996;12;9994;12;9992;13;10012;14;10015;11;10018;26;10004.5;0.0
24;40600;INTARIAN_PEPPER_ROOT;37035;12;37033;11;37032;8;37047;8;37050;12;37051;11;37041.5;0.0
24;40700;ASH_COATED_OSMIUM;9994;13;9993;14;;;10004;11;10006;10;;;9999.5;0.0
24;40700;INTARIAN_PEPPER_ROOT;37034;12;37032;11;;;37050;10;37051;9;;;37042.5;0.0
24;40800;ASH_COATED_OSMIUM;9995;14;9992;11;9990;30;10011;11;10014;14;10017;15;10003.5;0.0
24;40800;INTARIAN_PEPPER_ROOT;37034;9;37031;11;37030;11;37046;11;37048;8;37050;12;37040.0;0.0
24;40900;ASH_COATED_OSMIUM;9999;11;9996;15;9995;11;10018;11;10021;21;10022;14;10009.0;0.0
24;40900;INTARIAN_PEPPER_ROOT;37034;24;37033;10;;;37047;21;37048;8;;;37041.0;0.0
24;41000;ASH_COATED_OSMIUM;9993;12;9992;11;;;10009;14;10010;11;;;10001.0;0.0
24;41000;INTARIAN_PEPPER_ROOT;37036;12;;;;;37047;10;;;;;37041.5;0.0
24;41100;ASH_COATED_OSMIUM;9995;12;9994;10;;;10006;12;10008;15;;;10000.5;0.0
24;41100;INTARIAN_PEPPER_ROOT;37037;12;37034;9;37033;8;37048;25;37050;8;37052;25;37042.5;0.0
24;41200;ASH_COATED_OSMIUM;9997;14;9995;14;9993;15;10013;22;10014;11;10015;10;10005.0;0.0
24;41200;INTARIAN_PEPPER_ROOT;37034;9;37033;15;;;37046;8;37049;9;;;37040.5;0.0
24;41300;ASH_COATED_OSMIUM;9989;15;9987;15;;;10005;11;10008;14;;;9997.0;0.0
24;41300;INTARIAN_PEPPER_ROOT;37037;3;37034;10;;;37050;8;37051;8;;;37044.0;0.0
24;41400;ASH_COATED_OSMIUM;9997;12;9994;10;;;10004;3;10007;11;;;10001.0;0.0
24;41400;INTARIAN_PEPPER_ROOT;37037;9;;;;;37050;12;;;;;37044.0;0.0
24;41500;ASH_COATED_OSMIUM;9997;20;;;;;10016;26;;;;;10006.5;0.0
24;41500;INTARIAN_PEPPER_ROOT;37035;9;;;;;37046;10;;;;;37041.0;0.0
24;41600;ASH_COATED_OSMIUM;9996;30;9994;15;;;10014;13;10015;14;;;10005.0;0.0
24;41600;INTARIAN_PEPPER_ROOT;37036;11;;;;;37048;9;;;;;37042.0;0.0
24;41700;ASH_COATED_OSMIUM;9998;12;9995;28;;;10017;4;10018;11;;;10007.5;0.0
24;41700;INTARIAN_PEPPER_ROOT;37038;12;37036;11;;;37050;15;37053;9;;;37044.5;0.0
24;41800;ASH_COATED_OSMIUM;9994;13;9991;11;9988;13;10013;11;10016;11;10018;14;10004.0;0.0
24;41800;INTARIAN_PEPPER_ROOT;37037;9;37035;9;;;37043;10;37046;20;;;37040.0;0.0
24;41900;ASH_COATED_OSMIUM;10000;14;;;;;10009;13;;;;;10004.5;0.0
24;41900;INTARIAN_PEPPER_ROOT;37039;23;37036;11;37035;12;37042;11;37044;11;37047;9;37041.0;0.0
24;42000;ASH_COATED_OSMIUM;9995;29;;;;;10011;13;;;;;10003.5;0.0
24;42000;INTARIAN_PEPPER_ROOT;37036;19;37033;9;;;37052;10;37055;12;;;37044.0;0.0
24;42100;ASH_COATED_OSMIUM;9996;13;9995;30;9994;13;10014;12;10017;14;10018;27;10005.5;0.0
24;42100;INTARIAN_PEPPER_ROOT;37039;8;37036;12;;;37051;15;37054;15;;;37045.5;0.0
24;42200;ASH_COATED_OSMIUM;9996;15;9994;13;;;10014;2;10015;11;;;10005.5;0.0
24;42200;INTARIAN_PEPPER_ROOT;37041;15;37040;11;37038;12;37052;11;37053;12;37055;24;37047.0;0.0
24;42300;ASH_COATED_OSMIUM;9997;14;9995;11;;;10013;13;10016;15;;;10005.0;0.0
24;42300;INTARIAN_PEPPER_ROOT;37038;8;37035;12;37032;11;37049;8;37051;12;37054;8;37043.5;0.0
24;42400;ASH_COATED_OSMIUM;10000;11;;;;;10016;27;;;;;10008.0;0.0
24;42400;INTARIAN_PEPPER_ROOT;37045;10;37043;20;;;37057;10;37058;11;;;37051.0;0.0
24;42500;ASH_COATED_OSMIUM;10000;12;9998;13;;;10016;13;10019;14;;;10008.0;0.0
24;42500;INTARIAN_PEPPER_ROOT;37031;11;;;;;37044;10;;;;;37038.0;0.0
24;42600;ASH_COATED_OSMIUM;10000;13;;;;;10016;13;;;;;10008.0;0.0
24;42600;INTARIAN_PEPPER_ROOT;37044;16;37043;11;;;37047;9;37049;11;;;37045.5;0.0
24;42700;ASH_COATED_OSMIUM;9996;13;9995;14;9994;10;10012;10;10015;10;10016;10;10004.5;0.0
24;42700;INTARIAN_PEPPER_ROOT;37035;12;37032;22;37031;10;37051;9;37052;11;37055;10;37043.5;0.0
24;42800;ASH_COATED_OSMIUM;9999;15;;;;;10015;10;;;;;10007.0;0.0
24;42800;INTARIAN_PEPPER_ROOT;37040;12;37039;10;37037;23;37042;11;37043;12;37045;15;37041.0;0.0
24;42900;ASH_COATED_OSMIUM;9997;13;9995;14;;;10013;11;10015;10;;;10005.0;0.0
24;42900;INTARIAN_PEPPER_ROOT;37036;10;37035;17;;;37051;10;37052;12;;;37044.0;0.0
24;43000;ASH_COATED_OSMIUM;10000;12;;;;;10016;30;;;;;10008.0;0.0
24;43000;INTARIAN_PEPPER_ROOT;37036;10;37035;8;37032;24;37051;10;37053;8;37054;15;37044.0;0.0
24;43100;ASH_COATED_OSMIUM;9997;12;9996;13;9994;24;10013;28;10016;30;10017;15;10005.0;0.0
24;43100;INTARIAN_PEPPER_ROOT;37036;8;;;;;37047;23;;;;;37042.0;0.0
24;43200;ASH_COATED_OSMIUM;9999;10;9996;10;;;10018;29;10021;30;;;10009.0;0.0
24;43200;INTARIAN_PEPPER_ROOT;37040;8;37038;8;;;37053;9;37054;10;;;37046.5;0.0
24;43300;ASH_COATED_OSMIUM;9999;13;9997;10;;;10015;27;10016;15;;;10007.0;0.0
24;43300;INTARIAN_PEPPER_ROOT;37036;8;;;;;37050;11;;;;;37043.5;0.0
24;43400;ASH_COATED_OSMIUM;9997;13;9994;13;;;10015;25;10017;11;;;10006.5;0.0
24;43400;INTARIAN_PEPPER_ROOT;37033;10;37031;10;;;37045;8;37047;12;;;37039.5;0.0
24;43500;ASH_COATED_OSMIUM;9995;14;9992;12;;;10013;13;10016;12;;;10004.5;0.0
24;43500;INTARIAN_PEPPER_ROOT;37037;8;;;;;37049;8;;;;;37043.5;0.0
24;43600;ASH_COATED_OSMIUM;9996;30;9994;11;9992;12;10015;11;10017;25;10018;23;10006.0;0.0
24;43600;INTARIAN_PEPPER_ROOT;37039;10;;;;;37054;12;;;;;37047.0;0.0
24;43700;ASH_COATED_OSMIUM;9991;22;9989;15;9987;22;10007;10;10008;15;10009;14;9999.5;0.0
24;43700;INTARIAN_PEPPER_ROOT;37035;15;37032;11;;;37052;10;37053;11;;;37044.0;0.0
24;43800;ASH_COATED_OSMIUM;9990;14;9988;12;;;10006;14;10009;11;;;9998.5;0.0
24;43800;INTARIAN_PEPPER_ROOT;37036;11;37034;8;;;37050;8;37052;8;;;37043.5;0.0
24;43900;ASH_COATED_OSMIUM;9983;25;;;;;9999;11;;;;;9991.5;0.0
24;43900;INTARIAN_PEPPER_ROOT;37041;12;;;;;37054;8;;;;;37047.5;0.0
24;44000;ASH_COATED_OSMIUM;9986;11;;;;;10002;13;;;;;9994.0;0.0
24;44000;INTARIAN_PEPPER_ROOT;37040;12;;;;;37054;8;;;;;37047.5;0.0
24;44100;ASH_COATED_OSMIUM;9990;13;;;;;10006;11;;;;;9998.0;0.0
24;44100;INTARIAN_PEPPER_ROOT;37037;21;;;;;37051;11;;;;;37044.5;0.0
24;44200;ASH_COATED_OSMIUM;9998;11;9996;15;9994;11;10014;10;10015;11;10017;15;10006.0;0.0
24;44200;INTARIAN_PEPPER_ROOT;37036;8;37034;12;;;37047;10;37050;8;;;37042.0;0.0
24;44300;ASH_COATED_OSMIUM;9991;10;;;;;10007;13;;;;;9999.5;0.0
24;44300;INTARIAN_PEPPER_ROOT;37037;12;37036;11;37034;12;37054;8;37055;10;37057;11;37046.0;0.0
24;44400;ASH_COATED_OSMIUM;9995;22;;;;;10011;21;;;;;10003.0;0.0
24;44400;INTARIAN_PEPPER_ROOT;37037;8;37034;12;;;37052;12;37053;12;;;37045.0;0.0
24;44500;ASH_COATED_OSMIUM;9992;13;;;;;10010;14;;;;;10001.5;0.0
24;44500;INTARIAN_PEPPER_ROOT;37035;11;37032;11;37030;9;37049;8;37050;10;37052;8;37042.0;0.0
24;44600;ASH_COATED_OSMIUM;9998;14;9997;12;;;10016;12;10018;13;;;10007.5;0.0
24;44600;INTARIAN_PEPPER_ROOT;37039;12;37037;25;;;37044;10;37046;17;;;37041.5;0.0
24;44700;ASH_COATED_OSMIUM;10001;13;9998;14;;;10019;14;10021;3;;;10010.5;0.0
24;44700;INTARIAN_PEPPER_ROOT;37039;11;37037;12;;;37056;9;37057;8;;;37047.5;0.0
24;44800;ASH_COATED_OSMIUM;10007;14;10004;10;;;10023;27;10024;14;;;10015.5;0.0
24;44800;INTARIAN_PEPPER_ROOT;37037;12;37034;10;37031;12;37051;12;37052;10;37054;9;37044.0;0.0
24;44900;ASH_COATED_OSMIUM;9996;14;;;;;10014;10;;;;;10005.0;0.0
24;44900;INTARIAN_PEPPER_ROOT;37038;8;37035;12;37032;8;37051;19;37053;12;37056;9;37044.5;0.0
24;45000;ASH_COATED_OSMIUM;9997;15;9996;13;;;10016;14;10017;15;;;10006.5;0.0
24;45000;INTARIAN_PEPPER_ROOT;37047;12;37044;20;37043;4;37049;8;37052;10;37053;12;37048.5;0.0
24;45100;ASH_COATED_OSMIUM;9993;10;9992;4;;;10005;14;10007;11;;;9999.5;0.0
24;45100;INTARIAN_PEPPER_ROOT;37031;25;37028;9;37025;10;37051;11;37053;9;37054;10;37041.0;0.0
24;45200;ASH_COATED_OSMIUM;9984;10;;;;;10002;14;;;;;9993.0;0.0
24;45200;INTARIAN_PEPPER_ROOT;37041;9;;;;;37052;8;;;;;37046.5;0.0
24;45300;ASH_COATED_OSMIUM;9985;5;9983;27;;;10001;10;10004;11;;;9993.5;0.0
24;45300;INTARIAN_PEPPER_ROOT;37038;9;37035;11;37033;10;37051;11;37052;19;37053;10;37045.0;0.0
24;45400;ASH_COATED_OSMIUM;9989;14;;;;;10005;10;;;;;9997.5;0.0
24;45400;INTARIAN_PEPPER_ROOT;37039;11;37036;9;;;37053;20;37055;12;;;37046.0;0.0
24;45500;ASH_COATED_OSMIUM;9988;15;;;;;10004;10;;;;;9996.5;0.0
24;45500;INTARIAN_PEPPER_ROOT;37037;10;;;;;37050;10;;;;;37044.0;0.0
24;45600;ASH_COATED_OSMIUM;9991;11;9990;11;;;10009;11;10012;12;;;10000.0;0.0
24;45600;INTARIAN_PEPPER_ROOT;37041;16;37038;11;;;37049;10;37050;12;;;37045.5;0.0
24;45700;ASH_COATED_OSMIUM;9992;14;9991;12;;;10011;12;10013;15;;;10001.5;0.0
24;45700;INTARIAN_PEPPER_ROOT;37042;11;37041;10;37040;4;37059;9;37060;8;37063;21;37050.5;0.0
24;45800;ASH_COATED_OSMIUM;9995;12;9994;15;9991;10;10014;10;10016;13;10017;10;10004.5;0.0
24;45800;INTARIAN_PEPPER_ROOT;37036;17;37033;12;;;37052;12;37055;23;;;37044.5;0.0
24;45900;ASH_COATED_OSMIUM;9991;10;9989;10;;;10007;13;10009;10;;;9999.0;0.0
24;45900;INTARIAN_PEPPER_ROOT;37040;9;37037;8;;;37046;25;37047;8;;;37043.5;0.0
24;46000;ASH_COATED_OSMIUM;9987;11;;;;;10006;10;;;;;9996.5;0.0
24;46000;INTARIAN_PEPPER_ROOT;37035;9;37034;24;37031;11;37048;12;37050;9;37051;16;37042.0;0.0
24;46100;ASH_COATED_OSMIUM;9984;14;;;;;10002;15;;;;;9993.5;0.0
24;46100;INTARIAN_PEPPER_ROOT;37038;22;37036;12;37035;11;37051;12;37054;8;37057;11;37045.0;0.0
24;46200;ASH_COATED_OSMIUM;9986;13;9984;10;;;10002;30;10004;14;;;9994.0;0.0
24;46200;INTARIAN_PEPPER_ROOT;37040;9;;;;;37044;10;;;;;37042.0;0.0
24;46300;ASH_COATED_OSMIUM;9988;24;9985;4;;;10004;11;10005;15;;;9996.0;0.0
24;46300;INTARIAN_PEPPER_ROOT;37042;8;;;;;37053;10;;;;;37048.0;0.0
24;46400;ASH_COATED_OSMIUM;9989;14;9988;15;;;10005;11;10006;11;;;9997.0;0.0
24;46400;INTARIAN_PEPPER_ROOT;37035;9;;;;;37050;9;;;;;37042.5;0.0
24;46500;ASH_COATED_OSMIUM;9986;12;9983;12;;;10002;12;10004;12;;;9994.5;0.0
24;46500;INTARIAN_PEPPER_ROOT;37041;11;;;;;37053;9;;;;;37047.0;0.0
24;46600;ASH_COATED_OSMIUM;9986;4;9984;15;;;9996;10;9997;13;;;9991.5;0.0
24;46600;INTARIAN_PEPPER_ROOT;37040;11;37038;9;;;37052;12;37054;24;;;37046.0;0.0
24;46700;ASH_COATED_OSMIUM;9981;11;;;;;10000;12;;;;;9990.5;0.0
24;46700;INTARIAN_PEPPER_ROOT;37040;11;37038;8;37035;12;37055;8;37058;12;37059;12;37048.0;0.0
24;46800;ASH_COATED_OSMIUM;9983;12;9980;12;9979;12;10001;26;10003;15;10005;12;9992.0;0.0
24;46800;INTARIAN_PEPPER_ROOT;37037;10;37034;25;;;37048;8;37051;10;;;37043.0;0.0
24;46900;ASH_COATED_OSMIUM;9986;13;9983;14;;;10005;24;10007;8;;;9995.5;0.0
24;46900;INTARIAN_PEPPER_ROOT;37039;11;37038;9;37036;9;37053;9;37056;8;37057;12;37046.5;0.0
24;47000;ASH_COATED_OSMIUM;9987;12;;;;;10003;20;;;;;9995.5;0.0
24;47000;INTARIAN_PEPPER_ROOT;37047;9;;;;;37051;25;;;;;37049.5;0.0
24;47100;ASH_COATED_OSMIUM;9979;11;;;;;9995;11;;;;;9987.0;0.0
24;47100;INTARIAN_PEPPER_ROOT;37041;11;37039;8;;;37054;10;37055;9;;;37047.5;0.0
24;47200;ASH_COATED_OSMIUM;9980;13;9979;14;9976;12;9996;10;9998;11;10000;11;9988.5;0.0
24;47200;INTARIAN_PEPPER_ROOT;37040;10;37037;11;;;37055;10;37057;12;;;37047.5;0.0
24;47300;ASH_COATED_OSMIUM;9987;13;9986;29;;;10003;15;10005;15;;;9995.5;0.0
24;47300;INTARIAN_PEPPER_ROOT;37044;11;37042;11;;;37056;12;37057;24;;;37050.0;0.0
24;47400;ASH_COATED_OSMIUM;9991;27;9988;24;;;10007;12;10010;10;;;9999.5;0.0
24;47400;INTARIAN_PEPPER_ROOT;37041;10;37040;11;;;37056;8;37058;12;;;37049.0;0.0
24;47500;ASH_COATED_OSMIUM;9992;15;9991;13;9988;14;10010;10;10013;15;10014;25;10001.0;0.0
24;47500;INTARIAN_PEPPER_ROOT;37042;11;;;;;37054;12;;;;;37048.5;0.0
24;47600;ASH_COATED_OSMIUM;9990;12;;;;;10006;15;;;;;9998.5;0.0
24;47600;INTARIAN_PEPPER_ROOT;37038;12;37037;8;;;37051;19;37053;8;;;37045.0;0.0
24;47700;ASH_COATED_OSMIUM;9992;28;9991;12;;;10008;14;10010;10;;;10000.0;0.0
24;47700;INTARIAN_PEPPER_ROOT;37039;11;;;;;37057;12;;;;;37048.5;0.0
24;47800;ASH_COATED_OSMIUM;9996;14;9994;11;9993;14;10005;25;10006;10;10007;10;10000.5;0.0
24;47800;INTARIAN_PEPPER_ROOT;37040;21;;;;;37054;20;;;;;37047.0;0.0
24;47900;ASH_COATED_OSMIUM;9988;10;9987;20;;;10009;25;10012;24;;;9998.5;0.0
24;47900;INTARIAN_PEPPER_ROOT;37040;8;;;;;37055;10;;;;;37048.0;0.0
24;48000;ASH_COATED_OSMIUM;9990;13;;;;;10009;10;;;;;9999.5;0.0
24;48000;INTARIAN_PEPPER_ROOT;37043;9;37040;25;;;37054;12;37057;9;;;37048.5;0.0
24;48100;ASH_COATED_OSMIUM;9990;14;9988;10;;;10008;13;10009;11;;;9999.5;0.0
24;48100;INTARIAN_PEPPER_ROOT;37039;10;37038;10;;;37054;18;37057;11;;;37046.5;0.0
24;48200;ASH_COATED_OSMIUM;9987;12;9986;14;;;10003;12;10004;28;;;9995.5;0.0
24;48200;INTARIAN_PEPPER_ROOT;37037;10;37036;9;;;37052;10;37053;10;;;37044.5;0.0
24;48300;ASH_COATED_OSMIUM;9987;13;;;;;10003;14;;;;;9995.5;0.0
24;48300;INTARIAN_PEPPER_ROOT;37045;11;37042;8;37041;10;37056;11;37059;9;37060;10;37051.0;0.0
24;48400;ASH_COATED_OSMIUM;9988;12;;;;;10004;12;;;;;9996.5;0.0
24;48400;INTARIAN_PEPPER_ROOT;37043;24;;;;;37057;12;;;;;37050.0;0.0
24;48500;ASH_COATED_OSMIUM;9990;15;;;;;10009;12;;;;;10000.0;0.0
24;48500;INTARIAN_PEPPER_ROOT;37043;10;37040;12;;;37055;8;37056;10;;;37049.5;0.0
24;48600;ASH_COATED_OSMIUM;9995;14;;;;;10014;24;;;;;10004.5;0.0
24;48600;INTARIAN_PEPPER_ROOT;37046;10;37044;12;37042;8;37059;12;37062;11;37064;8;37053.0;0.0
24;48700;ASH_COATED_OSMIUM;9990;11;9988;13;;;10009;11;10011;27;;;9999.5;0.0
24;48700;INTARIAN_PEPPER_ROOT;37039;8;;;;;37051;12;;;;;37045.0;0.0
24;48800;ASH_COATED_OSMIUM;9989;12;9987;14;;;10005;14;10007;11;;;9997.5;0.0
24;48800;INTARIAN_PEPPER_ROOT;37042;12;37041;9;;;37058;9;37060;8;;;37050.5;0.0
24;48900;ASH_COATED_OSMIUM;9990;26;9988;14;;;10006;11;10007;15;;;9998.5;0.0
24;48900;INTARIAN_PEPPER_ROOT;37043;9;37042;11;37039;21;37054;11;37055;11;37057;15;37049.0;0.0
24;49000;ASH_COATED_OSMIUM;9991;29;;;;;10007;15;;;;;9999.5;0.0
24;49000;INTARIAN_PEPPER_ROOT;37043;12;;;;;37055;8;;;;;37049.0;0.0
24;49100;ASH_COATED_OSMIUM;9988;14;9985;27;;;10004;15;10005;11;;;9996.5;0.0
24;49100;INTARIAN_PEPPER_ROOT;37045;21;37043;10;;;37057;12;37060;8;;;37051.0;0.0
24;49200;ASH_COATED_OSMIUM;9978;15;9977;10;9975;14;9994;21;9995;28;9997;11;9986.5;0.0
24;49200;INTARIAN_PEPPER_ROOT;37040;8;37039;10;37037;10;37053;9;37055;10;37058;11;37047.0;0.0
24;49300;ASH_COATED_OSMIUM;9982;11;9981;14;9978;30;9998;30;10001;13;10002;10;9990.5;0.0
24;49300;INTARIAN_PEPPER_ROOT;37036;11;;;;;37052;8;;;;;37044.5;0.0
24;49400;ASH_COATED_OSMIUM;9983;15;9980;14;9978;26;10002;11;10004;13;10006;23;9992.5;0.0
24;49400;INTARIAN_PEPPER_ROOT;37039;8;;;;;37051;22;;;;;37045.5;0.0
24;49500;ASH_COATED_OSMIUM;9986;13;;;;;10004;15;;;;;9995.5;0.0
24;49500;INTARIAN_PEPPER_ROOT;37040;8;37038;9;;;37056;8;37059;25;;;37048.5;0.0
24;49600;ASH_COATED_OSMIUM;9994;14;9992;12;;;10000;11;10002;12;;;9997.5;0.0
24;49600;INTARIAN_PEPPER_ROOT;37040;8;37038;9;;;37052;12;37054;11;;;37046.5;0.0
24;49700;ASH_COATED_OSMIUM;9985;15;9983;26;;;10001;10;10002;23;;;9993.5;0.0
24;49700;INTARIAN_PEPPER_ROOT;37044;19;37042;11;;;37056;17;37059;10;;;37050.5;0.0
24;49800;ASH_COATED_OSMIUM;9987;15;;;;;10003;12;;;;;9995.0;0.0
24;49800;INTARIAN_PEPPER_ROOT;37041;9;37039;11;;;37053;18;37054;9;;;37047.5;0.0
24;49900;ASH_COATED_OSMIUM;9992;15;;;;;10008;14;;;;;10000.0;0.0
24;49900;INTARIAN_PEPPER_ROOT;37043;11;37042;12;37040;8;37056;8;37057;10;37059;10;37049.5;0.0
24;50000;ASH_COATED_OSMIUM;9988;13;9987;12;;;10007;14;10008;23;;;9998.0;0.0
24;50000;INTARIAN_PEPPER_ROOT;37045;12;;;;;37058;8;;;;;37051.5;0.0
24;50100;ASH_COATED_OSMIUM;9995;12;9993;13;9990;13;10014;12;10017;10;10020;10;10005.0;0.0
24;50100;INTARIAN_PEPPER_ROOT;37047;8;37046;8;;;37062;10;37063;11;;;37054.5;0.0
24;50200;ASH_COATED_OSMIUM;9994;11;;;;;10010;12;;;;;10002.5;0.0
24;50200;INTARIAN_PEPPER_ROOT;37043;11;37041;12;37040;12;37056;12;37057;9;37060;10;37050.0;0.0
24;50300;ASH_COATED_OSMIUM;9996;11;9993;20;9992;10;10012;14;10015;12;10017;14;10004.0;0.0
24;50300;INTARIAN_PEPPER_ROOT;37041;11;37038;8;;;37058;8;37059;9;;;37050.0;0.0
24;50400;ASH_COATED_OSMIUM;10003;15;;;;;10012;20;;;;;10008.0;0.0
24;50400;INTARIAN_PEPPER_ROOT;37041;12;37039;8;;;37054;9;37055;24;;;37048.0;0.0
24;50500;ASH_COATED_OSMIUM;9999;12;9997;14;;;10015;13;10018;13;;;10007.5;0.0
24;50500;INTARIAN_PEPPER_ROOT;37046;10;37043;10;;;37061;9;37062;10;;;37054.0;0.0
24;50600;ASH_COATED_OSMIUM;9993;14;9992;14;;;10014;12;10016;24;;;10004.0;0.0
24;50600;INTARIAN_PEPPER_ROOT;37043;9;37042;12;37040;11;37058;9;37061;10;37063;11;37050.5;0.0
24;50700;ASH_COATED_OSMIUM;9999;14;9998;14;9995;15;10015;22;10016;15;10017;14;10007.0;0.0
24;50700;INTARIAN_PEPPER_ROOT;37043;12;;;;;37056;3;;;;;37049.5;0.0
24;50800;ASH_COATED_OSMIUM;9997;12;9995;12;9993;15;10013;29;10016;23;10019;13;10005.5;0.0
24;50800;INTARIAN_PEPPER_ROOT;37041;11;;;;;37054;9;;;;;37047.5;0.0
24;50900;ASH_COATED_OSMIUM;9994;13;9993;5;;;10010;12;10012;10;;;10002.5;0.0
24;50900;INTARIAN_PEPPER_ROOT;37046;11;37043;24;;;37060;9;37063;11;;;37053.5;0.0
24;51000;ASH_COATED_OSMIUM;9995;11;9993;11;;;10011;11;10014;14;;;10003.0;0.0
24;51000;INTARIAN_PEPPER_ROOT;37049;9;37048;12;37045;12;37060;8;37061;9;37062;12;37055.0;0.0
24;51100;ASH_COATED_OSMIUM;9996;12;9993;15;;;10012;15;10013;11;;;10004.5;0.0
24;51100;INTARIAN_PEPPER_ROOT;37039;8;37036;9;37033;8;37051;11;37054;12;37056;12;37045.0;0.0
24;51200;ASH_COATED_OSMIUM;10002;29;;;;;10018;14;;;;;10010.5;0.0
24;51200;INTARIAN_PEPPER_ROOT;37046;9;;;;;37061;11;;;;;37053.5;0.0
24;51300;ASH_COATED_OSMIUM;9995;10;;;;;10014;10;;;;;10005.0;0.0
24;51300;INTARIAN_PEPPER_ROOT;37047;11;37044;19;37043;16;37061;25;37063;10;37064;17;37054.5;0.0
24;51400;ASH_COATED_OSMIUM;9994;21;9991;10;9990;13;10010;11;10013;13;10016;13;10002.0;0.0
24;51400;INTARIAN_PEPPER_ROOT;37048;8;;;;;37051;12;;;;;37049.5;0.0
24;51500;ASH_COATED_OSMIUM;9988;13;9987;12;9986;21;10006;13;10008;27;10010;12;9997.0;0.0
24;51500;INTARIAN_PEPPER_ROOT;37048;10;;;;;37061;10;;;;;37054.5;0.0
24;51600;ASH_COATED_OSMIUM;9986;12;;;;;10002;11;;;;;9994.0;0.0
24;51600;INTARIAN_PEPPER_ROOT;37045;12;;;;;37061;12;;;;;37053.5;0.0
24;51700;ASH_COATED_OSMIUM;9989;10;9988;11;;;10005;10;10007;14;;;9997.5;0.0
24;51700;INTARIAN_PEPPER_ROOT;37045;12;;;;;37057;9;;;;;37051.5;0.0
24;51800;ASH_COATED_OSMIUM;9989;11;9987;14;9986;11;10008;10;10009;14;10012;28;9999.0;0.0
24;51800;INTARIAN_PEPPER_ROOT;37047;8;37045;8;;;37059;8;37061;12;;;37053.5;0.0
24;51900;ASH_COATED_OSMIUM;9987;14;;;;;10003;10;;;;;9995.5;0.0
24;51900;INTARIAN_PEPPER_ROOT;37047;11;;;;;37058;12;;;;;37052.5;0.0
24;52000;ASH_COATED_OSMIUM;9991;15;;;;;10012;11;;;;;10001.5;0.0
24;52000;INTARIAN_PEPPER_ROOT;37046;10;37043;12;37041;9;37057;11;37058;9;37059;9;37052.0;0.0
24;52100;ASH_COATED_OSMIUM;10001;12;9998;21;;;10017;10;10018;21;;;10009.0;0.0
24;52100;INTARIAN_PEPPER_ROOT;37043;11;;;;;37059;8;;;;;37051.0;0.0
24;52200;ASH_COATED_OSMIUM;10000;23;9998;14;9996;10;10021;30;10024;11;10027;20;10010.5;0.0
24;52200;INTARIAN_PEPPER_ROOT;37047;9;;;;;37058;20;;;;;37053.0;0.0
24;52300;ASH_COATED_OSMIUM;10005;13;;;;;10024;14;;;;;10014.5;0.0
24;52300;INTARIAN_PEPPER_ROOT;37039;8;;;;;37053;12;;;;;37046.5;0.0
24;52400;ASH_COATED_OSMIUM;10006;14;;;;;10013;10;;;;;10009.5;0.0
24;52400;INTARIAN_PEPPER_ROOT;37043;8;37042;12;;;37059;8;37062;5;;;37051.0;0.0
24;52500;ASH_COATED_OSMIUM;10001;10;10000;14;;;10017;10;10018;22;;;10009.0;0.0
24;52500;INTARIAN_PEPPER_ROOT;37049;12;37048;16;37046;9;37062;16;37065;10;37067;8;37056.0;0.0
24;52600;ASH_COATED_OSMIUM;9999;15;9996;14;9994;10;10015;15;10016;22;10018;10;10007.0;0.0
24;52600;INTARIAN_PEPPER_ROOT;37044;9;37041;24;37039;10;37057;20;37058;10;37060;11;37051.0;0.0
24;52700;ASH_COATED_OSMIUM;10002;12;10001;15;;;10018;10;10021;22;;;10010.0;0.0
24;52700;INTARIAN_PEPPER_ROOT;37050;10;37049;8;;;37062;9;37064;9;;;37056.0;0.0
24;52800;ASH_COATED_OSMIUM;9994;15;;;;;10010;11;;;;;10002.5;0.0
24;52800;INTARIAN_PEPPER_ROOT;37043;20;37042;9;;;37056;12;37059;12;;;37049.5;0.0
24;52900;ASH_COATED_OSMIUM;9989;10;9988;20;;;10007;10;10010;11;;;9998.0;0.0
24;52900;INTARIAN_PEPPER_ROOT;37045;12;;;;;37059;9;;;;;37052.5;0.0
24;53000;ASH_COATED_OSMIUM;9982;13;9980;14;;;9998;11;10001;15;;;9990.0;0.0
24;53000;INTARIAN_PEPPER_ROOT;37045;12;;;;;37058;11;;;;;37051.5;0.0
24;53100;ASH_COATED_OSMIUM;9982;15;9980;13;;;10001;28;10003;14;;;9991.5;0.0
24;53100;INTARIAN_PEPPER_ROOT;37045;11;37043;22;;;37059;12;37060;10;;;37052.0;0.0
24;53200;ASH_COATED_OSMIUM;9984;30;9982;10;9981;13;10000;15;10002;11;10003;12;9992.0;0.0
24;53200;INTARIAN_PEPPER_ROOT;37044;9;;;;;37059;9;;;;;37052.0;0.0
24;53300;ASH_COATED_OSMIUM;9987;12;9984;15;9981;14;10003;15;10005;15;10006;15;9995.0;0.0
24;53300;INTARIAN_PEPPER_ROOT;37046;19;37045;8;;;37059;17;37060;12;;;37053.0;0.0
24;53400;ASH_COATED_OSMIUM;9984;14;9982;11;;;10003;14;10006;12;;;9993.5;0.0
24;53400;INTARIAN_PEPPER_ROOT;37046;12;;;;;37060;20;;;;;37053.0;0.0
24;53500;ASH_COATED_OSMIUM;9984;12;9981;14;9978;15;10000;14;10003;11;10004;15;9992.0;0.0
24;53500;INTARIAN_PEPPER_ROOT;37046;24;37043;10;;;37060;10;37062;19;;;37053.0;0.0
24;53600;ASH_COATED_OSMIUM;9988;12;;;;;10006;10;;;;;9997.0;0.0
24;53600;INTARIAN_PEPPER_ROOT;37044;10;37041;12;;;37057;10;37060;11;;;37051.0;0.0
24;53700;ASH_COATED_OSMIUM;9987;25;9984;11;9982;12;10006;12;10007;14;10009;25;9997.0;0.0
24;53700;INTARIAN_PEPPER_ROOT;37047;11;37045;10;;;37060;12;37062;22;;;37054.0;0.0
24;53800;ASH_COATED_OSMIUM;9994;14;;;;;10012;10;;;;;10003.5;0.0
24;53800;INTARIAN_PEPPER_ROOT;37047;9;;;;;37060;9;;;;;37054.0;0.0
24;53900;ASH_COATED_OSMIUM;9994;14;9992;30;9991;23;10010;12;10011;29;10014;13;10002.5;0.0
24;53900;INTARIAN_PEPPER_ROOT;37047;11;;;;;37060;9;;;;;37053.5;0.0
24;54000;ASH_COATED_OSMIUM;9995;12;9992;10;;;10005;20;10006;11;;;10000.5;0.0
24;54000;INTARIAN_PEPPER_ROOT;37046;11;37043;21;37041;23;37059;12;37062;8;37064;23;37052.5;0.0
24;54100;ASH_COATED_OSMIUM;9996;11;9995;10;;;10012;15;10013;15;;;10004.5;0.0
24;54100;INTARIAN_PEPPER_ROOT;37045;9;37043;11;;;37064;11;37067;11;;;37055.0;0.0
24;54200;ASH_COATED_OSMIUM;9996;15;9993;11;;;10012;29;10013;14;;;10004.0;0.0
24;54200;INTARIAN_PEPPER_ROOT;37051;10;;;;;37063;9;;;;;37057.0;0.0
24;54300;ASH_COATED_OSMIUM;9991;23;9989;10;9987;12;10007;12;10009;12;10011;10;9999.0;0.0
24;54300;INTARIAN_PEPPER_ROOT;37049;9;;;;;37062;10;;;;;37055.5;0.0
24;54400;ASH_COATED_OSMIUM;9993;10;9990;13;;;10009;20;10012;10;;;10001.5;0.0
24;54400;INTARIAN_PEPPER_ROOT;37044;9;37042;9;;;37060;10;37061;12;;;37052.5;0.0
24;54500;ASH_COATED_OSMIUM;9994;14;9991;14;;;10004;12;10007;20;;;9999.5;0.0
24;54500;INTARIAN_PEPPER_ROOT;37051;12;;;;;37064;9;;;;;37058.0;0.0
24;54600;ASH_COATED_OSMIUM;9991;11;;;;;10007;15;;;;;9999.5;0.0
24;54600;INTARIAN_PEPPER_ROOT;37049;9;37046;10;37044;11;37062;11;37064;11;37066;10;37055.5;0.0
24;54700;ASH_COATED_OSMIUM;9990;10;;;;;10006;10;;;;;9998.5;0.0
24;54700;INTARIAN_PEPPER_ROOT;37049;9;37048;8;;;37062;23;37065;10;;;37056.0;0.0
24;54800;ASH_COATED_OSMIUM;9991;30;9988;15;;;10007;13;10008;14;;;9999.5;0.0
24;54800;INTARIAN_PEPPER_ROOT;37048;8;37045;10;;;37060;11;37061;11;;;37054.0;0.0
24;54900;ASH_COATED_OSMIUM;9988;14;9987;10;;;10004;15;10005;14;;;9996.5;0.0
24;54900;INTARIAN_PEPPER_ROOT;37046;11;;;;;37060;8;;;;;37053.0;0.0
24;55000;ASH_COATED_OSMIUM;9991;12;9988;11;;;10010;14;10012;10;;;10001.0;0.0
24;55000;INTARIAN_PEPPER_ROOT;37050;11;37049;9;;;37064;21;37065;4;;;37057.5;0.0
24;55100;ASH_COATED_OSMIUM;9994;26;;;;;10010;29;;;;;10002.5;0.0
24;55100;INTARIAN_PEPPER_ROOT;37048;8;;;;;37062;12;;;;;37055.0;0.0
24;55200;ASH_COATED_OSMIUM;9996;21;9995;14;;;10014;11;10016;12;;;10005.5;0.0
24;55200;INTARIAN_PEPPER_ROOT;37047;11;37046;9;37045;12;37060;11;37063;12;37066;10;37053.5;0.0
24;55300;ASH_COATED_OSMIUM;9997;21;9996;11;9993;12;10016;15;10017;3;10018;10;10006.5;0.0
24;55300;INTARIAN_PEPPER_ROOT;37051;19;;;;;37064;11;;;;;37058.0;0.0
24;55400;ASH_COATED_OSMIUM;10001;10;10000;10;;;10017;21;10018;12;;;10009.5;0.0
24;55400;INTARIAN_PEPPER_ROOT;37048;24;37047;12;37046;15;37062;11;37063;9;37066;9;37055.0;0.0
24;55500;ASH_COATED_OSMIUM;9995;15;9994;14;;;10013;10;10014;30;;;10004.5;0.0
24;55500;INTARIAN_PEPPER_ROOT;37052;9;37049;10;;;37063;9;37064;11;;;37057.5;0.0
24;55600;ASH_COATED_OSMIUM;9988;12;9987;14;9986;11;10007;10;10010;10;10011;13;9997.5;0.0
24;55600;INTARIAN_PEPPER_ROOT;37050;5;37047;21;37044;8;37062;12;37064;9;37066;8;37056.5;0.0
24;55700;ASH_COATED_OSMIUM;9997;11;9994;14;9993;15;10013;14;10014;15;10015;15;10005.0;0.0
24;55700;INTARIAN_PEPPER_ROOT;37046;8;37044;11;37042;8;37063;12;37064;11;37065;8;37054.5;0.0
24;55800;ASH_COATED_OSMIUM;9992;8;9989;12;9986;11;10011;15;10014;30;10015;26;10001.5;0.0
24;55800;INTARIAN_PEPPER_ROOT;37048;11;37045;11;;;37065;11;37066;9;;;37056.5;0.0
24;55900;ASH_COATED_OSMIUM;9996;15;;;;;10012;10;;;;;10004.0;0.0
24;55900;INTARIAN_PEPPER_ROOT;37045;8;37043;17;;;37058;11;37061;11;;;37052.0;0.0
24;56000;ASH_COATED_OSMIUM;10003;29;;;;;10013;10;;;;;10008.0;0.0
24;56000;INTARIAN_PEPPER_ROOT;37047;8;;;;;37066;12;;;;;37056.5;0.0
24;56100;ASH_COATED_OSMIUM;9999;4;9997;15;;;10015;15;10018;11;;;10007.5;0.0
24;56100;INTARIAN_PEPPER_ROOT;37049;12;37046;24;;;37066;12;37067;10;;;37058.0;0.0
24;56200;ASH_COATED_OSMIUM;10001;20;10000;12;9997;23;10017;12;10020;14;10022;21;10009.0;0.0
24;56200;INTARIAN_PEPPER_ROOT;37051;10;37048;8;37046;11;37063;5;37064;10;37067;10;37057.0;0.0
24;56300;ASH_COATED_OSMIUM;9992;12;9989;11;;;10008;11;10010;15;;;10000.5;0.0
24;56300;INTARIAN_PEPPER_ROOT;37047;8;;;;;37063;9;;;;;37055.5;0.0
24;56400;ASH_COATED_OSMIUM;9998;11;9997;11;9994;10;10011;23;10013;11;10016;12;10005.0;0.0
24;56400;INTARIAN_PEPPER_ROOT;37050;8;37047;22;;;37063;11;37064;11;;;37057.0;0.0
24;56500;ASH_COATED_OSMIUM;9993;15;9990;13;;;10009;28;10012;29;;;10001.5;0.0
24;56500;INTARIAN_PEPPER_ROOT;37054;12;;;;;37068;19;;;;;37061.0;0.0
24;56600;ASH_COATED_OSMIUM;9995;15;9994;15;;;10011;25;10013;12;;;10003.5;0.0
24;56600;INTARIAN_PEPPER_ROOT;37046;9;37043;25;;;37063;9;37065;8;;;37055.0;0.0
24;56700;ASH_COATED_OSMIUM;9999;12;9996;13;;;10009;12;10011;11;;;10004.5;0.0
24;56700;INTARIAN_PEPPER_ROOT;37055;16;37054;10;;;37063;9;37065;8;;;37059.0;0.0
24;56800;ASH_COATED_OSMIUM;9996;10;9995;15;9992;13;10012;20;10015;10;10017;14;10004.0;0.0
24;56800;INTARIAN_PEPPER_ROOT;37050;9;37049;11;37048;9;37063;8;37065;11;37066;10;37057.0;0.0
24;56900;ASH_COATED_OSMIUM;9993;20;9991;13;9989;12;10009;10;10012;14;10013;9;10001.0;0.0
24;56900;INTARIAN_PEPPER_ROOT;37047;9;;;;;37060;9;;;;;37054.0;0.0
24;57000;ASH_COATED_OSMIUM;9993;24;9992;15;9991;10;10009;11;10010;10;10012;14;10001.0;0.0
24;57000;INTARIAN_PEPPER_ROOT;37052;23;37050;10;;;37064;10;37066;11;;;37058.0;0.0
24;57100;ASH_COATED_OSMIUM;9990;12;9989;26;;;10009;24;10011;15;;;10000.0;0.0
24;57100;INTARIAN_PEPPER_ROOT;37053;11;37050;12;;;37067;12;37068;8;;;37060.5;0.0
24;57200;ASH_COATED_OSMIUM;9994;15;9991;15;;;10010;12;10012;14;;;10002.5;0.0
24;57200;INTARIAN_PEPPER_ROOT;37051;10;;;;;37062;11;;;;;37057.0;0.0
24;57300;ASH_COATED_OSMIUM;9987;11;9986;12;;;10006;14;10007;15;;;9997.0;0.0
24;57300;INTARIAN_PEPPER_ROOT;37050;17;37049;8;;;37067;9;37069;9;;;37059.0;0.0
24;57400;ASH_COATED_OSMIUM;9987;11;9984;11;9981;2;10003;15;10004;15;10007;15;9995.0;0.0
24;57400;INTARIAN_PEPPER_ROOT;37045;12;37044;20;;;37061;23;37063;9;;;37053.5;0.0
24;57500;ASH_COATED_OSMIUM;9985;15;;;;;10001;15;;;;;9993.5;0.0
24;57500;INTARIAN_PEPPER_ROOT;37051;10;;;;;37064;11;;;;;37058.0;0.0
24;57600;ASH_COATED_OSMIUM;9987;15;9986;11;;;10003;20;10004;21;;;9995.5;0.0
24;57600;INTARIAN_PEPPER_ROOT;37053;8;37051;12;;;37068;12;37069;8;;;37060.5;0.0
24;57700;ASH_COATED_OSMIUM;9988;10;9987;12;9986;24;10004;13;10006;15;10007;26;9996.5;0.0
24;57700;INTARIAN_PEPPER_ROOT;37053;8;37050;10;;;37065;21;37066;12;;;37059.5;0.0
24;57800;ASH_COATED_OSMIUM;9985;11;9982;13;9979;15;10001;13;10002;20;10005;12;9993.5;0.0
24;57800;INTARIAN_PEPPER_ROOT;37056;12;37054;11;;;37068;16;37069;12;;;37062.0;0.0
24;57900;ASH_COATED_OSMIUM;9990;10;9988;10;;;10006;10;10009;14;;;9998.0;0.0
24;57900;INTARIAN_PEPPER_ROOT;37050;11;;;;;37063;12;;;;;37057.0;0.0
24;58000;ASH_COATED_OSMIUM;9991;11;9990;12;;;10007;13;10010;11;;;9999.0;0.0
24;58000;INTARIAN_PEPPER_ROOT;37052;9;37050;19;;;37065;9;37066;10;;;37059.0;0.0
24;58100;ASH_COATED_OSMIUM;9986;12;9984;10;;;10002;23;10003;11;;;9994.5;0.0
24;58100;INTARIAN_PEPPER_ROOT;37052;18;37050;21;;;37063;7;37065;12;;;37057.5;0.0
24;58200;ASH_COATED_OSMIUM;9986;10;9983;14;9980;12;10002;11;10004;14;10007;30;9994.5;0.0
24;58200;INTARIAN_PEPPER_ROOT;37052;10;;;;;37066;11;;;;;37059.0;0.0
24;58300;ASH_COATED_OSMIUM;9982;28;;;;;9998;10;;;;;9990.0;0.0
24;58300;INTARIAN_PEPPER_ROOT;37051;9;37049;10;;;37067;11;37069;12;;;37059.0;0.0
24;58400;ASH_COATED_OSMIUM;9981;27;9978;14;;;10002;10;10005;11;;;9991.5;0.0
24;58400;INTARIAN_PEPPER_ROOT;37054;9;37053;20;;;37067;11;37069;9;;;37061.0;0.0
24;58500;ASH_COATED_OSMIUM;9989;21;;;;;10005;13;;;;;9997.5;0.0
24;58500;INTARIAN_PEPPER_ROOT;37049;12;37047;11;;;37062;8;37063;12;;;37055.5;0.0
24;58600;ASH_COATED_OSMIUM;9989;13;9986;15;9985;15;10005;12;10008;14;10010;4;9997.5;0.0
24;58600;INTARIAN_PEPPER_ROOT;37054;11;37052;8;;;37070;12;37071;21;;;37062.0;0.0
24;58700;ASH_COATED_OSMIUM;9986;10;9984;15;9983;15;10002;14;10003;12;10004;12;9994.0;0.0
24;58700;INTARIAN_PEPPER_ROOT;37052;8;37050;10;;;37065;8;37068;10;;;37059.0;0.0
24;58800;ASH_COATED_OSMIUM;9987;13;9986;4;9985;30;10003;11;10006;11;10007;29;9995.0;0.0
24;58800;INTARIAN_PEPPER_ROOT;37053;10;37052;15;;;37070;15;37072;24;;;37062.0;0.0
24;58900;ASH_COATED_OSMIUM;9987;13;9984;14;9981;26;10003;12;10006;11;10007;13;9995.5;0.0
24;58900;INTARIAN_PEPPER_ROOT;37049;25;;;;;37062;12;;;;;37056.0;0.0
24;59000;ASH_COATED_OSMIUM;9990;14;;;;;10006;14;;;;;9998.0;0.0
24;59000;INTARIAN_PEPPER_ROOT;37053;11;;;;;37065;4;;;;;37059.5;0.0
24;59100;ASH_COATED_OSMIUM;9989;12;9987;12;;;10005;14;10007;14;;;9997.5;0.0
24;59100;INTARIAN_PEPPER_ROOT;37058;11;37056;12;37053;11;37072;10;37073;9;37075;12;37065.5;0.0
24;59200;ASH_COATED_OSMIUM;9991;13;9989;13;9986;15;10007;14;10010;10;10012;12;9999.0;0.0
24;59200;INTARIAN_PEPPER_ROOT;37053;12;37050;9;37048;25;37067;12;37070;16;37073;12;37060.5;0.0
24;59300;ASH_COATED_OSMIUM;9995;14;9992;10;;;10011;12;10012;13;;;10003.0;0.0
24;59300;INTARIAN_PEPPER_ROOT;37054;21;;;;;37068;17;;;;;37061.0;0.0
24;59400;ASH_COATED_OSMIUM;9996;4;;;;;10012;15;;;;;10004.5;0.0
24;59400;INTARIAN_PEPPER_ROOT;37054;10;;;;;37068;9;;;;;37061.0;0.0
24;59500;ASH_COATED_OSMIUM;9994;10;9993;12;9990;13;10010;15;10011;15;10013;13;10002.0;0.0
24;59500;INTARIAN_PEPPER_ROOT;37057;19;;;;;37068;15;;;;;37063.0;0.0
24;59600;ASH_COATED_OSMIUM;9989;13;9988;15;;;10005;29;10008;14;;;9997.0;0.0
24;59600;INTARIAN_PEPPER_ROOT;37051;9;;;;;37067;10;;;;;37059.5;0.0
24;59700;ASH_COATED_OSMIUM;9991;24;;;;;9996;13;;;;;9993.5;0.0
24;59700;INTARIAN_PEPPER_ROOT;37055;11;37054;12;;;37066;11;37069;11;;;37061.0;0.0
24;59800;ASH_COATED_OSMIUM;9982;5;9980;14;;;9998;15;10001;13;;;9990.0;0.0
24;59800;INTARIAN_PEPPER_ROOT;37054;18;37052;7;;;37066;22;37068;12;;;37060.0;0.0
24;59900;ASH_COATED_OSMIUM;9979;13;;;;;9995;15;;;;;9987.0;0.0
24;59900;INTARIAN_PEPPER_ROOT;37050;12;37049;12;;;37063;9;37065;8;;;37057.0;0.0
24;60000;ASH_COATED_OSMIUM;9978;10;;;;;9988;28;;;;;9983.5;0.0
24;60000;INTARIAN_PEPPER_ROOT;37052;10;;;;;37063;11;;;;;37058.0;0.0
24;60100;ASH_COATED_OSMIUM;9979;21;9977;11;9976;14;9995;14;9996;12;9998;13;9987.0;0.0
24;60100;INTARIAN_PEPPER_ROOT;37053;9;37052;10;;;37066;8;37067;10;;;37059.5;0.0
24;60200;ASH_COATED_OSMIUM;9978;29;9977;23;;;9994;26;9997;11;;;9986.5;0.0
24;60200;INTARIAN_PEPPER_ROOT;37059;11;37057;8;;;37061;12;37064;11;;;37060.5;0.0
24;60300;ASH_COATED_OSMIUM;9982;15;9979;10;;;9998;10;9999;15;;;9990.5;0.0
24;60300;INTARIAN_PEPPER_ROOT;37054;8;;;;;37071;24;;;;;37062.5;0.0
24;60400;ASH_COATED_OSMIUM;9982;23;9979;12;9976;26;9998;14;10001;13;10003;23;9990.0;0.0
24;60400;INTARIAN_PEPPER_ROOT;37053;18;37052;12;;;37066;19;37068;8;;;37060.0;0.0
24;60500;ASH_COATED_OSMIUM;9977;11;9975;26;9972;30;9993;10;9994;11;9997;14;9985.5;0.0
24;60500;INTARIAN_PEPPER_ROOT;37054;9;37053;19;;;37067;11;37070;11;;;37061.0;0.0
24;60600;ASH_COATED_OSMIUM;9979;29;;;;;9995;10;;;;;9987.5;0.0
24;60600;INTARIAN_PEPPER_ROOT;37054;12;37051;12;37048;8;37066;11;37067;12;37068;9;37060.5;0.0
24;60700;ASH_COATED_OSMIUM;9976;11;9973;20;;;9992;4;9993;11;;;9984.5;0.0
24;60700;INTARIAN_PEPPER_ROOT;37051;8;37048;9;37047;10;37063;11;37066;12;37068;11;37057.5;0.0
24;60800;ASH_COATED_OSMIUM;9977;27;9974;12;9971;15;9993;20;9994;3;9996;13;9985.0;0.0
24;60800;INTARIAN_PEPPER_ROOT;37056;9;37053;19;;;37068;11;37069;12;;;37062.0;0.0
24;60900;ASH_COATED_OSMIUM;9978;12;9977;24;;;9997;15;10000;12;;;9987.5;0.0
24;60900;INTARIAN_PEPPER_ROOT;37054;9;37051;10;;;37071;9;37073;9;;;37062.5;0.0
24;61000;ASH_COATED_OSMIUM;9987;10;9984;11;;;10003;21;10006;30;;;9995.5;0.0
24;61000;INTARIAN_PEPPER_ROOT;37058;10;37057;11;;;37070;15;37071;11;;;37064.0;0.0
24;61100;ASH_COATED_OSMIUM;9989;15;;;;;10005;24;;;;;9997.5;0.0
24;61100;INTARIAN_PEPPER_ROOT;37053;8;;;;;37067;10;;;;;37060.5;0.0
24;61200;ASH_COATED_OSMIUM;9987;14;9984;12;9982;27;10003;14;10005;11;10008;7;9995.0;0.0
24;61200;INTARIAN_PEPPER_ROOT;37055;8;37052;10;37051;12;37068;9;37069;18;37071;22;37061.5;0.0
24;61300;ASH_COATED_OSMIUM;9991;12;9989;10;9988;20;10007;12;10008;14;10010;10;9999.5;0.0
24;61300;INTARIAN_PEPPER_ROOT;37054;25;;;;;37067;12;;;;;37060.5;0.0
24;61400;ASH_COATED_OSMIUM;9991;11;9988;15;9985;12;10007;12;10009;13;10010;14;9999.0;0.0
24;61400;INTARIAN_PEPPER_ROOT;37052;8;37051;12;37049;9;37068;9;37069;11;37071;8;37060.5;0.0
24;61500;ASH_COATED_OSMIUM;9987;12;;;;;10003;12;;;;;9995.5;0.0
24;61500;INTARIAN_PEPPER_ROOT;37051;8;37049;16;;;37065;12;37067;10;;;37058.0;0.0
24;61600;ASH_COATED_OSMIUM;9985;14;;;;;10001;12;;;;;9993.5;0.0
24;61600;INTARIAN_PEPPER_ROOT;37052;11;37049;10;;;37069;8;37070;12;;;37061.0;0.0
24;61700;ASH_COATED_OSMIUM;9985;10;9982;27;;;10001;12;10004;12;;;9993.0;0.0
24;61700;INTARIAN_PEPPER_ROOT;37054;8;37052;12;37051;11;37072;11;37075;12;37078;12;37063.0;0.0
24;61800;ASH_COATED_OSMIUM;9991;14;;;;;10007;12;;;;;9999.5;0.0
24;61800;INTARIAN_PEPPER_ROOT;37053;16;37050;12;37047;25;37064;10;37067;10;37069;12;37059.0;0.0
24;61900;ASH_COATED_OSMIUM;9997;10;;;;;10013;14;;;;;10005.0;0.0
24;61900;INTARIAN_PEPPER_ROOT;37052;2;;;;;37064;17;;;;;37058.0;0.0
24;62000;ASH_COATED_OSMIUM;9998;12;9995;30;;;10014;13;10017;15;;;10006.0;0.0
24;62000;INTARIAN_PEPPER_ROOT;37053;10;37051;9;37049;11;37066;19;37067;10;37070;19;37059.5;0.0
24;62100;ASH_COATED_OSMIUM;9991;10;9990;10;9989;23;10007;29;10010;13;10012;13;9999.5;0.0
24;62100;INTARIAN_PEPPER_ROOT;37058;9;;;;;37069;8;;;;;37064.0;0.0
24;62200;ASH_COATED_OSMIUM;10002;2;10000;10;9998;25;10018;20;10021;26;10022;26;10010.0;0.0
24;62200;INTARIAN_PEPPER_ROOT;37052;19;;;;;37069;10;;;;;37061.0;0.0
24;62300;ASH_COATED_OSMIUM;10000;15;;;;;10016;12;;;;;10008.5;0.0
24;62300;INTARIAN_PEPPER_ROOT;37051;10;;;;;37066;8;;;;;37059.0;0.0
24;62400;ASH_COATED_OSMIUM;9992;15;9989;10;9986;10;10013;12;10015;14;10017;13;10003.0;0.0
24;62400;INTARIAN_PEPPER_ROOT;37051;12;37050;9;37048;10;37067;11;37069;9;37070;10;37059.5;0.0
24;62500;ASH_COATED_OSMIUM;9991;14;9990;13;;;10007;6;10008;14;;;9999.5;0.0
24;62500;INTARIAN_PEPPER_ROOT;37053;12;37050;12;37049;11;37069;10;37072;12;37073;18;37061.0;0.0
24;62600;ASH_COATED_OSMIUM;9990;15;9989;12;9986;10;10009;10;10012;10;10013;26;9999.5;0.0
24;62600;INTARIAN_PEPPER_ROOT;37057;19;37054;10;;;37071;9;37073;19;;;37064.5;0.0
24;62700;ASH_COATED_OSMIUM;9989;10;9988;13;;;10005;15;10006;20;;;9997.0;0.0
24;62700;INTARIAN_PEPPER_ROOT;37056;11;37054;11;37051;23;37068;9;37070;10;37073;8;37062.0;0.0
24;62800;ASH_COATED_OSMIUM;9995;13;;;;;10011;21;;;;;10003.0;0.0
24;62800;INTARIAN_PEPPER_ROOT;37060;9;37057;12;;;37074;9;37076;8;;;37067.0;0.0
24;62900;ASH_COATED_OSMIUM;9990;12;9988;10;9985;25;10006;12;10008;12;10010;20;9998.0;0.0
24;62900;INTARIAN_PEPPER_ROOT;37057;9;;;;;37071;12;;;;;37064.0;0.0
24;63000;ASH_COATED_OSMIUM;9987;11;9984;12;9982;10;10003;10;10005;14;10007;4;9995.5;0.0
24;63000;INTARIAN_PEPPER_ROOT;37053;9;37051;24;37050;12;37066;10;37067;10;37068;8;37060.0;0.0
24;63100;ASH_COATED_OSMIUM;9989;10;9987;11;9984;11;10008;10;10009;24;10012;10;9998.5;0.0
24;63100;INTARIAN_PEPPER_ROOT;37055;21;37052;10;37051;8;37066;11;37069;10;37072;9;37060.5;0.0
24;63200;ASH_COATED_OSMIUM;9990;14;9987;12;;;10006;13;10009;15;;;9998.5;0.0
24;63200;INTARIAN_PEPPER_ROOT;37055;10;;;;;37071;7;;;;;37063.0;0.0
24;63300;ASH_COATED_OSMIUM;9992;12;9991;24;9989;12;10008;15;10009;10;10010;13;10000.0;0.0
24;63300;INTARIAN_PEPPER_ROOT;37060;21;;;;;37072;10;;;;;37066.0;0.0
24;63400;ASH_COATED_OSMIUM;9992;24;9989;12;;;10010;12;10011;20;;;10001.0;0.0
24;63400;INTARIAN_PEPPER_ROOT;37058;11;37057;8;37055;8;37073;12;37075;8;37077;8;37066.0;0.0
24;63500;ASH_COATED_OSMIUM;9990;15;9989;22;;;10006;11;10007;12;;;9998.5;0.0
24;63500;INTARIAN_PEPPER_ROOT;37051;12;37048;11;;;37071;8;37072;9;;;37061.5;0.0
24;63600;ASH_COATED_OSMIUM;9998;10;9995;10;;;10014;11;10015;13;;;10006.0;0.0
24;63600;INTARIAN_PEPPER_ROOT;37056;12;;;;;37068;8;;;;;37062.0;0.0
24;63700;ASH_COATED_OSMIUM;9995;13;9994;10;9992;14;10013;21;10015;13;10018;13;10004.0;0.0
24;63700;INTARIAN_PEPPER_ROOT;37057;11;;;;;37071;10;;;;;37064.0;0.0
24;63800;ASH_COATED_OSMIUM;9996;14;9993;10;;;10012;9;10015;12;;;10004.5;0.0
