day;timestamp;product;bid_price_1;bid_volume_1;bid_price_2;bid_volume_2;bid_price_3;bid_volume_3;ask_price_1;ask_volume_1;ask_price_2;ask_volume_2;ask_price_3;ask_volume_3;mid_price;profit_and_loss
39;0;ASH_COATED_OSMIUM;9994;10;;;;;10010;15;;;;;10002.0;0.0
39;0;INTARIAN_PEPPER_ROOT;51994;8;51993;11;;;52008;10;52011;11;;;52001.0;0.0
39;100;ASH_COATED_OSMIUM;9995;13;9994;15;;;10013;12;10016;29;;;10004.5;0.0
39;100;INTARIAN_PEPPER_ROOT;51997;9;;;;;52009;11;;;;;52003.0;0.0
39;200;ASH_COATED_OSMIUM;9993;21;9990;25;;;10009;14;10011;3;;;10001.0;0.0
39;200;INTARIAN_PEPPER_ROOT;51995;12;51992;11;51989;11;52008;21;52009;11;52012;10;52001.5;0.0
39;300;ASH_COATED_OSMIUM;9988;13;9987;10;;;10004;12;10006;14;;;9996.0;0.0
39;300;INTARIAN_PEPPER_ROOT;51994;9;51992;11;;;52006;8;52007;11;;;52000.0;0.0
39;400;ASH_COATED_OSMIUM;9992;10;9991;13;9989;10;10008;11;10011;12;10012;14;10000.5;0.0
39;400;INTARIAN_PEPPER_ROOT;51997;10;;;;;52009;10;;;;;52003.0;0.0
39;500;ASH_COATED_OSMIUM;9988;12;9987;10;;;10004;13;10007;10;;;9996.0;0.0
39;500;INTARIAN_PEPPER_ROOT;51989;11;;;;;52002;9;;;;;51996.0;0.0
39;600;ASH_COATED_OSMIUM;9989;11;9987;15;9984;12;10008;14;10009;15;10011;14;9999.0;0.0
39;600;INTARIAN_PEPPER_ROOT;51993;9;51990;9;51987;12;52007;11;52010;8;52013;8;52000.5;0.0
39;700;ASH_COATED_OSMIUM;9991;21;9989;15;;;10007;15;10008;13;;;9999.0;0.0
39;700;INTARIAN_PEPPER_ROOT;51993;9;51992;12;;;52007;11;52009;10;;;52000.5;0.0
39;800;ASH_COATED_OSMIUM;9989;13;9988;10;9987;13;10005;15;10007;15;10010;13;9997.0;0.0
39;800;INTARIAN_PEPPER_ROOT;51996;20;51995;11;;;52009;8;52012;9;;;52003.0;0.0
39;900;ASH_COATED_OSMIUM;9996;28;;;;;10012;21;;;;;10004.0;0.0
39;900;INTARIAN_PEPPER_ROOT;51997;6;;;;;52008;11;;;;;52002.5;0.0
39;1000;ASH_COATED_OSMIUM;9998;15;9996;10;;;10017;13;10019;13;;;10007.5;0.0
39;1000;INTARIAN_PEPPER_ROOT;51994;12;51992;10;;;52005;17;52007;15;;;52000.0;0.0
39;1100;ASH_COATED_OSMIUM;9998;15;9997;13;;;10016;15;10017;15;;;10007.0;0.0
39;1100;INTARIAN_PEPPER_ROOT;51994;12;51993;11;;;52008;9;52009;9;;;52001.5;0.0
39;1200;ASH_COATED_OSMIUM;9995;14;9993;10;;;10011;14;10012;11;;;10003.0;0.0
39;1200;INTARIAN_PEPPER_ROOT;51997;24;;;;;52010;10;;;;;52004.0;0.0
39;1300;ASH_COATED_OSMIUM;9994;24;9991;12;9990;15;10015;11;10016;13;10019;10;10004.5;0.0
39;1300;INTARIAN_PEPPER_ROOT;51999;8;51996;18;51994;9;52010;9;52012;12;52014;24;52005.0;0.0
39;1400;ASH_COATED_OSMIUM;10002;15;9999;27;;;10018;12;10019;10;;;10010.0;0.0
39;1400;INTARIAN_PEPPER_ROOT;51993;8;51991;12;51989;10;52010;23;52013;10;52015;10;52001.5;0.0
39;1500;ASH_COATED_OSMIUM;10000;27;9997;11;9995;14;10016;15;10017;13;10019;11;10008.0;0.0
39;1500;INTARIAN_PEPPER_ROOT;51993;21;51990;9;;;52006;11;52008;10;;;52000.0;0.0
39;1600;ASH_COATED_OSMIUM;10002;15;10000;11;;;10018;14;10019;10;;;10010.0;0.0
39;1600;INTARIAN_PEPPER_ROOT;51996;10;;;;;52010;10;;;;;52003.0;0.0
39;1700;ASH_COATED_OSMIUM;9998;14;9996;11;9995;11;10014;13;10016;20;10017;11;10006.0;0.0
39;1700;INTARIAN_PEPPER_ROOT;51996;8;51993;10;51990;8;52008;12;52009;10;52011;11;52002.0;0.0
39;1800;ASH_COATED_OSMIUM;9999;13;;;;;10015;11;;;;;10007.5;0.0
39;1800;INTARIAN_PEPPER_ROOT;51998;7;;;;;52013;8;;;;;52005.5;0.0
39;1900;ASH_COATED_OSMIUM;9999;14;;;;;10015;12;;;;;10007.5;0.0
39;1900;INTARIAN_PEPPER_ROOT;51995;11;51992;12;51989;12;52008;12;52010;8;52011;11;52001.5;0.0
39;2000;ASH_COATED_OSMIUM;9991;11;;;;;10009;12;;;;;10000.0;0.0
39;2000;INTARIAN_PEPPER_ROOT;51998;21;51997;10;;;52009;10;52011;12;;;52003.5;0.0
39;2100;ASH_COATED_OSMIUM;9990;10;;;;;10006;13;;;;;9998.0;0.0
39;2100;INTARIAN_PEPPER_ROOT;51994;9;;;;;52008;22;;;;;52001.5;0.0
39;2200;ASH_COATED_OSMIUM;9993;11;;;;;10011;24;;;;;10002.0;0.0
39;2200;INTARIAN_PEPPER_ROOT;51996;10;;;;;52010;11;;;;;52003.0;0.0
39;2300;ASH_COATED_OSMIUM;9996;11;9994;26;;;10012;15;10015;13;;;10004.5;0.0
39;2300;INTARIAN_PEPPER_ROOT;51994;9;51991;12;;;52007;10;52008;8;;;52000.5;0.0
39;2400;ASH_COATED_OSMIUM;9992;10;9989;2;;;10010;15;10011;14;;;10001.0;0.0
39;2400;INTARIAN_PEPPER_ROOT;51991;3;51988;11;51987;9;52005;9;52006;17;52009;8;51998.5;0.0
39;2500;ASH_COATED_OSMIUM;9993;14;9992;13;;;10011;14;10013;11;;;10002.0;0.0
39;2500;INTARIAN_PEPPER_ROOT;51998;9;51996;8;51994;12;52010;10;52013;12;52015;24;52004.5;0.0
39;2600;ASH_COATED_OSMIUM;9995;10;9993;13;;;10011;27;10013;12;;;10003.5;0.0
39;2600;INTARIAN_PEPPER_ROOT;51995;21;51992;9;51989;9;52007;4;52009;16;52012;12;52001.0;0.0
39;2700;ASH_COATED_OSMIUM;9997;13;9995;13;9992;12;10007;15;10008;10;10010;13;10002.0;0.0
39;2700;INTARIAN_PEPPER_ROOT;51998;11;;;;;52010;8;;;;;52004.0;0.0
39;2800;ASH_COATED_OSMIUM;9994;14;9992;12;9991;3;10010;4;10013;15;10015;10;10002.5;0.0
39;2800;INTARIAN_PEPPER_ROOT;51995;10;51994;10;51991;12;52012;10;52015;8;52017;12;52004.0;0.0
39;2900;ASH_COATED_OSMIUM;9998;12;9995;13;;;10014;12;10017;12;;;10006.0;0.0
39;2900;INTARIAN_PEPPER_ROOT;51993;8;51992;10;;;52009;11;52012;10;;;52001.5;0.0
39;3000;ASH_COATED_OSMIUM;9991;12;9989;13;;;10007;15;10009;28;;;9999.5;0.0
39;3000;INTARIAN_PEPPER_ROOT;51996;11;51995;9;51994;12;52010;9;52011;11;52014;10;52003.0;0.0
39;3100;ASH_COATED_OSMIUM;9991;11;9988;13;;;10007;11;10009;11;;;9999.0;0.0
39;3100;INTARIAN_PEPPER_ROOT;51999;8;;;;;52010;10;;;;;52005.0;0.0
39;3200;ASH_COATED_OSMIUM;9986;13;;;;;10002;12;;;;;9994.5;0.0
39;3200;INTARIAN_PEPPER_ROOT;52001;18;51998;11;;;52013;9;52015;9;;;52007.0;0.0
39;3300;ASH_COATED_OSMIUM;9997;12;9995;11;9993;14;10013;14;10016;24;10017;11;10005.5;0.0
39;3300;INTARIAN_PEPPER_ROOT;52000;8;51999;25;;;52011;10;52013;11;;;52005.5;0.0
39;3400;ASH_COATED_OSMIUM;9995;11;9993;15;;;10011;15;10012;14;;;10003.0;0.0
39;3400;INTARIAN_PEPPER_ROOT;51999;10;;;;;52012;12;;;;;52006.0;0.0
39;3500;ASH_COATED_OSMIUM;9995;13;9993;11;;;10011;11;10012;10;;;10003.0;0.0
39;3500;INTARIAN_PEPPER_ROOT;51997;11;51994;11;51992;10;52011;8;52012;12;52014;19;52004.0;0.0
39;3600;ASH_COATED_OSMIUM;9997;24;9994;15;;;10013;11;10014;10;;;10005.5;0.0
39;3600;INTARIAN_PEPPER_ROOT;51999;9;;;;;52013;8;;;;;52006.0;0.0
39;3700;ASH_COATED_OSMIUM;9996;11;9994;11;;;10014;30;10015;10;;;10005.0;0.0
39;3700;INTARIAN_PEPPER_ROOT;52003;12;;;;;52007;9;;;;;52005.5;0.0
39;3800;ASH_COATED_OSMIUM;9994;13;;;;;10012;14;;;;;10003.5;0.0
39;3800;INTARIAN_PEPPER_ROOT;52001;12;;;;;52014;12;;;;;52008.0;0.0
39;3900;ASH_COATED_OSMIUM;9997;14;;;;;10013;12;;;;;10005.5;0.0
39;3900;INTARIAN_PEPPER_ROOT;51995;12;51994;10;;;52006;25;52009;11;;;52000.5;0.0
39;4000;ASH_COATED_OSMIUM;10000;13;;;;;10016;12;;;;;10008.5;0.0
39;4000;INTARIAN_PEPPER_ROOT;52002;8;;;;;52014;12;;;;;52008.0;0.0
39;4100;ASH_COATED_OSMIUM;9999;13;;;;;10015;13;;;;;10007.5;0.0
39;4100;INTARIAN_PEPPER_ROOT;51994;11;;;;;52011;10;;;;;52002.5;0.0
39;4200;ASH_COATED_OSMIUM;10000;23;9999;15;;;10016;15;10017;12;;;10008.0;0.0
39;4200;INTARIAN_PEPPER_ROOT;52001;10;51999;9;;;52012;22;52013;21;;;52007.0;0.0
39;4300;ASH_COATED_OSMIUM;9999;14;9996;14;;;10015;10;10017;8;;;10007.0;0.0
39;4300;INTARIAN_PEPPER_ROOT;52000;11;;;;;52014;12;;;;;52007.0;0.0
39;4400;ASH_COATED_OSMIUM;10001;4;;;;;10017;10;;;;;10009.0;0.0
39;4400;INTARIAN_PEPPER_ROOT;51996;5;;;;;52010;9;;;;;52003.0;0.0
39;4500;ASH_COATED_OSMIUM;10000;13;9998;14;9997;2;10018;11;10021;14;10023;14;10009.0;0.0
39;4500;INTARIAN_PEPPER_ROOT;52005;8;;;;;52017;9;;;;;52011.0;0.0
39;4600;ASH_COATED_OSMIUM;10000;14;9997;14;9996;9;10016;13;10018;28;10020;23;10008.5;0.0
39;4600;INTARIAN_PEPPER_ROOT;52001;8;51999;20;;;52014;11;52015;8;;;52007.5;0.0
39;4700;ASH_COATED_OSMIUM;9995;15;9993;13;9990;13;10011;10;10014;10;10015;14;10003.0;0.0
39;4700;INTARIAN_PEPPER_ROOT;51999;8;51998;11;;;52007;18;52009;9;;;52003.0;0.0
39;4800;ASH_COATED_OSMIUM;9990;11;9989;11;;;10006;29;10009;14;;;9998.5;0.0
39;4800;INTARIAN_PEPPER_ROOT;52003;12;52002;25;;;52014;12;52017;9;;;52008.5;0.0
39;4900;ASH_COATED_OSMIUM;9988;14;9986;11;;;10004;11;10007;14;;;9996.5;0.0
39;4900;INTARIAN_PEPPER_ROOT;52003;11;52002;11;;;52015;8;52017;10;;;52009.0;0.0
39;5000;ASH_COATED_OSMIUM;9982;10;9980;11;;;9998;13;10000;13;;;9990.0;0.0
39;5000;INTARIAN_PEPPER_ROOT;51997;20;51995;10;51993;8;52009;12;52011;11;52012;19;52003.0;0.0
39;5100;ASH_COATED_OSMIUM;9988;30;;;;;10004;13;;;;;9996.0;0.0
39;5100;INTARIAN_PEPPER_ROOT;51997;10;51994;19;;;52009;12;52012;11;;;52003.0;0.0
39;5200;ASH_COATED_OSMIUM;9992;10;;;;;10008;15;;;;;10000.0;0.0
39;5200;INTARIAN_PEPPER_ROOT;51995;4;51994;10;;;52009;9;52010;12;;;52002.5;0.0
39;5300;ASH_COATED_OSMIUM;9991;29;9989;14;9987;13;10007;11;10010;10;10013;15;9999.5;0.0
39;5300;INTARIAN_PEPPER_ROOT;51996;12;;;;;52012;12;;;;;52004.5;0.0
39;5400;ASH_COATED_OSMIUM;9987;24;9986;11;;;10008;12;10011;11;;;9997.5;0.0
39;5400;INTARIAN_PEPPER_ROOT;51997;12;;;;;52012;8;;;;;52004.5;0.0
39;5500;ASH_COATED_OSMIUM;9992;14;9990;10;;;10008;13;10010;10;;;10000.5;0.0
39;5500;INTARIAN_PEPPER_ROOT;52000;12;51999;8;;;52013;10;52016;9;;;52007.0;0.0
39;5600;ASH_COATED_OSMIUM;9991;13;9988;11;9985;10;10007;15;10009;12;10010;12;9999.5;0.0
39;5600;INTARIAN_PEPPER_ROOT;52000;10;51999;9;;;52015;8;52016;9;;;52008.0;0.0
39;5700;ASH_COATED_OSMIUM;9986;11;9983;10;9981;13;10002;10;10004;14;10006;12;9994.5;0.0
39;5700;INTARIAN_PEPPER_ROOT;51998;10;51996;8;;;52012;8;52015;12;;;52005.5;0.0
39;5800;ASH_COATED_OSMIUM;9982;12;9981;11;;;10001;10;10004;11;;;9991.5;0.0
39;5800;INTARIAN_PEPPER_ROOT;51999;11;51998;21;;;52015;9;52016;9;;;52007.0;0.0
39;5900;ASH_COATED_OSMIUM;9986;11;9983;10;9982;11;9991;10;9994;24;9995;11;9989.0;0.0
39;5900;INTARIAN_PEPPER_ROOT;51995;9;51993;4;51992;15;52012;9;52015;10;52016;12;52003.5;0.0
39;6000;ASH_COATED_OSMIUM;9983;15;;;;;9999;11;;;;;9991.5;0.0
39;6000;INTARIAN_PEPPER_ROOT;51998;10;51997;12;51996;12;52012;8;52014;10;52017;8;52005.5;0.0
39;6100;ASH_COATED_OSMIUM;9981;11;9979;12;;;9997;11;9998;15;;;9989.0;0.0
39;6100;INTARIAN_PEPPER_ROOT;52001;10;51999;21;51998;10;52017;12;52019;11;52022;10;52009.5;0.0
39;6200;ASH_COATED_OSMIUM;9981;14;9980;9;9977;11;10000;29;10003;12;10005;13;9991.0;0.0
39;6200;INTARIAN_PEPPER_ROOT;51996;8;51994;9;51992;9;52011;10;52013;10;52016;12;52004.0;0.0
39;6300;ASH_COATED_OSMIUM;9991;26;9988;10;;;10007;14;10008;10;;;9999.0;0.0
39;6300;INTARIAN_PEPPER_ROOT;52001;11;;;;;52014;10;;;;;52007.5;0.0
39;6400;ASH_COATED_OSMIUM;9998;10;9995;15;;;10014;13;10015;12;;;10006.0;0.0
39;6400;INTARIAN_PEPPER_ROOT;52002;9;52000;12;;;52019;8;52020;19;;;52010.5;0.0
39;6500;ASH_COATED_OSMIUM;9991;21;9989;15;9986;10;10007;15;10009;29;10012;15;9999.5;0.0
39;6500;INTARIAN_PEPPER_ROOT;52001;10;;;;;52012;9;;;;;52007.0;0.0
39;6600;ASH_COATED_OSMIUM;9992;5;9990;13;9987;10;10008;12;10011;12;10014;10;10000.5;0.0
39;6600;INTARIAN_PEPPER_ROOT;51997;11;51995;22;;;52008;23;52011;10;;;52003.0;0.0
39;6700;ASH_COATED_OSMIUM;9994;25;;;;;10013;10;;;;;10004.0;0.0
39;6700;INTARIAN_PEPPER_ROOT;52003;12;52001;11;51999;8;52014;12;52016;10;52019;11;52009.0;0.0
39;6800;ASH_COATED_OSMIUM;9992;29;9991;30;9990;21;10002;12;10004;14;10006;11;9997.5;0.0
39;6800;INTARIAN_PEPPER_ROOT;52000;11;51998;10;;;52015;18;52016;10;;;52007.5;0.0
39;6900;ASH_COATED_OSMIUM;9988;14;9987;11;9985;15;9998;20;9999;21;10002;14;9993.0;0.0
39;6900;INTARIAN_PEPPER_ROOT;52001;24;52000;11;51997;9;52017;10;52019;10;52020;12;52009.0;0.0
39;7000;ASH_COATED_OSMIUM;9979;14;9976;14;9974;11;9998;12;9999;11;10002;14;9989.0;0.0
39;7000;INTARIAN_PEPPER_ROOT;52003;8;52001;20;;;52014;12;52016;9;;;52009.0;0.0
39;7100;ASH_COATED_OSMIUM;9983;15;;;;;9999;12;;;;;9991.0;0.0
39;7100;INTARIAN_PEPPER_ROOT;51997;8;51996;11;;;52015;21;52018;9;;;52006.0;0.0
39;7200;ASH_COATED_OSMIUM;9983;13;9980;12;9979;11;9999;10;10000;13;10003;29;9991.5;0.0
39;7200;INTARIAN_PEPPER_ROOT;52000;9;;;;;52014;10;;;;;52007.0;0.0
39;7300;ASH_COATED_OSMIUM;9988;10;;;;;10006;21;;;;;9997.0;0.0
39;7300;INTARIAN_PEPPER_ROOT;52001;9;51998;11;;;52013;22;52016;8;;;52007.0;0.0
39;7400;ASH_COATED_OSMIUM;9987;12;9984;14;;;10003;15;10005;10;;;9995.0;0.0
39;7400;INTARIAN_PEPPER_ROOT;52003;11;;;;;52015;20;;;;;52009.0;0.0
39;7500;ASH_COATED_OSMIUM;9986;20;9983;22;;;10004;13;10007;12;;;9995.5;0.0
39;7500;INTARIAN_PEPPER_ROOT;52001;8;;;;;52010;9;;;;;52006.0;0.0
39;7600;ASH_COATED_OSMIUM;9989;14;;;;;10000;12;;;;;9995.0;0.0
39;7600;INTARIAN_PEPPER_ROOT;52003;8;52002;11;51999;22;52017;12;52018;8;52021;19;52010.5;0.0
39;7700;ASH_COATED_OSMIUM;9987;11;;;;;10005;23;;;;;9996.0;0.0
39;7700;INTARIAN_PEPPER_ROOT;52002;11;52001;25;;;52015;17;52017;8;;;52008.5;0.0
39;7800;ASH_COATED_OSMIUM;9984;25;;;;;10003;11;;;;;9994.0;0.0
39;7800;INTARIAN_PEPPER_ROOT;52000;12;51997;12;;;52012;10;52014;9;;;52006.0;0.0
39;7900;ASH_COATED_OSMIUM;9986;12;9984;26;9981;12;10004;26;10005;15;10008;15;9995.5;0.0
39;7900;INTARIAN_PEPPER_ROOT;51997;11;51994;11;;;52013;8;52015;12;;;52005.0;0.0
39;8000;ASH_COATED_OSMIUM;9994;24;9993;12;9990;11;10010;15;10013;11;10014;23;10002.5;0.0
39;8000;INTARIAN_PEPPER_ROOT;52005;23;52002;9;;;52016;8;52019;8;;;52010.5;0.0
39;8100;ASH_COATED_OSMIUM;9996;10;;;;;10015;12;;;;;10006.0;0.0
39;8100;INTARIAN_PEPPER_ROOT;52003;10;52000;11;;;52014;12;52015;19;;;52009.0;0.0
39;8200;ASH_COATED_OSMIUM;10000;10;9997;10;;;10019;15;10020;15;;;10009.5;0.0
39;8200;INTARIAN_PEPPER_ROOT;51999;8;51997;8;;;52011;9;52013;12;;;52005.0;0.0
39;8300;ASH_COATED_OSMIUM;10000;11;9997;23;;;10016;12;10017;14;;;10008.5;0.0
39;8300;INTARIAN_PEPPER_ROOT;52000;10;51998;11;;;52015;12;52018;9;;;52008.0;0.0
39;8400;ASH_COATED_OSMIUM;9999;12;;;;;10012;5;;;;;10006.0;0.0
39;8400;INTARIAN_PEPPER_ROOT;52001;25;;;;;52014;10;;;;;52008.0;0.0
39;8500;ASH_COATED_OSMIUM;10001;13;9998;10;9996;14;10017;12;10020;13;10021;14;10009.0;0.0
39;8500;INTARIAN_PEPPER_ROOT;51997;10;51994;8;51992;9;52014;8;52015;15;52016;23;52005.5;0.0
39;8600;ASH_COATED_OSMIUM;10000;13;9998;14;;;10016;30;10017;12;;;10008.0;0.0
39;8600;INTARIAN_PEPPER_ROOT;52001;10;52000;10;;;52014;11;52015;12;;;52007.5;0.0
39;8700;ASH_COATED_OSMIUM;9995;2;9993;15;9991;10;10011;11;10012;10;10013;11;10003.0;0.0
39;8700;INTARIAN_PEPPER_ROOT;51999;8;51996;8;;;52013;12;52015;8;;;52006.0;0.0
39;8800;ASH_COATED_OSMIUM;9993;11;9990;5;9987;10;10009;15;10012;13;10013;12;10001.0;0.0
39;8800;INTARIAN_PEPPER_ROOT;52002;10;;;;;52017;11;;;;;52009.5;0.0
39;8900;ASH_COATED_OSMIUM;9990;14;9987;14;9985;11;10008;14;10009;15;10010;15;9999.0;0.0
39;8900;INTARIAN_PEPPER_ROOT;52002;12;52000;7;;;52014;18;52016;9;;;52008.5;0.0
39;9000;ASH_COATED_OSMIUM;9989;15;9987;28;;;10005;10;10006;26;;;9997.5;0.0
39;9000;INTARIAN_PEPPER_ROOT;52001;8;;;;;52013;12;;;;;52007.5;0.0
39;9100;ASH_COATED_OSMIUM;9990;11;;;;;10006;10;;;;;9998.0;0.0
39;9100;INTARIAN_PEPPER_ROOT;52007;8;;;;;52021;8;;;;;52014.0;0.0
39;9200;ASH_COATED_OSMIUM;9988;12;9985;14;;;10004;14;10007;12;;;9996.5;0.0
39;9200;INTARIAN_PEPPER_ROOT;52003;9;52000;12;51999;11;52017;10;52019;11;52021;11;52010.5;0.0
39;9300;ASH_COATED_OSMIUM;9988;15;9987;13;9985;27;10004;11;10005;11;10006;20;9996.5;0.0
39;9300;INTARIAN_PEPPER_ROOT;51998;8;51997;10;;;52016;19;52017;25;;;52007.5;0.0
39;9400;ASH_COATED_OSMIUM;9987;10;;;;;10003;27;;;;;9995.5;0.0
39;9400;INTARIAN_PEPPER_ROOT;52001;10;;;;;52016;9;;;;;52008.5;0.0
39;9500;ASH_COATED_OSMIUM;9991;14;9989;12;;;10007;12;10009;15;;;9999.0;0.0
39;9500;INTARIAN_PEPPER_ROOT;52004;9;52001;9;52000;9;52016;9;52018;12;52021;21;52010.0;0.0
39;9600;ASH_COATED_OSMIUM;9987;10;9985;13;;;10003;14;10005;5;;;9995.0;0.0
39;9600;INTARIAN_PEPPER_ROOT;52001;11;52000;12;;;52014;9;52017;9;;;52007.5;0.0
39;9700;ASH_COATED_OSMIUM;9985;15;9984;13;;;10003;14;10006;11;;;9994.5;0.0
39;9700;INTARIAN_PEPPER_ROOT;51996;19;51994;11;51993;9;52010;10;52013;11;52016;18;52003.5;0.0
39;9800;ASH_COATED_OSMIUM;9989;11;9988;29;;;10005;13;10008;13;;;9997.0;0.0
39;9800;INTARIAN_PEPPER_ROOT;52002;10;52001;11;51998;11;52015;20;52016;11;52017;3;52008.5;0.0
39;9900;ASH_COATED_OSMIUM;9996;11;;;;;10006;14;;;;;10001.5;0.0
39;9900;INTARIAN_PEPPER_ROOT;52006;24;;;;;52021;5;;;;;52013.5;0.0
39;10000;ASH_COATED_OSMIUM;9989;4;9987;15;9984;13;10005;30;10006;14;10008;13;9997.5;0.0
39;10000;INTARIAN_PEPPER_ROOT;52002;11;52001;8;51998;11;52019;18;52020;10;52021;11;52010.5;0.0
39;10100;ASH_COATED_OSMIUM;9992;11;9990;12;;;10008;10;10009;10;;;10000.0;0.0
39;10100;INTARIAN_PEPPER_ROOT;52003;12;52000;12;;;52017;25;52020;8;;;52010.5;0.0
39;10200;ASH_COATED_OSMIUM;9993;10;9990;11;9987;11;10012;25;10013;23;10014;13;10003.0;0.0
39;10200;INTARIAN_PEPPER_ROOT;52002;8;52000;8;;;52015;10;52018;11;;;52009.0;0.0
39;10300;ASH_COATED_OSMIUM;9997;11;9996;11;;;10015;12;10018;15;;;10006.0;0.0
39;10300;INTARIAN_PEPPER_ROOT;52005;11;;;;;52016;20;;;;;52010.5;0.0
39;10400;ASH_COATED_OSMIUM;9992;3;;;;;10008;10;;;;;10000.0;0.0
39;10400;INTARIAN_PEPPER_ROOT;52003;10;52002;10;;;52016;11;52017;8;;;52010.0;0.0
39;10500;ASH_COATED_OSMIUM;9992;10;;;;;10005;11;;;;;9998.5;0.0
39;10500;INTARIAN_PEPPER_ROOT;52005;9;52003;9;;;52016;11;52019;21;;;52010.5;0.0
39;10600;ASH_COATED_OSMIUM;9990;11;9989;13;;;10006;27;10009;5;;;9998.5;0.0
39;10600;INTARIAN_PEPPER_ROOT;52006;8;;;;;52018;8;;;;;52012.0;0.0
39;10700;ASH_COATED_OSMIUM;9997;14;9995;10;;;10003;14;10004;11;;;10000.0;0.0
39;10700;INTARIAN_PEPPER_ROOT;51997;16;51995;8;;;52014;16;52017;10;;;52006.0;0.0
39;10800;ASH_COATED_OSMIUM;9985;14;9984;13;9983;10;10001;21;10003;11;10006;14;9993.0;0.0
39;10800;INTARIAN_PEPPER_ROOT;52007;9;52006;11;;;52020;25;52022;8;;;52014.0;0.0
39;10900;ASH_COATED_OSMIUM;9985;13;9983;13;;;10004;14;10005;13;;;9995.0;0.0
39;10900;INTARIAN_PEPPER_ROOT;52004;10;52001;12;52000;11;52017;9;52018;11;52020;10;52010.5;0.0
39;11000;ASH_COATED_OSMIUM;9992;12;;;;;10001;10;;;;;9997.0;0.0
39;11000;INTARIAN_PEPPER_ROOT;52006;12;52003;25;52002;10;52018;9;52020;10;52021;8;52012.0;0.0
39;11100;ASH_COATED_OSMIUM;9995;13;9993;13;9991;11;10011;13;10012;14;10013;10;10003.0;0.0
39;11100;INTARIAN_PEPPER_ROOT;52005;8;;;;;52018;25;;;;;52011.5;0.0
39;11200;ASH_COATED_OSMIUM;9998;15;9997;13;;;10014;13;10016;27;;;10006.5;0.0
39;11200;INTARIAN_PEPPER_ROOT;52009;11;52006;10;52004;7;52021;10;52022;10;52024;11;52015.5;0.0
39;11300;ASH_COATED_OSMIUM;9990;11;;;;;10009;11;;;;;9999.5;0.0
39;11300;INTARIAN_PEPPER_ROOT;52001;11;;;;;52015;11;;;;;52008.5;0.0
39;11400;ASH_COATED_OSMIUM;9992;29;;;;;10008;13;;;;;10000.0;0.0
39;11400;INTARIAN_PEPPER_ROOT;52003;11;52001;10;;;52020;8;52022;11;;;52011.5;0.0
39;11500;ASH_COATED_OSMIUM;9990;14;9989;11;9988;13;10008;12;10011;12;10014;13;9999.0;0.0
39;11500;INTARIAN_PEPPER_ROOT;52007;10;52004;9;52001;9;52020;19;52023;9;52024;12;52014.0;0.0
39;11600;ASH_COATED_OSMIUM;9994;15;9993;12;;;10010;14;10013;10;;;10002.5;0.0
39;11600;INTARIAN_PEPPER_ROOT;52006;10;52005;9;;;52018;10;52019;11;;;52012.0;0.0
39;11700;ASH_COATED_OSMIUM;9993;23;;;;;10011;25;;;;;10002.5;0.0
39;11700;INTARIAN_PEPPER_ROOT;52006;8;;;;;52021;9;;;;;52013.5;0.0
39;11800;ASH_COATED_OSMIUM;9991;15;9989;30;;;10007;10;10010;15;;;9999.0;0.0
39;11800;INTARIAN_PEPPER_ROOT;52008;9;;;;;52021;12;;;;;52015.0;0.0
39;11900;ASH_COATED_OSMIUM;9988;13;;;;;10007;11;;;;;9998.0;0.0
39;11900;INTARIAN_PEPPER_ROOT;52002;9;51999;23;;;52014;8;52015;9;;;52008.5;0.0
39;12000;ASH_COATED_OSMIUM;9989;12;;;;;10008;14;;;;;9998.5;0.0
39;12000;INTARIAN_PEPPER_ROOT;52008;11;;;;;52021;11;;;;;52014.5;0.0
39;12100;ASH_COATED_OSMIUM;9992;11;9991;15;;;10008;13;10009;14;;;10000.0;0.0
39;12100;INTARIAN_PEPPER_ROOT;52005;21;52003;10;52001;12;52022;11;52024;9;52027;11;52014.0;0.0
39;12200;ASH_COATED_OSMIUM;9991;10;9990;14;;;10009;13;10010;11;;;10000.5;0.0
39;12200;INTARIAN_PEPPER_ROOT;52006;12;52004;11;52002;10;52017;12;52019;9;52021;11;52011.5;0.0
39;12300;ASH_COATED_OSMIUM;9995;13;;;;;10014;12;;;;;10004.5;0.0
39;12300;INTARIAN_PEPPER_ROOT;52001;8;52000;12;;;52013;10;52015;9;;;52007.5;0.0
39;12400;ASH_COATED_OSMIUM;10002;11;10001;21;;;10012;23;10014;13;;;10007.5;0.0
39;12400;INTARIAN_PEPPER_ROOT;52003;9;52002;10;;;52016;11;52018;11;;;52009.5;0.0
39;12500;ASH_COATED_OSMIUM;9998;29;9995;15;9992;12;10014;11;10017;11;10020;11;10006.0;0.0
39;12500;INTARIAN_PEPPER_ROOT;52006;12;52003;11;52001;11;52023;12;52025;9;52028;11;52014.5;0.0
39;12600;ASH_COATED_OSMIUM;10002;2;10000;14;9998;10;10018;27;10021;12;10023;11;10010.0;0.0
39;12600;INTARIAN_PEPPER_ROOT;52007;9;;;;;52018;10;;;;;52012.5;0.0
39;12700;ASH_COATED_OSMIUM;9998;13;9997;29;9994;13;10016;15;10018;12;10019;10;10007.0;0.0
39;12700;INTARIAN_PEPPER_ROOT;52006;11;52003;11;52001;10;52018;12;52019;10;52022;10;52012.0;0.0
39;12800;ASH_COATED_OSMIUM;9996;13;9995;28;;;10014;15;10017;11;;;10005.0;0.0
39;12800;INTARIAN_PEPPER_ROOT;52006;8;;;;;52019;9;;;;;52013.0;0.0
39;12900;ASH_COATED_OSMIUM;9992;15;9989;11;;;10008;12;10009;14;;;10000.0;0.0
39;12900;INTARIAN_PEPPER_ROOT;52007;8;52005;9;;;52024;10;52025;10;;;52015.5;0.0
39;13000;ASH_COATED_OSMIUM;9987;10;;;;;10003;13;;;;;9995.5;0.0
39;13000;INTARIAN_PEPPER_ROOT;52008;10;52006;12;52005;12;52016;8;52019;8;52021;11;52012.0;0.0
39;13100;ASH_COATED_OSMIUM;9983;13;;;;;10001;25;;;;;9992.5;0.0
39;13100;INTARIAN_PEPPER_ROOT;52004;20;52002;11;;;52017;10;52018;19;;;52010.5;0.0
39;13200;ASH_COATED_OSMIUM;9989;6;9986;29;9984;14;10005;13;10006;12;10007;14;9997.0;0.0
39;13200;INTARIAN_PEPPER_ROOT;52006;19;52005;20;52003;22;52020;11;52023;11;52024;7;52013.5;0.0
39;13300;ASH_COATED_OSMIUM;9991;12;9989;11;9988;10;10007;10;10009;10;10011;22;9999.0;0.0
39;13300;INTARIAN_PEPPER_ROOT;52005;8;52002;17;;;52018;11;52021;9;;;52012.0;0.0
39;13400;ASH_COATED_OSMIUM;9994;14;9991;11;;;10010;21;10011;10;;;10002.0;0.0
39;13400;INTARIAN_PEPPER_ROOT;52009;11;;;;;52021;9;;;;;52015.0;0.0
39;13500;ASH_COATED_OSMIUM;9999;11;9997;13;;;10015;15;10017;12;;;10007.5;0.0
39;13500;INTARIAN_PEPPER_ROOT;52013;19;;;;;52024;11;;;;;52019.0;0.0
39;13600;ASH_COATED_OSMIUM;9999;10;;;;;10015;11;;;;;10007.0;0.0
39;13600;INTARIAN_PEPPER_ROOT;52009;10;52007;12;;;52022;8;52024;11;;;52016.0;0.0
39;13700;ASH_COATED_OSMIUM;9996;11;9994;15;9993;13;10014;13;10017;15;10018;10;10005.0;0.0
39;13700;INTARIAN_PEPPER_ROOT;52004;12;;;;;52016;12;;;;;52010.0;0.0
39;13800;ASH_COATED_OSMIUM;9994;28;;;;;10010;15;;;;;10002.0;0.0
39;13800;INTARIAN_PEPPER_ROOT;52008;9;52006;11;;;52019;10;52021;12;;;52014.0;0.0
39;13900;ASH_COATED_OSMIUM;9991;12;9990;11;;;10007;13;10010;14;;;9999.5;0.0
39;13900;INTARIAN_PEPPER_ROOT;52011;8;;;;;52024;25;;;;;52017.5;0.0
39;14000;ASH_COATED_OSMIUM;9987;12;9984;12;;;10003;27;10004;15;;;9995.0;0.0
39;14000;INTARIAN_PEPPER_ROOT;52005;22;52003;8;;;52018;9;52021;9;;;52011.5;0.0
39;14100;ASH_COATED_OSMIUM;9983;13;;;;;9999;11;;;;;9991.0;0.0
39;14100;INTARIAN_PEPPER_ROOT;52006;8;52003;12;;;52018;10;52021;25;;;52012.0;0.0
39;14200;ASH_COATED_OSMIUM;9987;14;;;;;10003;14;;;;;9995.0;0.0
39;14200;INTARIAN_PEPPER_ROOT;52006;11;52005;9;;;52020;10;52021;10;;;52013.0;0.0
39;14300;ASH_COATED_OSMIUM;9987;23;;;;;10003;11;;;;;9995.0;0.0
39;14300;INTARIAN_PEPPER_ROOT;52008;11;;;;;52025;17;;;;;52016.5;0.0
39;14400;ASH_COATED_OSMIUM;9987;10;;;;;10003;14;;;;;9995.0;0.0
39;14400;INTARIAN_PEPPER_ROOT;52008;10;52006;12;52003;8;52019;8;52022;10;52024;8;52013.5;0.0
39;14500;ASH_COATED_OSMIUM;9988;12;9987;14;;;10004;10;10006;10;;;9996.0;0.0
39;14500;INTARIAN_PEPPER_ROOT;52007;12;52006;10;;;52019;11;52020;12;;;52013.0;0.0
39;14600;ASH_COATED_OSMIUM;9990;12;;;;;10009;15;;;;;10000.0;0.0
39;14600;INTARIAN_PEPPER_ROOT;52008;8;;;;;52022;11;;;;;52015.5;0.0
39;14700;ASH_COATED_OSMIUM;9990;15;9987;14;9985;10;10006;27;10008;13;10010;12;9998.5;0.0
39;14700;INTARIAN_PEPPER_ROOT;52011;9;52010;23;;;52025;9;52027;12;;;52018.5;0.0
39;14800;ASH_COATED_OSMIUM;9994;14;9992;12;;;10010;13;10012;13;;;10002.0;0.0
39;14800;INTARIAN_PEPPER_ROOT;52006;8;52003;10;;;52019;16;52021;12;;;52012.5;0.0
39;14900;ASH_COATED_OSMIUM;9989;15;;;;;10008;10;;;;;9998.5;0.0
39;14900;INTARIAN_PEPPER_ROOT;52006;21;52003;9;52001;10;52018;8;52021;17;52023;19;52012.5;0.0
39;15000;ASH_COATED_OSMIUM;9991;11;9988;13;;;10007;23;10009;15;;;9999.0;0.0
39;15000;INTARIAN_PEPPER_ROOT;52008;9;52006;12;52003;8;52019;9;52020;21;52023;11;52014.0;0.0
39;15100;ASH_COATED_OSMIUM;9986;14;;;;;10002;10;;;;;9994.0;0.0
39;15100;INTARIAN_PEPPER_ROOT;52007;11;52005;9;;;52019;10;52022;9;;;52013.5;0.0
39;15200;ASH_COATED_OSMIUM;9974;28;;;;;9990;14;;;;;9982.5;0.0
39;15200;INTARIAN_PEPPER_ROOT;52007;8;52004;8;52001;11;52022;16;52024;23;52026;8;52015.0;0.0
39;15300;ASH_COATED_OSMIUM;9977;12;9974;14;;;9993;25;9996;14;;;9985.5;0.0
39;15300;INTARIAN_PEPPER_ROOT;52009;12;;;;;52024;24;;;;;52017.0;0.0
39;15400;ASH_COATED_OSMIUM;9981;4;9978;13;;;10000;10;10001;14;;;9990.5;0.0
39;15400;INTARIAN_PEPPER_ROOT;52004;9;52003;12;52001;9;52017;10;52018;12;52019;9;52011.0;0.0
39;15500;ASH_COATED_OSMIUM;9982;29;;;;;9998;10;;;;;9990.5;0.0
39;15500;INTARIAN_PEPPER_ROOT;52010;11;;;;;52022;24;;;;;52016.5;0.0
39;15600;ASH_COATED_OSMIUM;9984;26;9982;13;;;10000;22;10003;12;;;9992.5;0.0
39;15600;INTARIAN_PEPPER_ROOT;52012;9;52010;10;;;52024;15;52025;11;;;52018.5;0.0
39;15700;ASH_COATED_OSMIUM;9988;20;9985;10;;;10004;15;10007;21;;;9996.0;0.0
39;15700;INTARIAN_PEPPER_ROOT;52007;23;52005;10;;;52019;8;52022;11;;;52013.5;0.0
39;15800;ASH_COATED_OSMIUM;9985;11;;;;;10001;15;;;;;9993.0;0.0
39;15800;INTARIAN_PEPPER_ROOT;52009;11;52006;10;52004;9;52022;10;52024;9;52025;11;52015.5;0.0
39;15900;ASH_COATED_OSMIUM;9986;15;;;;;10002;20;;;;;9994.0;0.0
39;15900;INTARIAN_PEPPER_ROOT;52006;10;52004;9;;;52019;11;52021;21;;;52013.0;0.0
39;16000;ASH_COATED_OSMIUM;9989;11;9986;22;;;10005;13;10007;4;;;9997.5;0.0
39;16000;INTARIAN_PEPPER_ROOT;52012;8;;;;;52024;20;;;;;52018.0;0.0
39;16100;ASH_COATED_OSMIUM;9994;3;;;;;10010;11;;;;;10002.5;0.0
39;16100;INTARIAN_PEPPER_ROOT;52011;10;52009;10;;;52024;9;52027;8;;;52017.5;0.0
39;16200;ASH_COATED_OSMIUM;9990;10;9989;14;;;10006;22;10007;21;;;9998.5;0.0
39;16200;INTARIAN_PEPPER_ROOT;52009;20;52008;10;;;52023;9;52026;9;;;52016.5;0.0
39;16300;ASH_COATED_OSMIUM;9996;14;9995;10;;;10014;14;10016;15;;;10005.0;0.0
39;16300;INTARIAN_PEPPER_ROOT;52006;12;;;;;52019;8;;;;;52013.0;0.0
39;16400;ASH_COATED_OSMIUM;9998;14;;;;;10014;5;;;;;10006.0;0.0
39;16400;INTARIAN_PEPPER_ROOT;52012;11;52010;11;52009;10;52024;10;52027;9;52030;11;52018.5;0.0
39;16500;ASH_COATED_OSMIUM;10000;11;;;;;10016;12;;;;;10008.5;0.0
39;16500;INTARIAN_PEPPER_ROOT;52012;11;52011;8;;;52026;8;52028;12;;;52019.0;0.0
39;16600;ASH_COATED_OSMIUM;9992;13;;;;;10010;12;;;;;10001.5;0.0
39;16600;INTARIAN_PEPPER_ROOT;52008;12;52006;19;;;52022;8;52024;11;;;52015.0;0.0
39;16700;ASH_COATED_OSMIUM;9987;20;9986;15;;;10003;13;10005;14;;;9995.0;0.0
39;16700;INTARIAN_PEPPER_ROOT;52012;9;52011;12;52009;12;52023;8;52025;8;52027;9;52017.5;0.0
39;16800;ASH_COATED_OSMIUM;9984;11;9983;13;9981;10;10000;8;10001;12;10003;28;9992.0;0.0
39;16800;INTARIAN_PEPPER_ROOT;52010;11;;;;;52022;12;;;;;52016.0;0.0
39;16900;ASH_COATED_OSMIUM;9982;10;9979;11;;;9998;11;9999;14;;;9990.5;0.0
39;16900;INTARIAN_PEPPER_ROOT;52012;9;52009;10;52008;11;52023;11;52025;12;52026;22;52017.5;0.0
39;17000;ASH_COATED_OSMIUM;9985;28;;;;;10001;20;;;;;9993.0;0.0
39;17000;INTARIAN_PEPPER_ROOT;52009;9;52008;12;52007;6;52028;8;52029;12;52030;12;52018.5;0.0
39;17100;ASH_COATED_OSMIUM;9983;14;9980;14;;;10001;10;10004;12;;;9992.5;0.0
39;17100;INTARIAN_PEPPER_ROOT;52008;19;52007;24;52004;22;52020;12;52023;12;52026;11;52014.5;0.0
39;17200;ASH_COATED_OSMIUM;9980;11;9978;10;9977;13;9999;14;10001;15;10004;10;9990.0;0.0
39;17200;INTARIAN_PEPPER_ROOT;52006;12;52003;10;;;52020;11;52021;10;;;52013.0;0.0
39;17300;ASH_COATED_OSMIUM;9979;13;9976;13;;;9997;4;9998;13;;;9988.5;0.0
39;17300;INTARIAN_PEPPER_ROOT;52018;11;52017;9;;;52021;10;52022;8;;;52019.5;0.0
39;17400;ASH_COATED_OSMIUM;9986;13;9985;13;9982;10;10002;10;10005;14;10007;15;9994.0;0.0
39;17400;INTARIAN_PEPPER_ROOT;52010;8;52008;8;;;52023;11;52024;11;;;52017.0;0.0
39;17500;ASH_COATED_OSMIUM;9994;10;9991;11;;;10005;15;10007;12;;;9999.5;0.0
39;17500;INTARIAN_PEPPER_ROOT;52014;8;52013;8;;;52028;12;52029;9;;;52021.0;0.0
39;17600;ASH_COATED_OSMIUM;9988;11;;;;;10007;25;;;;;9997.5;0.0
39;17600;INTARIAN_PEPPER_ROOT;52005;12;52004;10;52002;11;52021;23;52024;10;52027;19;52013.5;0.0
39;17700;ASH_COATED_OSMIUM;9986;15;;;;;10007;26;;;;;9996.5;0.0
39;17700;INTARIAN_PEPPER_ROOT;52008;10;52006;19;;;52020;9;52022;8;;;52014.0;0.0
39;17800;ASH_COATED_OSMIUM;9987;13;;;;;10003;11;;;;;9995.5;0.0
39;17800;INTARIAN_PEPPER_ROOT;52011;8;;;;;52026;10;;;;;52018.5;0.0
39;17900;ASH_COATED_OSMIUM;9988;12;9985;23;9982;10;10007;28;10008;10;10010;15;9997.5;0.0
39;17900;INTARIAN_PEPPER_ROOT;52011;10;52009;10;52008;12;52023;12;52025;10;52027;11;52017.5;0.0
39;18000;ASH_COATED_OSMIUM;9996;12;9994;9;9992;13;10001;11;10003;12;10006;11;9998.5;0.0
39;18000;INTARIAN_PEPPER_ROOT;52007;8;52005;12;;;52024;8;52027;12;;;52016.0;0.0
39;18100;ASH_COATED_OSMIUM;9995;10;;;;;10011;14;;;;;10003.5;0.0
39;18100;INTARIAN_PEPPER_ROOT;52007;10;;;;;52020;9;;;;;52013.5;0.0
39;18200;ASH_COATED_OSMIUM;9996;12;;;;;10014;3;;;;;10005.0;0.0
39;18200;INTARIAN_PEPPER_ROOT;52016;11;;;;;52020;10;;;;;52018.0;0.0
39;18300;ASH_COATED_OSMIUM;9992;21;9991;20;;;10008;14;10010;25;;;10000.5;0.0
39;18300;INTARIAN_PEPPER_ROOT;52011;8;;;;;52026;10;;;;;52019.0;0.0
39;18400;ASH_COATED_OSMIUM;10000;12;9998;10;;;10010;12;10011;10;;;10005.0;0.0
39;18400;INTARIAN_PEPPER_ROOT;52012;8;52009;15;52006;17;52024;12;52025;10;52027;8;52018.5;0.0
39;18500;ASH_COATED_OSMIUM;9998;15;9995;15;9994;28;10017;13;10020;14;10021;14;10007.5;0.0
39;18500;INTARIAN_PEPPER_ROOT;52013;10;52012;10;;;52017;12;52020;12;;;52015.0;0.0
39;18600;ASH_COATED_OSMIUM;9997;24;9996;10;9995;29;10013;21;10015;15;10017;10;10005.5;0.0
39;18600;INTARIAN_PEPPER_ROOT;52012;12;;;;;52028;9;;;;;52020.0;0.0
39;18700;ASH_COATED_OSMIUM;10000;12;9998;10;;;10016;10;10018;14;;;10008.0;0.0
39;18700;INTARIAN_PEPPER_ROOT;52014;23;;;;;52026;9;;;;;52020.5;0.0
39;18800;ASH_COATED_OSMIUM;9995;29;9994;12;;;10011;15;10013;11;;;10003.0;0.0
39;18800;INTARIAN_PEPPER_ROOT;52015;6;52013;12;;;52028;12;52030;11;;;52021.5;0.0
39;18900;ASH_COATED_OSMIUM;9994;14;;;;;10004;12;;;;;9999.5;0.0
39;18900;INTARIAN_PEPPER_ROOT;52011;16;52010;8;;;52022;9;52023;8;;;52017.0;0.0
39;19000;ASH_COATED_OSMIUM;9993;14;9991;12;;;10009;14;10012;20;;;10001.0;0.0
39;19000;INTARIAN_PEPPER_ROOT;52014;12;52012;12;;;52026;8;52027;10;;;52020.0;0.0
39;19100;ASH_COATED_OSMIUM;9998;11;9997;11;9995;14;10014;15;10015;14;10018;15;10006.0;0.0
39;19100;INTARIAN_PEPPER_ROOT;52010;9;;;;;52027;9;;;;;52019.0;0.0
39;19200;ASH_COATED_OSMIUM;9996;10;;;;;10012;4;;;;;10004.5;0.0
39;19200;INTARIAN_PEPPER_ROOT;52010;8;;;;;52023;23;;;;;52016.5;0.0
39;19300;ASH_COATED_OSMIUM;9992;15;9991;13;;;10008;14;10009;12;;;10000.0;0.0
39;19300;INTARIAN_PEPPER_ROOT;52013;10;52012;11;52009;25;52026;9;52028;11;52030;8;52020.0;0.0
39;19400;ASH_COATED_OSMIUM;9995;11;9992;15;;;10011;30;10013;15;;;10003.5;0.0
39;19400;INTARIAN_PEPPER_ROOT;52011;9;52008;11;52007;8;52024;19;52026;9;52028;8;52018.0;0.0
39;19500;ASH_COATED_OSMIUM;9991;14;;;;;10007;24;;;;;9999.5;0.0
39;19500;INTARIAN_PEPPER_ROOT;52010;3;52009;10;52006;10;52024;9;52027;7;52028;11;52017.5;0.0
39;19600;ASH_COATED_OSMIUM;9992;15;9989;10;;;10008;12;10011;29;;;10000.0;0.0
39;19600;INTARIAN_PEPPER_ROOT;52014;12;52013;9;52012;24;52030;12;52032;8;52035;20;52022.0;0.0
39;19700;ASH_COATED_OSMIUM;9998;14;9995;14;9994;15;10016;12;10019;13;10021;10;10007.5;0.0
39;19700;INTARIAN_PEPPER_ROOT;52010;10;;;;;52025;10;;;;;52017.5;0.0
39;19800;ASH_COATED_OSMIUM;9996;12;9994;11;;;10012;3;10013;13;;;10004.0;0.0
39;19800;INTARIAN_PEPPER_ROOT;52004;11;52002;8;;;52021;11;52023;11;;;52012.5;0.0
39;19900;ASH_COATED_OSMIUM;9995;6;9994;12;;;10011;13;10013;30;;;10003.5;0.0
39;19900;INTARIAN_PEPPER_ROOT;52012;10;52011;11;;;52026;15;52028;18;;;52019.0;0.0
39;20000;ASH_COATED_OSMIUM;9995;10;9993;14;;;10011;12;10014;14;;;10003.0;0.0
39;20000;INTARIAN_PEPPER_ROOT;52017;11;;;;;52031;8;;;;;52024.0;0.0
39;20100;ASH_COATED_OSMIUM;9995;14;;;;;10011;21;;;;;10003.0;0.0
39;20100;INTARIAN_PEPPER_ROOT;52014;10;;;;;52027;11;;;;;52020.5;0.0
39;20200;ASH_COATED_OSMIUM;9990;13;9987;27;;;10008;2;10011;15;;;9999.5;0.0
39;20200;INTARIAN_PEPPER_ROOT;52011;11;52008;21;;;52024;9;52027;11;;;52018.0;0.0
39;20300;ASH_COATED_OSMIUM;9987;22;9986;28;;;10003;30;10006;14;;;9995.5;0.0
39;20300;INTARIAN_PEPPER_ROOT;52015;10;52013;10;;;52027;11;52029;24;;;52021.5;0.0
39;20400;ASH_COATED_OSMIUM;9985;15;9982;13;9979;13;10004;10;10007;3;10008;14;9995.0;0.0
39;20400;INTARIAN_PEPPER_ROOT;52016;9;52015;15;;;52029;12;52030;11;;;52022.5;0.0
39;20500;ASH_COATED_OSMIUM;9989;4;9987;11;9985;30;10005;10;10008;10;10010;13;9997.0;0.0
39;20500;INTARIAN_PEPPER_ROOT;52019;17;;;;;52032;12;;;;;52025.5;0.0
39;20600;ASH_COATED_OSMIUM;9988;15;9987;12;9984;11;10004;14;10005;13;10007;14;9996.0;0.0
39;20600;INTARIAN_PEPPER_ROOT;52012;9;52011;10;52008;11;52026;11;52028;11;52031;11;52019.0;0.0
39;20700;ASH_COATED_OSMIUM;9985;14;9984;12;9981;14;10001;15;10004;11;10007;14;9993.5;0.0
39;20700;INTARIAN_PEPPER_ROOT;52015;8;;;;;52029;11;;;;;52022.5;0.0
39;20800;ASH_COATED_OSMIUM;9985;20;9983;14;;;10004;10;10005;12;;;9994.5;0.0
39;20800;INTARIAN_PEPPER_ROOT;52012;9;;;;;52029;15;;;;;52021.0;0.0
39;20900;ASH_COATED_OSMIUM;9992;11;9989;13;;;10011;12;10012;11;;;10002.0;0.0
39;20900;INTARIAN_PEPPER_ROOT;52015;11;52014;11;;;52028;3;52031;9;;;52021.5;0.0
39;21000;ASH_COATED_OSMIUM;9993;13;9991;12;9989;14;10009;5;10011;3;10014;14;10001.5;0.0
39;21000;INTARIAN_PEPPER_ROOT;52013;11;;;;;52026;8;;;;;52020.0;0.0
39;21100;ASH_COATED_OSMIUM;9997;11;;;;;10013;13;;;;;10005.5;0.0
39;21100;INTARIAN_PEPPER_ROOT;52010;12;52009;11;52007;22;52025;9;52026;8;52029;8;52018.0;0.0
39;21200;ASH_COATED_OSMIUM;9993;10;9990;11;9989;14;10009;14;10010;25;10011;30;10001.0;0.0
39;21200;INTARIAN_PEPPER_ROOT;52013;8;;;;;52027;10;;;;;52020.0;0.0
39;21300;ASH_COATED_OSMIUM;9994;28;9993;10;;;10010;14;10012;15;;;10002.0;0.0
39;21300;INTARIAN_PEPPER_ROOT;52013;11;;;;;52026;11;;;;;52020.0;0.0
39;21400;ASH_COATED_OSMIUM;9993;13;9991;21;;;10012;10;10013;12;;;10002.5;0.0
39;21400;INTARIAN_PEPPER_ROOT;52016;9;;;;;52036;11;;;;;52026.0;0.0
39;21500;ASH_COATED_OSMIUM;9999;12;9996;12;9993;15;10015;11;10016;15;10019;22;10007.0;0.0
39;21500;INTARIAN_PEPPER_ROOT;52015;10;52014;11;52013;11;52025;8;52028;9;52029;22;52020.0;0.0
39;21600;ASH_COATED_OSMIUM;9994;26;9991;12;9989;12;10000;28;10003;12;10004;21;9997.5;0.0
39;21600;INTARIAN_PEPPER_ROOT;52016;11;;;;;52028;8;;;;;52022.5;0.0
39;21700;ASH_COATED_OSMIUM;9990;23;9989;15;;;10006;12;10007;26;;;9998.0;0.0
39;21700;INTARIAN_PEPPER_ROOT;52017;16;52016;8;;;52029;8;52030;10;;;52023.5;0.0
39;21800;ASH_COATED_OSMIUM;9993;11;9991;12;9988;15;10009;15;10011;13;10013;14;10001.0;0.0
39;21800;INTARIAN_PEPPER_ROOT;52012;12;;;;;52028;19;;;;;52020.5;0.0
39;21900;ASH_COATED_OSMIUM;9992;14;9991;11;;;10008;14;10009;26;;;10000.0;0.0
39;21900;INTARIAN_PEPPER_ROOT;52016;11;;;;;52030;10;;;;;52023.0;0.0
39;22000;ASH_COATED_OSMIUM;9990;10;9987;12;;;10006;21;10007;12;;;9998.5;0.0
39;22000;INTARIAN_PEPPER_ROOT;52018;11;;;;;52030;12;;;;;52024.5;0.0
39;22100;ASH_COATED_OSMIUM;9993;5;9991;13;9990;24;10011;11;10012;11;10013;27;10002.0;0.0
39;22100;INTARIAN_PEPPER_ROOT;52019;10;52018;10;;;52032;21;52033;8;;;52026.0;0.0
39;22200;ASH_COATED_OSMIUM;9990;14;9988;14;9987;10;10006;12;10007;13;10009;14;9998.0;0.0
39;22200;INTARIAN_PEPPER_ROOT;52016;10;52013;9;;;52030;12;52031;11;;;52023.0;0.0
39;22300;ASH_COATED_OSMIUM;9996;14;9994;14;;;10012;13;10014;28;;;10004.0;0.0
39;22300;INTARIAN_PEPPER_ROOT;52014;10;52011;8;;;52026;9;52028;8;;;52020.5;0.0
39;22400;ASH_COATED_OSMIUM;9991;5;9990;14;;;10010;10;10013;15;;;10000.5;0.0
39;22400;INTARIAN_PEPPER_ROOT;52015;10;52012;8;52011;11;52030;10;52031;17;52032;8;52022.5;0.0
39;22500;ASH_COATED_OSMIUM;9994;10;9991;11;9990;15;10010;10;10013;11;10015;27;10002.0;0.0
39;22500;INTARIAN_PEPPER_ROOT;52015;22;52014;12;;;52030;8;52033;12;;;52023.0;0.0
39;22600;ASH_COATED_OSMIUM;9994;13;;;;;10010;15;;;;;10002.5;0.0
39;22600;INTARIAN_PEPPER_ROOT;52013;25;52010;19;;;52029;8;52030;10;;;52021.5;0.0
39;22700;ASH_COATED_OSMIUM;9988;10;9987;15;;;10004;3;10007;14;;;9996.0;0.0
39;22700;INTARIAN_PEPPER_ROOT;52014;7;52011;10;;;52025;11;52026;10;;;52020.0;0.0
39;22800;ASH_COATED_OSMIUM;9992;14;9989;10;;;10008;10;10009;14;;;10000.0;0.0
39;22800;INTARIAN_PEPPER_ROOT;52012;12;;;;;52025;9;;;;;52019.0;0.0
39;22900;ASH_COATED_OSMIUM;9993;12;;;;;10009;11;;;;;10001.0;0.0
39;22900;INTARIAN_PEPPER_ROOT;52013;16;52011;12;;;52028;10;52029;4;;;52020.5;0.0
39;23000;ASH_COATED_OSMIUM;9995;10;9993;10;;;10014;12;10017;12;;;10004.5;0.0
39;23000;INTARIAN_PEPPER_ROOT;52016;9;;;;;52028;10;;;;;52022.5;0.0
39;23100;ASH_COATED_OSMIUM;9990;23;;;;;10008;15;;;;;9999.0;0.0
39;23100;INTARIAN_PEPPER_ROOT;52013;9;52011;12;;;52028;16;52031;24;;;52020.5;0.0
39;23200;ASH_COATED_OSMIUM;9992;13;;;;;10008;15;;;;;10000.0;0.0
39;23200;INTARIAN_PEPPER_ROOT;52013;9;;;;;52030;11;;;;;52022.0;0.0
39;23300;ASH_COATED_OSMIUM;9992;12;9990;14;9988;22;10008;25;10009;23;10011;11;10000.5;0.0
39;23300;INTARIAN_PEPPER_ROOT;52013;8;52012;11;;;52025;9;52028;12;;;52019.5;0.0
39;23400;ASH_COATED_OSMIUM;9994;11;9992;11;9989;14;10005;12;10008;12;10009;10;10000.0;0.0
39;23400;INTARIAN_PEPPER_ROOT;52012;11;52009;10;52006;10;52028;9;52029;9;52031;11;52020.0;0.0
39;23500;ASH_COATED_OSMIUM;9987;12;;;;;10003;11;;;;;9995.5;0.0
39;23500;INTARIAN_PEPPER_ROOT;52014;11;52013;10;52010;20;52030;12;52031;16;52032;11;52022.5;0.0
39;23600;ASH_COATED_OSMIUM;9986;15;9985;13;9983;11;10002;13;10004;12;10007;11;9994.0;0.0
39;23600;INTARIAN_PEPPER_ROOT;52015;12;;;;;52034;16;;;;;52024.5;0.0
39;23700;ASH_COATED_OSMIUM;9979;13;9976;10;9974;4;9998;12;9999;15;10001;11;9988.5;0.0
39;23700;INTARIAN_PEPPER_ROOT;52015;11;52014;11;;;52028;9;52030;11;;;52022.0;0.0
39;23800;ASH_COATED_OSMIUM;9985;12;;;;;10001;14;;;;;9993.0;0.0
39;23800;INTARIAN_PEPPER_ROOT;52024;25;;;;;52027;12;;;;;52026.0;0.0
39;23900;ASH_COATED_OSMIUM;9990;12;9988;14;;;10006;13;10009;12;;;9998.0;0.0
39;23900;INTARIAN_PEPPER_ROOT;52017;8;52016;12;;;52029;12;52030;9;;;52023.5;0.0
39;24000;ASH_COATED_OSMIUM;9986;10;9984;12;;;10005;10;10007;10;;;9995.5;0.0
39;24000;INTARIAN_PEPPER_ROOT;52015;12;52014;10;;;52027;11;52030;25;;;52021.5;0.0
39;24100;ASH_COATED_OSMIUM;9995;26;;;;;10011;12;;;;;10003.0;0.0
39;24100;INTARIAN_PEPPER_ROOT;52016;8;52014;10;;;52029;11;52030;10;;;52023.0;0.0
39;24200;ASH_COATED_OSMIUM;10006;14;10003;10;10001;15;10011;15;10013;13;10016;10;10009.0;0.0
39;24200;INTARIAN_PEPPER_ROOT;52019;9;52018;11;;;52033;10;52036;10;;;52026.5;0.0
39;24300;ASH_COATED_OSMIUM;10004;13;10003;10;10002;15;10010;14;10012;20;10015;10;10007.0;0.0
39;24300;INTARIAN_PEPPER_ROOT;52020;22;52018;10;52017;9;52032;12;52035;12;52038;16;52026.0;0.0
39;24400;ASH_COATED_OSMIUM;9998;13;9996;12;;;10016;13;10019;13;;;10007.5;0.0
39;24400;INTARIAN_PEPPER_ROOT;52022;9;52019;25;52016;10;52026;9;52028;17;52030;9;52024.0;0.0
39;24500;ASH_COATED_OSMIUM;10000;10;;;;;10019;12;;;;;10009.5;0.0
39;24500;INTARIAN_PEPPER_ROOT;52022;19;52019;12;;;52027;11;52028;11;;;52024.5;0.0
39;24600;ASH_COATED_OSMIUM;10003;10;;;;;10019;14;;;;;10011.5;0.0
39;24600;INTARIAN_PEPPER_ROOT;52013;9;52010;8;52008;8;52030;10;52033;12;52034;11;52022.0;0.0
39;24700;ASH_COATED_OSMIUM;9998;13;9996;11;9994;11;10016;14;10018;12;10021;12;10007.0;0.0
39;24700;INTARIAN_PEPPER_ROOT;52019;10;52017;10;52014;15;52031;8;52034;24;52035;8;52025.0;0.0
39;24800;ASH_COATED_OSMIUM;10000;11;9999;12;9997;12;10016;13;10018;12;10020;11;10008.0;0.0
39;24800;INTARIAN_PEPPER_ROOT;52018;17;52015;23;52013;20;52033;8;52034;22;52036;12;52026.0;0.0
39;24900;ASH_COATED_OSMIUM;10002;13;;;;;10021;11;;;;;10011.5;0.0
39;24900;INTARIAN_PEPPER_ROOT;52017;12;;;;;52030;11;;;;;52024.0;0.0
39;25000;ASH_COATED_OSMIUM;10002;25;10001;10;;;10018;15;10020;20;;;10010.0;0.0
39;25000;INTARIAN_PEPPER_ROOT;52018;4;52017;8;;;52032;8;52033;10;;;52025.5;0.0
39;25100;ASH_COATED_OSMIUM;9999;15;;;;;10018;28;;;;;10008.5;0.0
39;25100;INTARIAN_PEPPER_ROOT;52018;12;;;;;52033;8;;;;;52026.0;0.0
39;25200;ASH_COATED_OSMIUM;9996;10;9995;14;;;10014;13;10017;13;;;10005.0;0.0
39;25200;INTARIAN_PEPPER_ROOT;52019;9;;;;;52030;10;;;;;52025.0;0.0
39;25300;ASH_COATED_OSMIUM;10003;13;;;;;10009;13;;;;;10006.5;0.0
39;25300;INTARIAN_PEPPER_ROOT;52017;24;52016;11;52015;11;52031;8;52034;8;52037;15;52024.0;0.0
39;25400;ASH_COATED_OSMIUM;9995;15;;;;;10011;12;;;;;10003.0;0.0
39;25400;INTARIAN_PEPPER_ROOT;52019;9;52018;12;;;52033;8;52036;5;;;52026.0;0.0
39;25500;ASH_COATED_OSMIUM;9989;11;9986;12;9983;28;10010;15;10013;10;10016;15;10000.0;0.0
39;25500;INTARIAN_PEPPER_ROOT;52022;12;52019;11;;;52035;10;52037;9;;;52028.5;0.0
39;25600;ASH_COATED_OSMIUM;9992;11;9989;11;9986;14;10008;8;10009;10;10010;12;10000.0;0.0
39;25600;INTARIAN_PEPPER_ROOT;52017;12;52014;5;;;52029;9;52032;12;;;52023.5;0.0
39;25700;ASH_COATED_OSMIUM;9992;14;;;;;10008;15;;;;;10000.0;0.0
39;25700;INTARIAN_PEPPER_ROOT;52015;10;;;;;52031;9;;;;;52023.5;0.0
39;25800;ASH_COATED_OSMIUM;9994;12;9992;30;9991;13;10010;14;10012;4;10013;5;10002.0;0.0
39;25800;INTARIAN_PEPPER_ROOT;52017;24;;;;;52028;19;;;;;52023.0;0.0
39;25900;ASH_COATED_OSMIUM;9995;11;;;;;10013;14;;;;;10004.5;0.0
39;25900;INTARIAN_PEPPER_ROOT;52017;9;;;;;52028;12;;;;;52023.0;0.0
39;26000;ASH_COATED_OSMIUM;10000;11;9997;11;;;10016;10;10018;11;;;10008.5;0.0
39;26000;INTARIAN_PEPPER_ROOT;52017;11;;;;;52033;11;;;;;52025.0;0.0
39;26100;ASH_COATED_OSMIUM;9995;11;;;;;10011;11;;;;;10003.0;0.0
39;26100;INTARIAN_PEPPER_ROOT;52021;8;;;;;52035;12;;;;;52028.0;0.0
39;26200;ASH_COATED_OSMIUM;9992;15;9991;13;;;10008;11;10011;15;;;10000.5;0.0
39;26200;INTARIAN_PEPPER_ROOT;52020;16;52019;12;;;52034;10;52036;11;;;52027.5;0.0
39;26300;ASH_COATED_OSMIUM;9994;11;9992;11;;;10010;14;10013;15;;;10002.0;0.0
39;26300;INTARIAN_PEPPER_ROOT;52027;11;52024;11;;;52031;10;52034;8;;;52029.0;0.0
39;26400;ASH_COATED_OSMIUM;9993;15;9990;10;9987;11;10009;26;10010;24;10011;29;10001.5;0.0
39;26400;INTARIAN_PEPPER_ROOT;52022;12;52019;8;52018;8;52038;12;52041;9;52042;10;52030.5;0.0
39;26500;ASH_COATED_OSMIUM;9995;23;9992;11;;;10014;12;10017;12;;;10005.0;0.0
39;26500;INTARIAN_PEPPER_ROOT;52021;10;52018;9;;;52034;12;52037;10;;;52027.5;0.0
39;26600;ASH_COATED_OSMIUM;10000;10;;;;;10016;15;;;;;10008.5;0.0
39;26600;INTARIAN_PEPPER_ROOT;52014;10;52011;17;;;52027;12;52029;10;;;52020.5;0.0
39;26700;ASH_COATED_OSMIUM;9998;20;9996;11;;;10014;2;10016;10;;;10006.0;0.0
39;26700;INTARIAN_PEPPER_ROOT;52020;9;52019;10;;;52032;11;52035;8;;;52026.0;0.0
39;26800;ASH_COATED_OSMIUM;9996;15;9994;10;9992;15;10012;14;10013;13;10015;11;10004.0;0.0
39;26800;INTARIAN_PEPPER_ROOT;52020;9;52017;10;;;52032;8;52033;10;;;52026.0;0.0
39;26900;ASH_COATED_OSMIUM;9996;25;9993;12;;;10012;10;10014;11;;;10004.5;0.0
39;26900;INTARIAN_PEPPER_ROOT;52019;12;52017;10;;;52035;7;52037;10;;;52027.5;0.0
39;27000;ASH_COATED_OSMIUM;9990;12;;;;;10006;14;;;;;9998.5;0.0
39;27000;INTARIAN_PEPPER_ROOT;52019;8;52016;9;;;52033;9;52036;8;;;52026.5;0.0
39;27100;ASH_COATED_OSMIUM;9990;14;9987;11;;;10006;13;10008;2;;;9998.5;0.0
39;27100;INTARIAN_PEPPER_ROOT;52025;11;;;;;52039;20;;;;;52032.0;0.0
39;27200;ASH_COATED_OSMIUM;9989;11;9988;14;9986;14;10005;13;10006;22;10008;13;9997.5;0.0
39;27200;INTARIAN_PEPPER_ROOT;52020;12;52019;9;52016;12;52032;10;52034;10;52035;8;52026.0;0.0
39;27300;ASH_COATED_OSMIUM;9985;23;9984;15;;;10001;14;10003;13;;;9993.0;0.0
39;27300;INTARIAN_PEPPER_ROOT;52022;11;52020;11;;;52035;12;52038;9;;;52028.5;0.0
39;27400;ASH_COATED_OSMIUM;9984;11;;;;;10003;15;;;;;9994.0;0.0
39;27400;INTARIAN_PEPPER_ROOT;52016;10;;;;;52032;8;;;;;52024.5;0.0
39;27500;ASH_COATED_OSMIUM;9990;30;9987;14;;;9997;12;9999;13;;;9993.5;0.0
39;27500;INTARIAN_PEPPER_ROOT;52017;10;;;;;52030;11;;;;;52023.5;0.0
39;27600;ASH_COATED_OSMIUM;9986;11;9983;28;;;10002;22;10004;15;;;9994.5;0.0
39;27600;INTARIAN_PEPPER_ROOT;52018;16;52015;8;;;52036;9;52038;4;;;52027.5;0.0
39;27700;ASH_COATED_OSMIUM;9989;22;9987;14;;;10007;15;10009;12;;;9998.5;0.0
39;27700;INTARIAN_PEPPER_ROOT;52022;9;;;;;52034;23;;;;;52028.5;0.0
39;27800;ASH_COATED_OSMIUM;9980;15;9977;14;;;9996;3;9998;12;;;9988.0;0.0
39;27800;INTARIAN_PEPPER_ROOT;52020;10;52018;24;;;52031;10;52032;8;;;52025.5;0.0
39;27900;ASH_COATED_OSMIUM;9987;14;;;;;10003;30;;;;;9995.0;0.0
39;27900;INTARIAN_PEPPER_ROOT;52021;9;52018;17;52016;9;52037;8;52039;11;52042;25;52029.0;0.0
39;28000;ASH_COATED_OSMIUM;9991;13;9990;12;;;10002;26;10004;15;;;9997.0;0.0
39;28000;INTARIAN_PEPPER_ROOT;52021;8;52018;8;52017;10;52033;10;52036;10;52038;25;52027.0;0.0
39;28100;ASH_COATED_OSMIUM;9990;13;9987;11;9986;15;9996;15;9999;10;10000;21;9993.5;0.0
39;28100;INTARIAN_PEPPER_ROOT;52022;16;52019;9;;;52033;8;52034;10;;;52028.0;0.0
39;28200;ASH_COATED_OSMIUM;9988;24;9986;14;;;10004;14;10007;12;;;9996.0;0.0
39;28200;INTARIAN_PEPPER_ROOT;52019;10;;;;;52033;12;;;;;52026.5;0.0
39;28300;ASH_COATED_OSMIUM;9985;22;9984;26;;;10001;11;10004;11;;;9993.5;0.0
39;28300;INTARIAN_PEPPER_ROOT;52025;10;;;;;52031;12;;;;;52028.0;0.0
39;28400;ASH_COATED_OSMIUM;9984;11;9982;12;;;10003;13;10006;13;;;9993.5;0.0
39;28400;INTARIAN_PEPPER_ROOT;52020;8;;;;;52032;8;;;;;52026.0;0.0
39;28500;ASH_COATED_OSMIUM;9990;13;9987;14;;;10009;15;10010;10;;;10000.0;0.0
39;28500;INTARIAN_PEPPER_ROOT;52023;12;;;;;52036;12;;;;;52030.0;0.0
39;28600;ASH_COATED_OSMIUM;9998;15;;;;;10014;14;;;;;10006.0;0.0
39;28600;INTARIAN_PEPPER_ROOT;52019;19;;;;;52031;12;;;;;52025.0;0.0
39;28700;ASH_COATED_OSMIUM;10000;14;;;;;10016;11;;;;;10008.0;0.0
39;28700;INTARIAN_PEPPER_ROOT;52022;9;52021;11;52018;9;52039;9;52040;6;52043;11;52030.5;0.0
39;28800;ASH_COATED_OSMIUM;9991;26;9989;22;9986;11;10010;12;10011;12;10014;15;10000.5;0.0
39;28800;INTARIAN_PEPPER_ROOT;52023;8;52021;16;;;52037;19;52040;9;;;52030.5;0.0
39;28900;ASH_COATED_OSMIUM;9989;15;9986;13;;;10005;13;10008;12;;;9997.0;0.0
39;28900;INTARIAN_PEPPER_ROOT;52015;8;;;;;52031;11;;;;;52023.0;0.0
39;29000;ASH_COATED_OSMIUM;9989;15;9986;12;9985;11;9995;12;9998;29;10001;25;9992.0;0.0
39;29000;INTARIAN_PEPPER_ROOT;52022;8;;;;;52035;11;;;;;52029.0;0.0
39;29100;ASH_COATED_OSMIUM;9986;12;9985;14;9984;13;10005;12;10008;11;10009;15;9995.5;0.0
39;29100;INTARIAN_PEPPER_ROOT;52026;8;52025;11;;;52038;12;52039;10;;;52032.0;0.0
39;29200;ASH_COATED_OSMIUM;9986;14;;;;;10005;13;;;;;9996.0;0.0
39;29200;INTARIAN_PEPPER_ROOT;52024;8;52022;8;52021;9;52037;8;52040;10;52042;21;52031.0;0.0
39;29300;ASH_COATED_OSMIUM;9986;12;9985;10;9982;21;10002;22;10005;12;10006;12;9994.0;0.0
39;29300;INTARIAN_PEPPER_ROOT;52023;12;;;;;52036;18;;;;;52029.5;0.0
39;29400;ASH_COATED_OSMIUM;9994;25;9993;13;;;10010;12;10013;29;;;10002.0;0.0
39;29400;INTARIAN_PEPPER_ROOT;52021;15;;;;;52037;8;;;;;52029.5;0.0
39;29500;ASH_COATED_OSMIUM;9996;15;;;;;10012;10;;;;;10004.0;0.0
39;29500;INTARIAN_PEPPER_ROOT;52022;10;52020;11;;;52033;12;52034;4;;;52028.0;0.0
39;29600;ASH_COATED_OSMIUM;9992;14;9991;15;;;10008;13;10009;12;;;10000.0;0.0
39;29600;INTARIAN_PEPPER_ROOT;52028;12;52025;11;52024;17;52030;12;52031;11;52032;10;52029.0;0.0
39;29700;ASH_COATED_OSMIUM;9986;22;;;;;10005;11;;;;;9996.0;0.0
39;29700;INTARIAN_PEPPER_ROOT;52026;8;52025;9;52022;5;52038;10;52040;8;52042;9;52032.5;0.0
39;29800;ASH_COATED_OSMIUM;9985;30;9982;15;;;10004;30;10007;12;;;9995.0;0.0
39;29800;INTARIAN_PEPPER_ROOT;52027;19;52026;8;;;52038;11;52041;12;;;52032.5;0.0
39;29900;ASH_COATED_OSMIUM;9993;22;9992;14;;;9999;12;10002;12;;;9996.5;0.0
39;29900;INTARIAN_PEPPER_ROOT;52025;8;;;;;52040;8;;;;;52032.5;0.0
39;30000;ASH_COATED_OSMIUM;9986;15;9985;14;9982;15;10005;15;10008;14;10011;11;9996.0;0.0
39;30000;INTARIAN_PEPPER_ROOT;52022;18;52021;8;;;52034;12;52036;10;;;52028.0;0.0
39;30100;ASH_COATED_OSMIUM;9988;10;9987;11;9986;10;10007;28;10009;11;10012;11;9997.5;0.0
39;30100;INTARIAN_PEPPER_ROOT;52024;9;;;;;52037;15;;;;;52031.0;0.0
39;30200;ASH_COATED_OSMIUM;9991;13;9990;11;9987;12;10007;14;10010;13;10013;11;9999.0;0.0
39;30200;INTARIAN_PEPPER_ROOT;52021;8;;;;;52037;21;;;;;52029.0;0.0
39;30300;ASH_COATED_OSMIUM;9997;7;9994;9;9993;13;10013;12;10015;5;10018;13;10005.0;0.0
39;30300;INTARIAN_PEPPER_ROOT;52021;9;52018;8;;;52033;9;52034;9;;;52027.5;0.0
39;30400;ASH_COATED_OSMIUM;9994;13;;;;;10010;12;;;;;10002.0;0.0
39;30400;INTARIAN_PEPPER_ROOT;52024;10;;;;;52037;10;;;;;52030.5;0.0
39;30500;ASH_COATED_OSMIUM;9991;11;9989;12;;;10007;11;10010;23;;;9999.0;0.0
39;30500;INTARIAN_PEPPER_ROOT;52024;10;52022;12;52020;12;52036;9;52038;8;52040;8;52030.5;0.0
39;30600;ASH_COATED_OSMIUM;9986;3;;;;;10002;11;;;;;9994.0;0.0
39;30600;INTARIAN_PEPPER_ROOT;52024;10;;;;;52036;17;;;;;52030.0;0.0
39;30700;ASH_COATED_OSMIUM;9989;10;9987;10;;;10005;10;10006;10;;;9997.5;0.0
39;30700;INTARIAN_PEPPER_ROOT;52021;11;52020;12;;;52037;9;52038;8;;;52029.5;0.0
39;30800;ASH_COATED_OSMIUM;9988;20;9985;13;9984;13;10004;14;10007;11;10010;10;9996.5;0.0
39;30800;INTARIAN_PEPPER_ROOT;52025;10;52024;11;52023;15;52037;9;52038;9;52041;9;52031.5;0.0
39;30900;ASH_COATED_OSMIUM;9988;15;9985;10;9983;12;10009;15;10011;11;10012;21;9999.0;0.0
39;30900;INTARIAN_PEPPER_ROOT;52023;10;52020;15;52018;8;52036;11;52039;10;52042;11;52030.0;0.0
39;31000;ASH_COATED_OSMIUM;9986;12;9985;21;9984;23;10002;14;10004;27;10005;11;9994.5;0.0
39;31000;INTARIAN_PEPPER_ROOT;52028;12;52026;10;52023;12;52040;12;52041;9;52044;11;52034.5;0.0
39;31100;ASH_COATED_OSMIUM;9988;15;;;;;10006;12;;;;;9997.5;0.0
39;31100;INTARIAN_PEPPER_ROOT;52028;18;52026;12;52024;21;52042;12;52045;11;52048;9;52035.5;0.0
39;31200;ASH_COATED_OSMIUM;9984;13;9982;10;;;10000;11;10001;10;;;9992.5;0.0
39;31200;INTARIAN_PEPPER_ROOT;52024;12;52022;8;;;52035;11;52036;24;;;52030.0;0.0
39;31300;ASH_COATED_OSMIUM;9986;10;;;;;10002;14;;;;;9994.0;0.0
39;31300;INTARIAN_PEPPER_ROOT;52028;8;52027;9;;;52039;9;52042;7;;;52033.5;0.0
39;31400;ASH_COATED_OSMIUM;9979;26;9977;15;;;9997;15;9998;11;;;9988.5;0.0
39;31400;INTARIAN_PEPPER_ROOT;52029;10;52027;12;;;52042;12;52044;12;;;52036.0;0.0
39;31500;ASH_COATED_OSMIUM;9988;13;9986;23;;;10007;11;10008;12;;;9998.0;0.0
39;31500;INTARIAN_PEPPER_ROOT;52022;11;52021;23;52019;9;52037;10;52038;8;52041;12;52030.0;0.0
39;31600;ASH_COATED_OSMIUM;9987;15;9985;10;9983;12;10003;10;10004;10;10005;10;9995.5;0.0
39;31600;INTARIAN_PEPPER_ROOT;52025;9;52024;8;;;52038;12;52040;16;;;52032.0;0.0
39;31700;ASH_COATED_OSMIUM;9985;14;9984;13;9983;10;10001;12;10002;12;10004;14;9993.5;0.0
39;31700;INTARIAN_PEPPER_ROOT;52021;8;52019;9;;;52036;12;52038;11;;;52029.0;0.0
39;31800;ASH_COATED_OSMIUM;9989;10;;;;;10005;15;;;;;9997.5;0.0
39;31800;INTARIAN_PEPPER_ROOT;52023;21;;;;;52035;8;;;;;52029.5;0.0
39;31900;ASH_COATED_OSMIUM;9989;12;9986;10;;;10005;10;10006;21;;;9997.5;0.0
39;31900;INTARIAN_PEPPER_ROOT;52023;9;52020;16;52017;11;52039;7;52042;11;52043;12;52031.5;0.0
39;32000;ASH_COATED_OSMIUM;9993;15;9992;12;;;10012;12;10014;13;;;10002.5;0.0
39;32000;INTARIAN_PEPPER_ROOT;52026;11;52023;9;52021;23;52040;15;52043;12;52046;12;52033.5;0.0
39;32100;ASH_COATED_OSMIUM;9989;22;9986;14;9985;10;10007;11;10010;10;10011;11;9998.5;0.0
39;32100;INTARIAN_PEPPER_ROOT;52021;11;52020;10;52017;9;52033;11;52036;8;52037;9;52027.0;0.0
39;32200;ASH_COATED_OSMIUM;9987;12;9986;15;;;10006;11;10008;24;;;9997.0;0.0
39;32200;INTARIAN_PEPPER_ROOT;52024;10;;;;;52038;10;;;;;52031.5;0.0
39;32300;ASH_COATED_OSMIUM;9992;14;;;;;10010;11;;;;;10001.0;0.0
39;32300;INTARIAN_PEPPER_ROOT;52025;8;;;;;52037;12;;;;;52031.5;0.0
39;32400;ASH_COATED_OSMIUM;9994;11;9991;15;9989;10;10010;12;10013;15;10015;12;10002.5;0.0
39;32400;INTARIAN_PEPPER_ROOT;52023;10;;;;;52041;11;;;;;52032.0;0.0
39;32500;ASH_COATED_OSMIUM;9997;14;;;;;10013;15;;;;;10005.5;0.0
39;32500;INTARIAN_PEPPER_ROOT;52022;10;52020;10;52017;8;52037;9;52040;12;52043;12;52030.0;0.0
39;32600;ASH_COATED_OSMIUM;9989;12;9988;11;9986;15;10008;11;10009;10;10011;11;9998.5;0.0
39;32600;INTARIAN_PEPPER_ROOT;52028;9;52027;10;52024;12;52042;16;52045;8;52046;23;52035.0;0.0
39;32700;ASH_COATED_OSMIUM;9990;9;9988;14;9987;11;10006;11;10009;15;10010;21;9998.5;0.0
39;32700;INTARIAN_PEPPER_ROOT;52024;10;;;;;52036;8;;;;;52030.0;0.0
39;32800;ASH_COATED_OSMIUM;9995;15;9994;15;9991;12;10008;12;10009;30;10010;29;10002.0;0.0
39;32800;INTARIAN_PEPPER_ROOT;52028;11;52027;10;;;52041;9;52042;11;;;52034.5;0.0
39;32900;ASH_COATED_OSMIUM;9998;12;9997;13;9995;5;10014;26;10016;23;10019;14;10006.5;0.0
39;32900;INTARIAN_PEPPER_ROOT;52027;11;52024;9;52021;8;52039;12;52042;10;52044;12;52033.5;0.0
39;33000;ASH_COATED_OSMIUM;9990;13;9988;11;9986;13;10008;11;10010;10;10012;15;9999.0;0.0
39;33000;INTARIAN_PEPPER_ROOT;52022;15;52020;11;52018;16;52036;10;52038;10;52040;11;52029.0;0.0
39;33100;ASH_COATED_OSMIUM;9988;14;9987;11;;;10004;14;10005;11;;;9996.5;0.0
39;33100;INTARIAN_PEPPER_ROOT;52026;9;52025;11;;;52039;9;52040;12;;;52033.0;0.0
39;33200;ASH_COATED_OSMIUM;9995;15;9992;11;9991;29;10011;27;10012;13;10014;13;10003.0;0.0
39;33200;INTARIAN_PEPPER_ROOT;52025;11;;;;;52039;9;;;;;52032.5;0.0
39;33300;ASH_COATED_OSMIUM;9998;5;9996;28;;;10014;14;10017;14;;;10006.0;0.0
39;33300;INTARIAN_PEPPER_ROOT;52029;9;52026;15;;;52043;12;52046;17;;;52036.0;0.0
39;33400;ASH_COATED_OSMIUM;9996;11;9994;11;;;10017;12;10018;10;;;10007.0;0.0
39;33400;INTARIAN_PEPPER_ROOT;52026;7;52023;9;;;52038;8;52040;10;;;52032.0;0.0
39;33500;ASH_COATED_OSMIUM;9993;10;9990;27;;;10009;12;10012;13;;;10001.0;0.0
39;33500;INTARIAN_PEPPER_ROOT;52024;9;52023;25;;;52038;10;52040;9;;;52031.5;0.0
39;33600;ASH_COATED_OSMIUM;9998;21;;;;;10014;3;;;;;10006.0;0.0
39;33600;INTARIAN_PEPPER_ROOT;52031;11;;;;;52033;8;;;;;52032.0;0.0
39;33700;ASH_COATED_OSMIUM;10003;13;10000;24;9997;12;10012;22;10015;29;10018;13;10008.0;0.0
39;33700;INTARIAN_PEPPER_ROOT;52029;10;;;;;52041;12;;;;;52035.5;0.0
39;33800;ASH_COATED_OSMIUM;10004;15;10003;11;;;10020;14;10021;14;;;10012.5;0.0
39;33800;INTARIAN_PEPPER_ROOT;52022;12;52019;11;;;52037;9;52039;22;;;52030.0;0.0
39;33900;ASH_COATED_OSMIUM;10004;13;10002;29;;;10020;12;10023;14;;;10012.5;0.0
39;33900;INTARIAN_PEPPER_ROOT;52028;12;52025;24;;;52045;12;52046;10;;;52036.5;0.0
39;34000;ASH_COATED_OSMIUM;9999;24;9996;14;;;10015;12;10017;11;;;10007.5;0.0
39;34000;INTARIAN_PEPPER_ROOT;52027;9;52025;12;;;52040;11;52041;10;;;52034.0;0.0
39;34100;ASH_COATED_OSMIUM;9993;2;;;;;10012;10;;;;;10002.5;0.0
39;34100;INTARIAN_PEPPER_ROOT;52028;8;52026;10;52023;24;52041;10;52044;9;52045;10;52035.0;0.0
39;34200;ASH_COATED_OSMIUM;9991;15;9988;11;9986;28;10007;11;10008;14;10009;12;9999.5;0.0
39;34200;INTARIAN_PEPPER_ROOT;52032;9;52029;9;52026;15;52041;12;52044;12;52046;12;52036.5;0.0
39;34300;ASH_COATED_OSMIUM;9989;12;9987;12;;;10005;15;10006;14;;;9997.5;0.0
39;34300;INTARIAN_PEPPER_ROOT;52029;12;;;;;52042;15;;;;;52036.0;0.0
39;34400;ASH_COATED_OSMIUM;9989;3;9987;29;;;10005;13;10007;14;;;9997.5;0.0
39;34400;INTARIAN_PEPPER_ROOT;52027;8;52024;8;;;52040;9;52041;10;;;52034.0;0.0
39;34500;ASH_COATED_OSMIUM;9994;11;9993;14;;;10000;13;10001;21;;;9997.0;0.0
39;34500;INTARIAN_PEPPER_ROOT;52027;9;;;;;52039;8;;;;;52033.0;0.0
39;34600;ASH_COATED_OSMIUM;9981;13;9978;10;;;10000;13;10003;20;;;9991.0;0.0
39;34600;INTARIAN_PEPPER_ROOT;52029;23;52028;8;52026;8;52043;11;52044;10;52047;8;52036.5;0.0
39;34700;ASH_COATED_OSMIUM;9986;14;9985;15;;;10002;13;10005;15;;;9994.5;0.0
39;34700;INTARIAN_PEPPER_ROOT;52031;11;52029;12;;;52043;12;52044;10;;;52037.5;0.0
39;34800;ASH_COATED_OSMIUM;9986;10;;;;;10002;22;;;;;9994.0;0.0
39;34800;INTARIAN_PEPPER_ROOT;52030;20;;;;;52046;19;;;;;52038.0;0.0
39;34900;ASH_COATED_OSMIUM;9983;13;9981;28;;;9999;14;10002;14;;;9991.5;0.0
39;34900;INTARIAN_PEPPER_ROOT;52027;8;52024;11;52023;21;52039;8;52041;9;52044;11;52033.0;0.0
39;35000;ASH_COATED_OSMIUM;9983;12;;;;;9999;15;;;;;9991.5;0.0
39;35000;INTARIAN_PEPPER_ROOT;52024;11;;;;;52043;9;;;;;52034.0;0.0
39;35100;ASH_COATED_OSMIUM;9989;11;;;;;10005;12;;;;;9997.5;0.0
39;35100;INTARIAN_PEPPER_ROOT;52029;12;52028;12;52027;9;52042;8;52043;21;52046;18;52036.0;0.0
39;35200;ASH_COATED_OSMIUM;9983;15;9981;21;9978;12;9999;11;10000;10;10002;27;9991.5;0.0
39;35200;INTARIAN_PEPPER_ROOT;52029;9;52028;4;;;52043;11;52045;12;;;52036.0;0.0
39;35300;ASH_COATED_OSMIUM;9991;11;9990;13;9988;7;10007;11;10008;13;10009;11;9999.0;0.0
39;35300;INTARIAN_PEPPER_ROOT;52031;24;;;;;52035;24;;;;;52033.5;0.0
39;35400;ASH_COATED_OSMIUM;9992;12;9991;10;;;10008;13;10011;26;;;10000.5;0.0
39;35400;INTARIAN_PEPPER_ROOT;52030;8;52027;9;;;52043;11;52044;18;;;52036.5;0.0
39;35500;ASH_COATED_OSMIUM;9996;15;;;;;10012;14;;;;;10004.5;0.0
39;35500;INTARIAN_PEPPER_ROOT;52031;11;;;;;52045;19;;;;;52038.5;0.0
39;35600;ASH_COATED_OSMIUM;10003;13;10000;11;9999;13;10010;20;10011;12;10012;12;10006.5;0.0
39;35600;INTARIAN_PEPPER_ROOT;52027;12;52025;12;52022;9;52041;22;52044;15;52045;18;52034.5;0.0
39;35700;ASH_COATED_OSMIUM;10002;12;9999;14;9998;30;10008;4;10010;14;10013;14;10005.0;0.0
39;35700;INTARIAN_PEPPER_ROOT;52031;9;;;;;52045;23;;;;;52038.5;0.0
39;35800;ASH_COATED_OSMIUM;9995;12;;;;;10013;14;;;;;10004.5;0.0
39;35800;INTARIAN_PEPPER_ROOT;52032;10;52031;8;52028;22;52043;23;52045;9;52047;8;52037.5;0.0
39;35900;ASH_COATED_OSMIUM;9999;15;9996;10;;;10015;13;10018;12;;;10007.0;0.0
39;35900;INTARIAN_PEPPER_ROOT;52032;8;52030;9;;;52037;10;52040;9;;;52034.5;0.0
39;36000;ASH_COATED_OSMIUM;9995;2;9994;13;;;10011;10;10014;15;;;10003.5;0.0
39;36000;INTARIAN_PEPPER_ROOT;52028;11;52025;9;;;52041;10;52043;12;;;52034.5;0.0
39;36100;ASH_COATED_OSMIUM;9990;11;9989;14;9986;12;10006;14;10009;26;10010;25;9998.0;0.0
39;36100;INTARIAN_PEPPER_ROOT;52031;12;52030;10;;;52046;12;52047;12;;;52038.5;0.0
39;36200;ASH_COATED_OSMIUM;9989;13;;;;;10005;21;;;;;9997.5;0.0
39;36200;INTARIAN_PEPPER_ROOT;52031;9;52028;11;52026;8;52042;11;52044;9;52047;22;52036.5;0.0
39;36300;ASH_COATED_OSMIUM;9980;15;;;;;9999;12;;;;;9989.5;0.0
39;36300;INTARIAN_PEPPER_ROOT;52029;9;;;;;52040;22;;;;;52035.0;0.0
39;36400;ASH_COATED_OSMIUM;9989;14;;;;;10005;12;;;;;9997.5;0.0
39;36400;INTARIAN_PEPPER_ROOT;52034;12;52032;9;;;52049;11;52051;10;;;52041.5;0.0
39;36500;ASH_COATED_OSMIUM;9998;28;9996;10;9994;10;10005;29;10006;11;10008;11;10001.5;0.0
39;36500;INTARIAN_PEPPER_ROOT;52029;12;52027;12;;;52042;15;52045;10;;;52035.5;0.0
39;36600;ASH_COATED_OSMIUM;9994;11;;;;;10010;26;;;;;10002.0;0.0
39;36600;INTARIAN_PEPPER_ROOT;52031;9;52029;12;;;52043;17;52046;8;;;52037.5;0.0
39;36700;ASH_COATED_OSMIUM;9990;20;;;;;10006;14;;;;;9998.0;0.0
39;36700;INTARIAN_PEPPER_ROOT;52031;21;;;;;52043;8;;;;;52037.0;0.0
39;36800;ASH_COATED_OSMIUM;9991;11;9989;13;9988;15;10010;13;10012;10;10013;14;10000.5;0.0
39;36800;INTARIAN_PEPPER_ROOT;52029;22;52027;9;52024;11;52043;11;52045;10;52048;9;52036.0;0.0
39;36900;ASH_COATED_OSMIUM;9989;15;9986;15;;;10005;29;10008;30;;;9997.5;0.0
39;36900;INTARIAN_PEPPER_ROOT;52032;8;52029;11;52026;11;52044;11;52045;9;52048;22;52038.5;0.0
39;37000;ASH_COATED_OSMIUM;9996;13;9995;11;9994;12;10014;12;10016;12;10019;14;10005.0;0.0
39;37000;INTARIAN_PEPPER_ROOT;52030;9;52028;11;;;52042;10;52045;9;;;52036.5;0.0
39;37100;ASH_COATED_OSMIUM;9989;26;;;;;10005;15;;;;;9997.0;0.0
39;37100;INTARIAN_PEPPER_ROOT;52031;10;52028;11;52027;12;52044;21;52046;12;52048;12;52037.5;0.0
39;37200;ASH_COATED_OSMIUM;9987;14;;;;;10006;13;;;;;9996.5;0.0
39;37200;INTARIAN_PEPPER_ROOT;52033;10;52031;8;52029;8;52047;9;52049;11;52052;10;52040.5;0.0
39;37300;ASH_COATED_OSMIUM;9987;14;9986;11;9984;28;10006;12;10008;14;10009;15;9996.5;0.0
39;37300;INTARIAN_PEPPER_ROOT;52035;11;;;;;52048;9;;;;;52041.5;0.0
39;37400;ASH_COATED_OSMIUM;9988;27;9985;23;;;10006;10;10008;10;;;9997.5;0.0
39;37400;INTARIAN_PEPPER_ROOT;52029;8;;;;;52045;10;;;;;52037.5;0.0
39;37500;ASH_COATED_OSMIUM;9989;12;9988;30;;;10007;11;10008;15;;;9998.0;0.0
39;37500;INTARIAN_PEPPER_ROOT;52032;10;52030;11;52028;10;52043;11;52044;8;52047;9;52038.0;0.0
39;37600;ASH_COATED_OSMIUM;9988;12;9987;10;;;10004;13;10005;25;;;9996.5;0.0
39;37600;INTARIAN_PEPPER_ROOT;52030;24;52029;15;;;52048;10;52051;8;;;52039.0;0.0
39;37700;ASH_COATED_OSMIUM;9994;15;;;;;10004;15;;;;;9999.5;0.0
39;37700;INTARIAN_PEPPER_ROOT;52034;11;;;;;52048;8;;;;;52041.5;0.0
39;37800;ASH_COATED_OSMIUM;9997;12;9994;15;;;10007;10;10010;14;;;10002.5;0.0
39;37800;INTARIAN_PEPPER_ROOT;52031;8;52028;11;52026;23;52044;10;52046;25;52048;9;52038.0;0.0
39;37900;ASH_COATED_OSMIUM;9995;22;9994;10;;;10011;13;10014;15;;;10003.5;0.0
39;37900;INTARIAN_PEPPER_ROOT;52034;12;52032;24;;;52046;12;52048;11;;;52040.5;0.0
39;38000;ASH_COATED_OSMIUM;9991;22;9989;30;9988;5;10007;12;10009;12;10010;14;9999.5;0.0
39;38000;INTARIAN_PEPPER_ROOT;52036;11;52033;23;;;52052;11;52055;9;;;52044.0;0.0
39;38100;ASH_COATED_OSMIUM;9994;21;9992;12;;;10010;14;10013;13;;;10002.5;0.0
39;38100;INTARIAN_PEPPER_ROOT;52032;12;52031;8;;;52044;19;52045;11;;;52038.0;0.0
39;38200;ASH_COATED_OSMIUM;9994;15;9992;14;9989;14;10012;14;10013;13;10015;11;10003.5;0.0
39;38200;INTARIAN_PEPPER_ROOT;52031;9;52030;9;52028;9;52046;25;52047;10;52048;12;52038.5;0.0
39;38300;ASH_COATED_OSMIUM;9993;15;9992;13;9991;11;10011;15;10014;10;10015;10;10002.5;0.0
39;38300;INTARIAN_PEPPER_ROOT;52031;9;;;;;52043;24;;;;;52037.5;0.0
39;38400;ASH_COATED_OSMIUM;9999;15;9998;10;9996;11;10015;5;10018;15;10021;10;10007.0;0.0
39;38400;INTARIAN_PEPPER_ROOT;52033;9;52030;8;;;52045;8;52046;8;;;52039.0;0.0
39;38500;ASH_COATED_OSMIUM;9999;13;9998;14;;;10015;13;10017;13;;;10007.0;0.0
39;38500;INTARIAN_PEPPER_ROOT;52034;8;52032;12;;;52047;11;52050;9;;;52040.5;0.0
39;38600;ASH_COATED_OSMIUM;9993;15;9991;12;;;10011;11;10012;12;;;10002.0;0.0
39;38600;INTARIAN_PEPPER_ROOT;52033;12;52032;8;52030;21;52045;12;52046;10;52048;12;52039.5;0.0
39;38700;ASH_COATED_OSMIUM;9993;14;9991;15;9990;10;10012;20;10015;26;10018;14;10002.5;0.0
39;38700;INTARIAN_PEPPER_ROOT;52031;8;52028;10;52025;11;52044;10;52045;9;52046;20;52037.5;0.0
39;38800;ASH_COATED_OSMIUM;9994;13;9991;12;;;10010;10;10011;10;;;10002.5;0.0
39;38800;INTARIAN_PEPPER_ROOT;52031;8;52029;9;;;52044;8;52047;25;;;52038.0;0.0
39;38900;ASH_COATED_OSMIUM;9994;12;9992;12;;;10012;14;10013;14;;;10003.0;0.0
39;38900;INTARIAN_PEPPER_ROOT;52032;11;52031;9;;;52045;12;52046;8;;;52039.0;0.0
39;39000;ASH_COATED_OSMIUM;9995;14;;;;;10013;14;;;;;10004.5;0.0
39;39000;INTARIAN_PEPPER_ROOT;52035;11;52032;11;;;52047;19;52050;8;;;52041.5;0.0
39;39100;ASH_COATED_OSMIUM;9994;15;9991;20;;;10013;10;10016;12;;;10004.0;0.0
39;39100;INTARIAN_PEPPER_ROOT;52030;11;52028;12;;;52044;11;52045;8;;;52037.0;0.0
39;39200;ASH_COATED_OSMIUM;9990;14;9987;12;;;10006;15;10008;12;;;9998.0;0.0
39;39200;INTARIAN_PEPPER_ROOT;52034;10;52032;9;;;52046;15;52048;12;;;52040.5;0.0
39;39300;ASH_COATED_OSMIUM;9993;10;9990;14;;;10009;15;10010;13;;;10001.0;0.0
39;39300;INTARIAN_PEPPER_ROOT;52034;12;52032;25;;;52045;12;52047;12;;;52039.5;0.0
39;39400;ASH_COATED_OSMIUM;9994;15;;;;;10010;11;;;;;10002.5;0.0
39;39400;INTARIAN_PEPPER_ROOT;52031;9;52030;21;;;52048;11;52049;10;;;52040.0;0.0
39;39500;ASH_COATED_OSMIUM;9984;25;9982;15;;;10001;12;10003;11;;;9993.0;0.0
39;39500;INTARIAN_PEPPER_ROOT;52034;8;;;;;52047;8;;;;;52041.0;0.0
39;39600;ASH_COATED_OSMIUM;9984;10;9982;27;;;10002;10;10003;11;;;9993.5;0.0
39;39600;INTARIAN_PEPPER_ROOT;52037;8;52036;8;;;52049;8;52050;10;;;52043.0;0.0
39;39700;ASH_COATED_OSMIUM;9989;21;;;;;10008;10;;;;;9998.5;0.0
39;39700;INTARIAN_PEPPER_ROOT;52034;8;;;;;52049;8;;;;;52041.5;0.0
39;39800;ASH_COATED_OSMIUM;9992;15;9990;5;;;10008;11;10010;10;;;10000.0;0.0
39;39800;INTARIAN_PEPPER_ROOT;52037;8;52036;9;;;52049;12;52052;10;;;52043.0;0.0
39;39900;ASH_COATED_OSMIUM;9995;13;9993;14;;;10011;27;10014;13;;;10003.5;0.0
39;39900;INTARIAN_PEPPER_ROOT;52035;12;52034;17;;;52049;22;52051;19;;;52042.0;0.0
39;40000;ASH_COATED_OSMIUM;9992;30;;;;;10010;20;;;;;10001.0;0.0
39;40000;INTARIAN_PEPPER_ROOT;52032;10;52030;9;;;52046;12;52049;8;;;52039.0;0.0
39;40100;ASH_COATED_OSMIUM;9995;20;9994;12;;;10011;15;10012;12;;;10003.5;0.0
39;40100;INTARIAN_PEPPER_ROOT;52029;9;52028;11;;;52046;8;52049;12;;;52037.5;0.0
39;40200;ASH_COATED_OSMIUM;9991;11;;;;;10007;15;;;;;9999.0;0.0
39;40200;INTARIAN_PEPPER_ROOT;52034;9;52032;7;;;52046;15;52048;10;;;52040.0;0.0
39;40300;ASH_COATED_OSMIUM;9991;10;9988;26;;;10007;15;10008;20;;;9999.0;0.0
39;40300;INTARIAN_PEPPER_ROOT;52035;8;52032;12;52030;8;52049;15;52050;9;52053;9;52042.5;0.0
39;40400;ASH_COATED_OSMIUM;9990;13;9989;11;;;10006;14;10008;13;;;9998.0;0.0
39;40400;INTARIAN_PEPPER_ROOT;52034;17;;;;;52050;9;;;;;52042.5;0.0
39;40500;ASH_COATED_OSMIUM;9997;13;9994;11;;;10013;11;10015;10;;;10005.5;0.0
39;40500;INTARIAN_PEPPER_ROOT;52038;12;52037;24;;;52050;12;52053;12;;;52044.0;0.0
39;40600;ASH_COATED_OSMIUM;9990;29;9987;11;9986;10;10006;10;10009;13;10012;10;9998.5;0.0
39;40600;INTARIAN_PEPPER_ROOT;52033;9;52031;10;52030;8;52046;9;52049;20;52050;12;52040.0;0.0
39;40700;ASH_COATED_OSMIUM;9994;13;;;;;10010;14;;;;;10002.5;0.0
39;40700;INTARIAN_PEPPER_ROOT;52036;10;52035;18;52034;10;52049;23;52052;10;52054;8;52042.5;0.0
39;40800;ASH_COATED_OSMIUM;9995;10;9993;13;9990;13;10011;13;10014;4;10016;14;10003.0;0.0
39;40800;INTARIAN_PEPPER_ROOT;52031;11;52030;12;;;52043;9;52046;8;;;52037.5;0.0
39;40900;ASH_COATED_OSMIUM;10001;3;;;;;10011;10;;;;;10006.0;0.0
39;40900;INTARIAN_PEPPER_ROOT;52036;10;52033;10;;;52048;10;52049;9;;;52042.0;0.0
39;41000;ASH_COATED_OSMIUM;9996;12;;;;;10012;13;;;;;10004.5;0.0
39;41000;INTARIAN_PEPPER_ROOT;52035;11;52032;8;;;52052;24;52054;10;;;52044.0;0.0
39;41100;ASH_COATED_OSMIUM;9990;13;9988;15;9985;12;10006;23;10007;14;10010;22;9998.5;0.0
39;41100;INTARIAN_PEPPER_ROOT;52035;22;52034;12;;;52050;10;52053;25;;;52043.0;0.0
39;41200;ASH_COATED_OSMIUM;9989;12;;;;;10005;28;;;;;9997.5;0.0
39;41200;INTARIAN_PEPPER_ROOT;52032;10;;;;;52046;11;;;;;52039.0;0.0
39;41300;ASH_COATED_OSMIUM;9989;10;9986;10;;;10007;25;10010;13;;;9998.5;0.0
39;41300;INTARIAN_PEPPER_ROOT;52037;11;52035;9;;;52049;23;52050;10;;;52043.0;0.0
39;41400;ASH_COATED_OSMIUM;9987;13;9986;23;;;10005;11;10008;10;;;9996.5;0.0
39;41400;INTARIAN_PEPPER_ROOT;52033;15;52030;8;;;52045;12;52047;12;;;52039.5;0.0
39;41500;ASH_COATED_OSMIUM;9989;14;9986;28;;;10008;22;10011;11;;;9998.5;0.0
39;41500;INTARIAN_PEPPER_ROOT;52036;15;;;;;52050;8;;;;;52043.0;0.0
39;41600;ASH_COATED_OSMIUM;9996;2;9994;15;;;10006;14;10008;12;;;10001.0;0.0
39;41600;INTARIAN_PEPPER_ROOT;52039;11;52037;12;;;52050;11;52051;12;;;52044.5;0.0
39;41700;ASH_COATED_OSMIUM;9992;14;9990;13;;;10002;14;10003;13;;;9997.5;0.0
39;41700;INTARIAN_PEPPER_ROOT;52032;6;52031;10;;;52046;8;52047;22;;;52039.0;0.0
39;41800;ASH_COATED_OSMIUM;9989;12;9988;10;;;10005;26;10008;6;;;9997.5;0.0
39;41800;INTARIAN_PEPPER_ROOT;52036;11;52034;9;52032;9;52049;23;52052;11;52054;10;52042.5;0.0
39;41900;ASH_COATED_OSMIUM;9995;10;9992;13;;;10011;14;10012;10;;;10003.5;0.0
39;41900;INTARIAN_PEPPER_ROOT;52032;23;;;;;52044;12;;;;;52038.5;0.0
39;42000;ASH_COATED_OSMIUM;9993;10;9991;13;;;10009;14;10012;14;;;10001.0;0.0
39;42000;INTARIAN_PEPPER_ROOT;52037;8;52036;9;52034;8;52050;10;52051;9;52054;12;52044.0;0.0
39;42100;ASH_COATED_OSMIUM;9990;11;9988;10;;;10006;14;10009;14;;;9998.0;0.0
39;42100;INTARIAN_PEPPER_ROOT;52038;10;;;;;52051;9;;;;;52045.0;0.0
39;42200;ASH_COATED_OSMIUM;10000;15;9998;14;;;10016;15;10019;5;;;10008.5;0.0
39;42200;INTARIAN_PEPPER_ROOT;52038;9;52035;12;;;52051;8;52052;17;;;52044.5;0.0
39;42300;ASH_COATED_OSMIUM;9995;13;;;;;10011;30;;;;;10003.5;0.0
39;42300;INTARIAN_PEPPER_ROOT;52037;21;52034;10;52031;11;52051;22;52054;10;52055;8;52044.0;0.0
39;42400;ASH_COATED_OSMIUM;9992;15;9990;14;9987;30;10008;13;10011;12;10012;11;10000.5;0.0
39;42400;INTARIAN_PEPPER_ROOT;52036;10;;;;;52051;8;;;;;52044.0;0.0
39;42500;ASH_COATED_OSMIUM;9993;15;9990;26;;;10011;13;10013;11;;;10002.5;0.0
39;42500;INTARIAN_PEPPER_ROOT;52041;9;52039;19;;;52052;24;52053;11;;;52046.5;0.0
39;42600;ASH_COATED_OSMIUM;9990;15;9989;14;;;10008;13;10011;15;;;9999.5;0.0
39;42600;INTARIAN_PEPPER_ROOT;52035;12;;;;;52048;10;;;;;52041.5;0.0
39;42700;ASH_COATED_OSMIUM;9987;11;9986;10;9985;26;10006;14;10007;14;10008;13;9996.5;0.0
39;42700;INTARIAN_PEPPER_ROOT;52039;18;52037;12;52034;15;52050;8;52052;9;52054;9;52044.5;0.0
39;42800;ASH_COATED_OSMIUM;10000;14;9999;12;;;10016;10;10018;15;;;10008.0;0.0
39;42800;INTARIAN_PEPPER_ROOT;52037;11;;;;;52051;19;;;;;52044.0;0.0
39;42900;ASH_COATED_OSMIUM;9997;12;;;;;10013;2;;;;;10005.0;0.0
39;42900;INTARIAN_PEPPER_ROOT;52033;9;52030;11;;;52047;25;52048;11;;;52040.5;0.0
39;43000;ASH_COATED_OSMIUM;9998;11;9995;12;;;10009;13;10011;14;;;10004.0;0.0
39;43000;INTARIAN_PEPPER_ROOT;52036;11;;;;;52048;11;;;;;52042.0;0.0
39;43100;ASH_COATED_OSMIUM;9989;29;;;;;10005;20;;;;;9997.5;0.0
39;43100;INTARIAN_PEPPER_ROOT;52034;8;52033;12;;;52046;10;52048;11;;;52040.5;0.0
39;43200;ASH_COATED_OSMIUM;9991;11;;;;;10007;13;;;;;9999.5;0.0
39;43200;INTARIAN_PEPPER_ROOT;52036;11;52033;9;;;52052;8;52055;10;;;52044.0;0.0
39;43300;ASH_COATED_OSMIUM;9993;15;9991;11;;;10009;25;10010;13;;;10001.5;0.0
39;43300;INTARIAN_PEPPER_ROOT;52036;10;52034;15;52032;10;52047;10;52050;12;52052;16;52042.0;0.0
39;43400;ASH_COATED_OSMIUM;9994;11;9993;28;9992;10;10012;15;10013;10;10015;15;10003.5;0.0
39;43400;INTARIAN_PEPPER_ROOT;52037;9;;;;;52048;9;;;;;52042.5;0.0
39;43500;ASH_COATED_OSMIUM;10000;10;9998;11;9997;13;10016;15;10017;26;10020;12;10008.0;0.0
39;43500;INTARIAN_PEPPER_ROOT;52041;8;52038;23;;;52054;10;52057;9;;;52048.0;0.0
39;43600;ASH_COATED_OSMIUM;9997;12;9996;13;9994;13;10015;23;10018;12;10020;13;10006.5;0.0
39;43600;INTARIAN_PEPPER_ROOT;52037;22;52036;11;52035;10;52050;22;52051;11;52054;10;52043.5;0.0
39;43700;ASH_COATED_OSMIUM;9994;12;9991;14;;;10012;10;10014;12;;;10003.5;0.0
39;43700;INTARIAN_PEPPER_ROOT;52034;11;52032;9;;;52049;9;52051;8;;;52041.5;0.0
39;43800;ASH_COATED_OSMIUM;9995;13;9994;14;9993;20;10011;11;10014;15;10017;13;10003.5;0.0
39;43800;INTARIAN_PEPPER_ROOT;52038;11;52037;11;;;52049;18;52051;11;;;52043.5;0.0
39;43900;ASH_COATED_OSMIUM;9995;15;;;;;10004;20;;;;;10000.0;0.0
39;43900;INTARIAN_PEPPER_ROOT;52039;9;52038;12;52035;11;52052;12;52053;12;52054;11;52045.5;0.0
39;44000;ASH_COATED_OSMIUM;9989;10;;;;;10005;14;;;;;9997.0;0.0
39;44000;INTARIAN_PEPPER_ROOT;52036;8;52035;7;;;52049;12;52052;10;;;52042.5;0.0
39;44100;ASH_COATED_OSMIUM;9991;15;9989;27;9987;15;10007;29;10009;13;10010;12;9999.0;0.0
39;44100;INTARIAN_PEPPER_ROOT;52033;12;52032;10;;;52051;16;52052;11;;;52042.0;0.0
39;44200;ASH_COATED_OSMIUM;9992;24;9991;13;9989;11;10008;15;10009;10;10010;14;10000.5;0.0
39;44200;INTARIAN_PEPPER_ROOT;52036;8;;;;;52048;12;;;;;52042.5;0.0
39;44300;ASH_COATED_OSMIUM;9989;23;9987;10;9984;14;10008;24;10010;15;10013;13;9999.0;0.0
39;44300;INTARIAN_PEPPER_ROOT;52036;12;52034;12;52032;8;52050;9;52051;8;52054;9;52043.0;0.0
39;44400;ASH_COATED_OSMIUM;9990;14;9987;10;;;10006;20;10007;12;;;9998.5;0.0
39;44400;INTARIAN_PEPPER_ROOT;52040;8;;;;;52048;10;;;;;52044.0;0.0
39;44500;ASH_COATED_OSMIUM;9989;11;9988;14;;;10005;27;10006;11;;;9997.0;0.0
39;44500;INTARIAN_PEPPER_ROOT;52038;12;52037;12;;;52050;11;52051;10;;;52044.5;0.0
39;44600;ASH_COATED_OSMIUM;9986;12;9983;15;9982;10;10002;10;10004;11;10005;12;9994.0;0.0
39;44600;INTARIAN_PEPPER_ROOT;52039;20;52036;24;;;52052;11;52054;16;;;52046.0;0.0
39;44700;ASH_COATED_OSMIUM;9983;15;9982;15;;;10004;10;10006;12;;;9993.5;0.0
39;44700;INTARIAN_PEPPER_ROOT;52042;8;52040;11;;;52054;12;52056;12;;;52048.5;0.0
39;44800;ASH_COATED_OSMIUM;9984;12;9982;15;;;10000;11;10001;11;;;9992.5;0.0
39;44800;INTARIAN_PEPPER_ROOT;52037;18;;;;;52051;15;;;;;52044.0;0.0
39;44900;ASH_COATED_OSMIUM;9987;14;9984;27;;;10003;11;10006;15;;;9995.0;0.0
39;44900;INTARIAN_PEPPER_ROOT;52036;12;52035;21;52032;8;52049;12;52051;12;52053;12;52043.0;0.0
39;45000;ASH_COATED_OSMIUM;9992;12;;;;;10008;3;;;;;10000.5;0.0
39;45000;INTARIAN_PEPPER_ROOT;52039;12;52038;8;;;52053;9;52055;9;;;52046.5;0.0
39;45100;ASH_COATED_OSMIUM;9982;13;9980;12;;;10001;14;10003;15;;;9992.0;0.0
39;45100;INTARIAN_PEPPER_ROOT;52040;9;52039;8;;;52054;9;52056;10;;;52047.0;0.0
39;45200;ASH_COATED_OSMIUM;9982;27;9981;14;;;9998;14;9999;14;;;9990.5;0.0
39;45200;INTARIAN_PEPPER_ROOT;52039;11;52037;12;52036;11;52053;8;52054;12;52057;9;52046.5;0.0
39;45300;ASH_COATED_OSMIUM;9983;15;9982;23;;;9999;13;10000;9;;;9991.5;0.0
39;45300;INTARIAN_PEPPER_ROOT;52037;10;52035;22;;;52049;25;52052;9;;;52043.5;0.0
39;45400;ASH_COATED_OSMIUM;9986;10;;;;;10002;26;;;;;9994.0;0.0
39;45400;INTARIAN_PEPPER_ROOT;52040;10;52039;8;;;52055;11;52056;8;;;52048.0;0.0
39;45500;ASH_COATED_OSMIUM;9987;30;9985;20;9982;14;10003;10;10006;13;10008;14;9995.5;0.0
39;45500;INTARIAN_PEPPER_ROOT;52039;11;;;;;52053;10;;;;;52046.0;0.0
39;45600;ASH_COATED_OSMIUM;9988;14;9987;13;9984;12;10007;10;10009;15;10011;30;9997.5;0.0
39;45600;INTARIAN_PEPPER_ROOT;52038;8;52037;8;52036;25;52051;8;52053;25;52055;11;52044.5;0.0
39;45700;ASH_COATED_OSMIUM;9991;6;9989;4;;;10009;15;10012;15;;;10000.0;0.0
39;45700;INTARIAN_PEPPER_ROOT;52043;9;;;;;52054;9;;;;;52048.5;0.0
39;45800;ASH_COATED_OSMIUM;9986;5;9985;13;9982;15;10002;12;10003;26;10006;15;9994.0;0.0
39;45800;INTARIAN_PEPPER_ROOT;52038;10;;;;;52051;6;;;;;52044.5;0.0
39;45900;ASH_COATED_OSMIUM;9988;15;9985;14;;;10009;10;10010;22;;;9998.5;0.0
39;45900;INTARIAN_PEPPER_ROOT;52035;24;52033;19;;;52048;8;52049;21;;;52041.5;0.0
39;46000;ASH_COATED_OSMIUM;9992;10;9990;3;9989;14;10008;11;10009;13;10010;20;10000.5;0.0
39;46000;INTARIAN_PEPPER_ROOT;52043;8;52041;10;52040;25;52054;10;52057;9;52058;8;52049.0;0.0
39;46100;ASH_COATED_OSMIUM;9984;15;9983;11;9982;13;10003;11;10004;13;10005;15;9993.5;0.0
39;46100;INTARIAN_PEPPER_ROOT;52041;9;;;;;52053;8;;;;;52047.0;0.0
39;46200;ASH_COATED_OSMIUM;9987;21;;;;;10006;3;;;;;9996.5;0.0
39;46200;INTARIAN_PEPPER_ROOT;52042;10;52040;10;;;52053;22;52055;8;;;52047.5;0.0
39;46300;ASH_COATED_OSMIUM;9989;15;9986;6;;;9998;13;9999;11;;;9993.5;0.0
39;46300;INTARIAN_PEPPER_ROOT;52045;17;52044;8;52043;11;52058;9;52060;11;52063;10;52052.0;0.0
39;46400;ASH_COATED_OSMIUM;9987;11;9985;12;;;10005;22;10008;26;;;9996.5;0.0
39;46400;INTARIAN_PEPPER_ROOT;52041;24;52039;25;52036;11;52053;9;52055;11;52056;21;52047.0;0.0
39;46500;ASH_COATED_OSMIUM;9986;15;;;;;10002;13;;;;;9994.0;0.0
39;46500;INTARIAN_PEPPER_ROOT;52043;11;52041;20;;;52055;17;52056;8;;;52049.5;0.0
39;46600;ASH_COATED_OSMIUM;9991;28;;;;;10009;13;;;;;10000.5;0.0
39;46600;INTARIAN_PEPPER_ROOT;52042;9;;;;;52054;10;;;;;52048.5;0.0
39;46700;ASH_COATED_OSMIUM;9985;10;;;;;10004;15;;;;;9995.0;0.0
39;46700;INTARIAN_PEPPER_ROOT;52042;8;52040;8;52037;8;52058;9;52061;11;52062;12;52050.5;0.0
39;46800;ASH_COATED_OSMIUM;9986;13;;;;;10004;11;;;;;9995.0;0.0
39;46800;INTARIAN_PEPPER_ROOT;52039;8;;;;;52053;12;;;;;52046.5;0.0
39;46900;ASH_COATED_OSMIUM;9986;22;9985;27;;;10002;10;10004;10;;;9994.5;0.0
39;46900;INTARIAN_PEPPER_ROOT;52043;25;;;;;52055;10;;;;;52049.5;0.0
39;47000;ASH_COATED_OSMIUM;9988;12;;;;;10004;28;;;;;9996.5;0.0
39;47000;INTARIAN_PEPPER_ROOT;52037;10;52036;12;;;52049;11;52051;8;;;52043.0;0.0
39;47100;ASH_COATED_OSMIUM;9985;11;9982;11;;;10003;4;10006;13;;;9994.5;0.0
39;47100;INTARIAN_PEPPER_ROOT;52040;8;52039;10;52037;9;52053;8;52056;8;52058;9;52046.5;0.0
39;47200;ASH_COATED_OSMIUM;9986;11;;;;;10002;14;;;;;9994.5;0.0
39;47200;INTARIAN_PEPPER_ROOT;52042;8;52039;8;52037;9;52056;11;52058;12;52060;12;52049.5;0.0
39;47300;ASH_COATED_OSMIUM;9986;10;9983;14;;;10002;15;10005;14;;;9994.5;0.0
39;47300;INTARIAN_PEPPER_ROOT;52039;8;52038;18;;;52052;17;52054;10;;;52046.0;0.0
39;47400;ASH_COATED_OSMIUM;9986;11;9985;10;;;10005;10;10007;10;;;9995.5;0.0
39;47400;INTARIAN_PEPPER_ROOT;52042;8;52041;11;52038;7;52058;9;52060;11;52062;8;52050.0;0.0
39;47500;ASH_COATED_OSMIUM;9989;15;9986;13;;;10005;11;10007;15;;;9997.0;0.0
39;47500;INTARIAN_PEPPER_ROOT;52040;9;52037;11;;;52053;8;52056;8;;;52046.5;0.0
39;47600;ASH_COATED_OSMIUM;9993;15;9990;14;;;10009;14;10012;10;;;10001.0;0.0
39;47600;INTARIAN_PEPPER_ROOT;52040;11;52039;8;;;52056;11;52059;11;;;52048.0;0.0
39;47700;ASH_COATED_OSMIUM;9988;14;9987;21;9985;14;10007;11;10010;12;10013;13;9998.0;0.0
39;47700;INTARIAN_PEPPER_ROOT;52039;9;52037;8;;;52052;9;52053;9;;;52046.0;0.0
39;47800;ASH_COATED_OSMIUM;9991;12;9990;13;9987;14;10007;8;10010;10;10013;15;9999.5;0.0
39;47800;INTARIAN_PEPPER_ROOT;52042;11;52041;18;;;52054;11;52057;23;;;52048.5;0.0
39;47900;ASH_COATED_OSMIUM;9989;13;;;;;10005;13;;;;;9997.0;0.0
39;47900;INTARIAN_PEPPER_ROOT;52041;12;;;;;52055;12;;;;;52048.0;0.0
39;48000;ASH_COATED_OSMIUM;9988;13;9985;13;;;10007;29;10009;13;;;9998.0;0.0
39;48000;INTARIAN_PEPPER_ROOT;52040;8;52039;12;;;52055;22;52056;12;;;52048.0;0.0
39;48100;ASH_COATED_OSMIUM;9985;25;;;;;10006;15;;;;;9995.5;0.0
39;48100;INTARIAN_PEPPER_ROOT;52038;8;;;;;52055;8;;;;;52047.0;0.0
39;48200;ASH_COATED_OSMIUM;9991;12;9990;11;9987;12;10007;13;10008;15;10009;20;9999.5;0.0
39;48200;INTARIAN_PEPPER_ROOT;52040;11;52038;9;52037;9;52055;9;52058;21;52060;7;52048.0;0.0
39;48300;ASH_COATED_OSMIUM;9991;14;;;;;10007;13;;;;;9999.5;0.0
39;48300;INTARIAN_PEPPER_ROOT;52038;12;;;;;52050;12;;;;;52044.0;0.0
39;48400;ASH_COATED_OSMIUM;9988;14;9985;15;9984;15;10004;15;10006;15;10007;13;9996.0;0.0
39;48400;INTARIAN_PEPPER_ROOT;52042;11;52039;9;;;52055;12;52057;10;;;52049.0;0.0
39;48500;ASH_COATED_OSMIUM;9985;10;9983;11;9980;11;10001;15;10002;15;10003;30;9993.0;0.0
39;48500;INTARIAN_PEPPER_ROOT;52040;10;52038;10;;;52056;12;52057;9;;;52048.0;0.0
39;48600;ASH_COATED_OSMIUM;9980;11;9979;15;9976;21;9996;11;9997;10;9998;11;9988.5;0.0
39;48600;INTARIAN_PEPPER_ROOT;52045;12;;;;;52059;8;;;;;52052.0;0.0
39;48700;ASH_COATED_OSMIUM;9981;11;;;;;9997;14;;;;;9989.5;0.0
39;48700;INTARIAN_PEPPER_ROOT;52042;9;52041;8;;;52055;8;52057;25;;;52049.0;0.0
39;48800;ASH_COATED_OSMIUM;9981;26;9978;12;;;9997;11;10000;14;;;9989.0;0.0
39;48800;INTARIAN_PEPPER_ROOT;52039;10;52038;8;52037;8;52050;10;52053;9;52055;12;52044.5;0.0
39;48900;ASH_COATED_OSMIUM;9985;11;;;;;9995;13;;;;;9990.0;0.0
39;48900;INTARIAN_PEPPER_ROOT;52044;15;;;;;52056;10;;;;;52050.0;0.0
39;49000;ASH_COATED_OSMIUM;9979;11;;;;;9995;23;;;;;9987.5;0.0
39;49000;INTARIAN_PEPPER_ROOT;52045;12;52044;9;52042;8;52056;10;52059;24;52062;11;52051.0;0.0
39;49100;ASH_COATED_OSMIUM;9982;10;9980;24;;;10001;13;10003;23;;;9991.5;0.0
39;49100;INTARIAN_PEPPER_ROOT;52040;10;52038;7;52035;9;52051;9;52052;9;52055;22;52045.5;0.0
39;49200;ASH_COATED_OSMIUM;9984;12;9983;12;9982;13;10000;14;10001;10;10003;10;9992.0;0.0
39;49200;INTARIAN_PEPPER_ROOT;52043;10;52040;8;;;52057;17;52060;9;;;52050.5;0.0
39;49300;ASH_COATED_OSMIUM;9983;23;;;;;10004;12;;;;;9993.5;0.0
39;49300;INTARIAN_PEPPER_ROOT;52046;11;52044;8;;;52058;19;52060;12;;;52052.5;0.0
39;49400;ASH_COATED_OSMIUM;9990;13;;;;;10000;11;;;;;9995.0;0.0
39;49400;INTARIAN_PEPPER_ROOT;52044;8;52041;12;52038;20;52056;12;52059;8;52062;12;52050.5;0.0
39;49500;ASH_COATED_OSMIUM;9991;12;9990;4;9989;11;10009;10;10010;15;10011;13;10000.0;0.0
39;49500;INTARIAN_PEPPER_ROOT;52049;12;52047;23;;;52063;12;52064;10;;;52056.0;0.0
39;49600;ASH_COATED_OSMIUM;9989;11;;;;;10005;29;;;;;9997.0;0.0
39;49600;INTARIAN_PEPPER_ROOT;52042;8;52039;11;;;52053;9;52055;19;;;52048.0;0.0
39;49700;ASH_COATED_OSMIUM;9988;14;9985;10;;;10004;11;10005;30;;;9996.0;0.0
39;49700;INTARIAN_PEPPER_ROOT;52037;10;52035;9;;;52051;10;52053;12;;;52044.5;0.0
39;49800;ASH_COATED_OSMIUM;9991;11;9988;15;;;10007;23;10009;11;;;9999.5;0.0
39;49800;INTARIAN_PEPPER_ROOT;52043;8;52041;12;;;52056;10;52059;11;;;52049.5;0.0
39;49900;ASH_COATED_OSMIUM;9990;11;9989;11;9986;15;10006;29;10008;14;10011;12;9998.0;0.0
39;49900;INTARIAN_PEPPER_ROOT;52042;25;;;;;52053;20;;;;;52048.0;0.0
39;50000;ASH_COATED_OSMIUM;9988;12;9986;23;9983;28;10004;13;10007;10;10010;10;9996.5;0.0
39;50000;INTARIAN_PEPPER_ROOT;52041;24;52040;16;52037;9;52054;8;52056;11;52058;10;52048.0;0.0
39;50100;ASH_COATED_OSMIUM;9988;12;9986;10;;;10004;11;10007;14;;;9996.0;0.0
39;50100;INTARIAN_PEPPER_ROOT;52041;19;52039;9;52036;12;52054;11;52055;12;52057;21;52048.0;0.0
39;50200;ASH_COATED_OSMIUM;9987;15;9986;24;9983;13;10003;11;10004;26;10005;24;9995.5;0.0
39;50200;INTARIAN_PEPPER_ROOT;52045;8;;;;;52056;11;;;;;52050.5;0.0
39;50300;ASH_COATED_OSMIUM;9988;14;9985;12;;;10006;13;10007;10;;;9997.5;0.0
39;50300;INTARIAN_PEPPER_ROOT;52046;9;52044;10;;;52057;12;52059;9;;;52051.5;0.0
39;50400;ASH_COATED_OSMIUM;9987;14;9985;11;;;10003;14;10005;14;;;9995.0;0.0
39;50400;INTARIAN_PEPPER_ROOT;52042;20;52039;8;;;52058;11;52059;11;;;52050.5;0.0
39;50500;ASH_COATED_OSMIUM;9993;11;;;;;9999;28;;;;;9996.0;0.0
39;50500;INTARIAN_PEPPER_ROOT;52044;9;52042;9;;;52058;10;52059;19;;;52051.5;0.0
39;50600;ASH_COATED_OSMIUM;9993;10;9991;13;;;10009;2;10010;13;;;10001.0;0.0
39;50600;INTARIAN_PEPPER_ROOT;52043;11;52041;8;52038;23;52058;9;52059;11;52061;19;52050.5;0.0
39;50700;ASH_COATED_OSMIUM;9992;20;9989;14;;;10008;11;10011;10;;;10000.0;0.0
39;50700;INTARIAN_PEPPER_ROOT;52042;21;52041;10;52039;10;52057;12;52059;11;52060;12;52050.0;0.0
39;50800;ASH_COATED_OSMIUM;9989;29;;;;;10008;10;;;;;9998.5;0.0
39;50800;INTARIAN_PEPPER_ROOT;52046;11;52045;12;;;52059;8;52061;10;;;52053.0;0.0
39;50900;ASH_COATED_OSMIUM;9991;15;;;;;10007;11;;;;;9999.0;0.0
39;50900;INTARIAN_PEPPER_ROOT;52045;10;52044;12;52043;9;52059;3;52062;12;52065;11;52052.0;0.0
39;51000;ASH_COATED_OSMIUM;9996;14;9993;10;;;10012;24;10014;27;;;10004.0;0.0
39;51000;INTARIAN_PEPPER_ROOT;52042;8;52039;11;52036;11;52059;8;52061;12;52063;15;52051.0;0.0
39;51100;ASH_COATED_OSMIUM;9999;12;9998;24;9995;15;10015;15;10017;10;10020;14;10007.5;0.0
39;51100;INTARIAN_PEPPER_ROOT;52047;12;;;;;52060;8;;;;;52054.0;0.0
39;51200;ASH_COATED_OSMIUM;9999;30;9996;24;;;10018;13;10021;15;;;10008.5;0.0
39;51200;INTARIAN_PEPPER_ROOT;52044;11;;;;;52061;11;;;;;52052.5;0.0
39;51300;ASH_COATED_OSMIUM;9995;11;9994;10;;;10011;12;10013;29;;;10003.0;0.0
39;51300;INTARIAN_PEPPER_ROOT;52043;24;52041;12;;;52056;9;52058;12;;;52050.0;0.0
39;51400;ASH_COATED_OSMIUM;9989;14;;;;;10005;11;;;;;9997.0;0.0
39;51400;INTARIAN_PEPPER_ROOT;52046;10;52043;9;52042;11;52061;20;52063;12;52065;8;52054.0;0.0
39;51500;ASH_COATED_OSMIUM;9986;11;;;;;10002;14;;;;;9994.0;0.0
39;51500;INTARIAN_PEPPER_ROOT;52043;10;52041;10;;;52057;10;52058;8;;;52050.0;0.0
39;51600;ASH_COATED_OSMIUM;9987;10;9984;3;;;10006;24;10007;13;;;9996.5;0.0
39;51600;INTARIAN_PEPPER_ROOT;52046;20;52045;10;52044;10;52058;11;52061;12;52064;12;52052.0;0.0
39;51700;ASH_COATED_OSMIUM;9997;11;9995;11;9992;15;10012;14;10014;9;10017;14;10005.0;0.0
39;51700;INTARIAN_PEPPER_ROOT;52046;10;52044;11;52042;12;52059;8;52062;10;52063;22;52053.0;0.0
39;51800;ASH_COATED_OSMIUM;9991;10;9988;12;;;10007;15;10010;12;;;9999.5;0.0
39;51800;INTARIAN_PEPPER_ROOT;52051;8;52048;19;;;52063;22;52065;9;;;52057.0;0.0
39;51900;ASH_COATED_OSMIUM;9992;29;;;;;10010;23;;;;;10001.5;0.0
39;51900;INTARIAN_PEPPER_ROOT;52050;9;52048;9;;;52054;10;52057;8;;;52052.0;0.0
39;52000;ASH_COATED_OSMIUM;9994;11;9991;15;;;10010;13;10012;13;;;10002.5;0.0
39;52000;INTARIAN_PEPPER_ROOT;52047;8;52046;10;;;52059;11;52061;11;;;52053.5;0.0
39;52100;ASH_COATED_OSMIUM;9986;15;9985;10;9984;11;10002;11;10003;10;10004;13;9994.0;0.0
39;52100;INTARIAN_PEPPER_ROOT;52045;11;;;;;52060;24;;;;;52053.0;0.0
39;52200;ASH_COATED_OSMIUM;9982;14;9980;15;9978;12;9998;30;9999;26;10001;25;9990.5;0.0
39;52200;INTARIAN_PEPPER_ROOT;52047;17;52044;8;52041;11;52059;10;52060;9;52062;8;52053.0;0.0
39;52300;ASH_COATED_OSMIUM;9984;11;9982;15;;;10000;30;10001;11;;;9992.5;0.0
39;52300;INTARIAN_PEPPER_ROOT;52045;12;;;;;52061;12;;;;;52053.0;0.0
39;52400;ASH_COATED_OSMIUM;9983;20;9982;13;;;9999;14;10001;10;;;9991.0;0.0
39;52400;INTARIAN_PEPPER_ROOT;52048;12;;;;;52065;12;;;;;52057.0;0.0
39;52500;ASH_COATED_OSMIUM;9987;14;;;;;10003;10;;;;;9995.0;0.0
39;52500;INTARIAN_PEPPER_ROOT;52048;10;;;;;52054;10;;;;;52051.0;0.0
39;52600;ASH_COATED_OSMIUM;9986;15;9984;21;9981;13;10005;15;10008;13;10010;12;9996.0;0.0
39;52600;INTARIAN_PEPPER_ROOT;52044;10;;;;;52057;11;;;;;52051.0;0.0
39;52700;ASH_COATED_OSMIUM;9980;11;;;;;9996;10;;;;;9988.0;0.0
39;52700;INTARIAN_PEPPER_ROOT;52044;12;;;;;52057;20;;;;;52050.5;0.0
39;52800;ASH_COATED_OSMIUM;9985;13;9983;10;9982;15;9994;14;9997;11;9998;12;9990.0;0.0
39;52800;INTARIAN_PEPPER_ROOT;52046;11;52043;10;52041;11;52059;9;52061;16;52062;9;52053.0;0.0
39;52900;ASH_COATED_OSMIUM;9988;15;9985;12;;;10004;14;10006;12;;;9996.0;0.0
39;52900;INTARIAN_PEPPER_ROOT;52052;8;52050;8;52048;23;52066;9;52068;9;52069;11;52059.5;0.0
39;53000;ASH_COATED_OSMIUM;9992;10;9990;12;;;9999;11;10002;14;;;9995.5;0.0
39;53000;INTARIAN_PEPPER_ROOT;52044;24;52042;15;52041;11;52056;10;52058;3;52061;8;52050.5;0.0
39;53100;ASH_COATED_OSMIUM;9988;14;9985;14;9984;11;10004;25;10006;20;10007;11;9996.5;0.0
39;53100;INTARIAN_PEPPER_ROOT;52047;8;52046;11;;;52059;10;52060;12;;;52053.5;0.0
39;53200;ASH_COATED_OSMIUM;9989;14;;;;;10005;10;;;;;9997.0;0.0
39;53200;INTARIAN_PEPPER_ROOT;52046;24;;;;;52059;9;;;;;52052.5;0.0
39;53300;ASH_COATED_OSMIUM;9990;13;9987;11;9986;14;10006;14;10008;10;10011;11;9998.5;0.0
39;53300;INTARIAN_PEPPER_ROOT;52044;8;52041;10;52038;12;52058;12;52060;8;52062;10;52051.0;0.0
39;53400;ASH_COATED_OSMIUM;9992;13;9989;30;;;10008;14;10011;10;;;10000.5;0.0
39;53400;INTARIAN_PEPPER_ROOT;52050;15;;;;;52063;8;;;;;52056.5;0.0
39;53500;ASH_COATED_OSMIUM;9984;21;;;;;10002;20;;;;;9993.5;0.0
39;53500;INTARIAN_PEPPER_ROOT;52046;8;52044;19;52041;9;52058;24;52059;15;52060;10;52052.5;0.0
39;53600;ASH_COATED_OSMIUM;9986;5;9985;14;9983;14;10004;23;10005;14;10008;12;9995.5;0.0
39;53600;INTARIAN_PEPPER_ROOT;52052;10;;;;;52055;8;;;;;52053.5;0.0
39;53700;ASH_COATED_OSMIUM;9996;27;;;;;10006;13;;;;;10001.0;0.0
39;53700;INTARIAN_PEPPER_ROOT;52046;11;52043;11;;;52059;11;52061;25;;;52052.5;0.0
39;53800;ASH_COATED_OSMIUM;9989;13;9986;13;9985;11;10005;15;10006;5;10009;14;9997.5;0.0
39;53800;INTARIAN_PEPPER_ROOT;52050;12;;;;;52062;8;;;;;52056.0;0.0
39;53900;ASH_COATED_OSMIUM;9992;2;9989;10;;;10008;11;10010;14;;;10000.5;0.0
39;53900;INTARIAN_PEPPER_ROOT;52047;25;;;;;52060;9;;;;;52054.0;0.0
39;54000;ASH_COATED_OSMIUM;9995;24;9994;23;;;10011;14;10012;22;;;10003.5;0.0
39;54000;INTARIAN_PEPPER_ROOT;52050;11;52047;11;;;52065;18;52068;7;;;52057.5;0.0
39;54100;ASH_COATED_OSMIUM;9993;11;;;;;10009;12;;;;;10001.5;0.0
39;54100;INTARIAN_PEPPER_ROOT;52048;11;;;;;52061;12;;;;;52054.5;0.0
39;54200;ASH_COATED_OSMIUM;9995;13;9992;14;;;10011;12;10014;11;;;10003.0;0.0
39;54200;INTARIAN_PEPPER_ROOT;52050;11;52047;12;52044;11;52062;9;52065;23;52067;12;52056.5;0.0
39;54300;ASH_COATED_OSMIUM;9994;10;9991;10;9989;15;10013;15;10016;11;10018;15;10003.5;0.0
39;54300;INTARIAN_PEPPER_ROOT;52048;12;;;;;52062;21;;;;;52055.0;0.0
39;54400;ASH_COATED_OSMIUM;9995;13;;;;;10013;13;;;;;10004.0;0.0
39;54400;INTARIAN_PEPPER_ROOT;52052;21;;;;;52063;8;;;;;52057.5;0.0
39;54500;ASH_COATED_OSMIUM;9989;30;9986;13;9983;10;10008;23;10009;13;10012;25;9999.0;0.0
39;54500;INTARIAN_PEPPER_ROOT;52047;21;52044;16;52041;11;52062;8;52064;10;52065;18;52054.5;0.0
39;54600;ASH_COATED_OSMIUM;9993;11;;;;;10003;14;;;;;9998.0;0.0
39;54600;INTARIAN_PEPPER_ROOT;52048;9;52047;17;;;52061;9;52064;12;;;52054.5;0.0
39;54700;ASH_COATED_OSMIUM;9991;15;9990;15;9987;23;10007;15;10008;14;10010;12;9999.5;0.0
39;54700;INTARIAN_PEPPER_ROOT;52051;10;;;;;52063;11;;;;;52057.0;0.0
39;54800;ASH_COATED_OSMIUM;9991;11;9990;13;;;10007;14;10009;11;;;9999.5;0.0
39;54800;INTARIAN_PEPPER_ROOT;52045;8;;;;;52059;9;;;;;52052.5;0.0
39;54900;ASH_COATED_OSMIUM;9995;14;9992;14;9991;12;10011;12;10012;15;10015;25;10003.0;0.0
39;54900;INTARIAN_PEPPER_ROOT;52046;10;52043;9;52040;11;52058;9;52060;11;52061;12;52052.5;0.0
39;55000;ASH_COATED_OSMIUM;9995;12;9992;15;;;10011;14;10014;11;;;10003.0;0.0
39;55000;INTARIAN_PEPPER_ROOT;52045;10;52042;9;52040;12;52061;15;52064;9;52066;9;52053.0;0.0
39;55100;ASH_COATED_OSMIUM;9996;10;9993;15;9990;3;10012;12;10013;12;10014;14;10004.5;0.0
39;55100;INTARIAN_PEPPER_ROOT;52043;25;;;;;52058;12;;;;;52051.0;0.0
39;55200;ASH_COATED_OSMIUM;9994;14;9993;11;9991;12;10010;14;10013;12;10016;15;10002.0;0.0
39;55200;INTARIAN_PEPPER_ROOT;52050;9;52047;9;52046;24;52064;8;52065;12;52066;10;52057.5;0.0
39;55300;ASH_COATED_OSMIUM;9995;23;;;;;10011;13;;;;;10003.5;0.0
39;55300;INTARIAN_PEPPER_ROOT;52050;19;52049;10;;;52063;12;52064;8;;;52056.5;0.0
39;55400;ASH_COATED_OSMIUM;10000;13;9999;25;;;10016;5;10019;13;;;10008.5;0.0
39;55400;INTARIAN_PEPPER_ROOT;52048;8;52045;10;;;52065;8;52068;12;;;52057.0;0.0
39;55500;ASH_COATED_OSMIUM;9997;14;;;;;10015;11;;;;;10006.0;0.0
39;55500;INTARIAN_PEPPER_ROOT;52048;11;52047;12;;;52060;8;52062;10;;;52054.5;0.0
39;55600;ASH_COATED_OSMIUM;9998;12;;;;;10014;12;;;;;10006.5;0.0
39;55600;INTARIAN_PEPPER_ROOT;52049;11;52048;25;52046;12;52061;11;52062;12;52063;22;52055.5;0.0
39;55700;ASH_COATED_OSMIUM;9999;11;9996;14;9994;14;10015;14;10017;15;10018;11;10007.0;0.0
39;55700;INTARIAN_PEPPER_ROOT;52052;11;52051;18;;;52063;9;52064;8;;;52057.5;0.0
39;55800;ASH_COATED_OSMIUM;9998;15;9997;12;;;10017;15;10019;13;;;10007.5;0.0
39;55800;INTARIAN_PEPPER_ROOT;52050;12;52048;9;;;52062;10;52064;10;;;52056.5;0.0
39;55900;ASH_COATED_OSMIUM;10001;26;10000;11;;;10012;15;10014;10;;;10007.0;0.0
39;55900;INTARIAN_PEPPER_ROOT;52053;10;52050;11;;;52066;9;52067;11;;;52059.5;0.0
39;56000;ASH_COATED_OSMIUM;9996;23;;;;;10014;13;;;;;10005.5;0.0
39;56000;INTARIAN_PEPPER_ROOT;52052;11;52051;11;;;52064;10;52067;10;;;52058.5;0.0
39;56100;ASH_COATED_OSMIUM;9999;13;9996;10;9993;11;10015;22;10018;11;10021;29;10007.0;0.0
39;56100;INTARIAN_PEPPER_ROOT;52047;11;52045;12;;;52060;9;52062;9;;;52053.5;0.0
39;56200;ASH_COATED_OSMIUM;9999;14;9996;11;;;10015;25;10016;14;;;10007.5;0.0
39;56200;INTARIAN_PEPPER_ROOT;52047;12;52044;7;;;52060;11;52063;21;;;52054.0;0.0
39;56300;ASH_COATED_OSMIUM;9996;11;;;;;10012;20;;;;;10004.5;0.0
39;56300;INTARIAN_PEPPER_ROOT;52049;8;;;;;52065;12;;;;;52057.5;0.0
39;56400;ASH_COATED_OSMIUM;10002;15;10000;23;;;10018;13;10021;13;;;10010.0;0.0
39;56400;INTARIAN_PEPPER_ROOT;52055;24;;;;;52057;8;;;;;52056.5;0.0
39;56500;ASH_COATED_OSMIUM;10001;10;9999;24;9997;12;10019;14;10022;10;10025;15;10010.5;0.0
39;56500;INTARIAN_PEPPER_ROOT;52047;9;52044;11;;;52061;22;52062;11;;;52054.0;0.0
39;56600;ASH_COATED_OSMIUM;9999;15;9998;10;9996;15;10017;10;10020;11;10021;15;10008.5;0.0
39;56600;INTARIAN_PEPPER_ROOT;52053;11;52050;16;52047;8;52065;8;52067;23;52070;11;52059.0;0.0
39;56700;ASH_COATED_OSMIUM;9997;12;9996;15;;;10013;10;10016;11;;;10005.5;0.0
39;56700;INTARIAN_PEPPER_ROOT;52051;12;52048;10;52047;9;52065;11;52067;12;52070;18;52058.0;0.0
39;56800;ASH_COATED_OSMIUM;9999;28;9997;10;;;10017;12;10018;13;;;10008.0;0.0
39;56800;INTARIAN_PEPPER_ROOT;52049;8;52047;9;52044;8;52062;10;52065;10;52066;25;52056.0;0.0
39;56900;ASH_COATED_OSMIUM;9990;29;9989;12;;;10009;15;10010;12;;;9999.5;0.0
39;56900;INTARIAN_PEPPER_ROOT;52049;11;52046;12;;;52060;11;52062;8;;;52055.0;0.0
39;57000;ASH_COATED_OSMIUM;9994;2;;;;;10010;22;;;;;10002.0;0.0
39;57000;INTARIAN_PEPPER_ROOT;52050;8;52049;11;52046;9;52063;3;52064;19;52065;17;52057.0;0.0
39;57100;ASH_COATED_OSMIUM;9991;15;9988;20;;;10010;11;10013;25;;;10000.5;0.0
39;57100;INTARIAN_PEPPER_ROOT;52049;10;52047;8;;;52066;10;52068;9;;;52058.0;0.0
39;57200;ASH_COATED_OSMIUM;9990;12;9987;11;;;10009;23;10012;21;;;9999.5;0.0
39;57200;INTARIAN_PEPPER_ROOT;52048;8;52046;12;;;52065;15;52068;8;;;52056.5;0.0
39;57300;ASH_COATED_OSMIUM;9994;13;9991;14;;;10012;11;10015;14;;;10003.5;0.0
39;57300;INTARIAN_PEPPER_ROOT;52048;19;52046;10;;;52065;12;52067;8;;;52056.5;0.0
39;57400;ASH_COATED_OSMIUM;9999;14;9998;14;;;10015;11;10018;15;;;10007.0;0.0
39;57400;INTARIAN_PEPPER_ROOT;52052;10;52050;12;;;52071;11;52074;10;;;52061.5;0.0
39;57500;ASH_COATED_OSMIUM;9996;22;9994;13;;;10012;15;10014;10;;;10004.0;0.0
39;57500;INTARIAN_PEPPER_ROOT;52053;9;;;;;52066;25;;;;;52059.5;0.0
39;57600;ASH_COATED_OSMIUM;9992;22;9991;14;;;10010;12;10012;23;;;10001.5;0.0
39;57600;INTARIAN_PEPPER_ROOT;52052;8;;;;;52069;8;;;;;52060.5;0.0
39;57700;ASH_COATED_OSMIUM;9992;10;;;;;10001;10;;;;;9997.0;0.0
39;57700;INTARIAN_PEPPER_ROOT;52051;25;52050;11;52047;9;52064;8;52065;10;52066;12;52058.0;0.0
39;57800;ASH_COATED_OSMIUM;9993;7;9991;12;9990;15;10009;3;10012;11;10014;14;10001.5;0.0
39;57800;INTARIAN_PEPPER_ROOT;52049;8;52047;10;;;52065;11;52067;11;;;52057.5;0.0
39;57900;ASH_COATED_OSMIUM;9991;15;9989;11;;;10007;14;10010;14;;;9999.5;0.0
39;57900;INTARIAN_PEPPER_ROOT;52051;9;52048;9;;;52064;8;52067;22;;;52057.5;0.0
39;58000;ASH_COATED_OSMIUM;9998;14;9997;10;9994;15;10014;11;10015;27;10018;21;10006.0;0.0
39;58000;INTARIAN_PEPPER_ROOT;52052;17;52049;8;52048;8;52064;10;52067;18;52069;9;52058.5;0.0
39;58100;ASH_COATED_OSMIUM;9993;14;9992;10;;;10009;10;10011;15;;;10001.5;0.0
39;58100;INTARIAN_PEPPER_ROOT;52050;10;52049;9;52046;6;52062;8;52065;12;52068;10;52056.5;0.0
39;58200;ASH_COATED_OSMIUM;9996;11;9994;13;;;10015;15;10016;14;;;10005.5;0.0
39;58200;INTARIAN_PEPPER_ROOT;52053;12;52051;5;;;52064;10;52066;18;;;52058.5;0.0
39;58300;ASH_COATED_OSMIUM;9994;14;9993;11;9991;15;10010;15;10011;11;10013;14;10002.0;0.0
39;58300;INTARIAN_PEPPER_ROOT;52053;10;;;;;52064;8;;;;;52058.5;0.0
39;58400;ASH_COATED_OSMIUM;9993;14;9990;13;;;10009;22;10010;12;;;10001.0;0.0
39;58400;INTARIAN_PEPPER_ROOT;52054;10;;;;;52068;11;;;;;52061.5;0.0
39;58500;ASH_COATED_OSMIUM;9992;13;9989;14;9986;25;10011;15;10014;11;10016;14;10001.5;0.0
39;58500;INTARIAN_PEPPER_ROOT;52050;10;52049;20;;;52061;10;52064;11;;;52056.0;0.0
39;58600;ASH_COATED_OSMIUM;9992;11;;;;;10008;12;;;;;10000.5;0.0
39;58600;INTARIAN_PEPPER_ROOT;52055;8;;;;;52067;9;;;;;52061.5;0.0
39;58700;ASH_COATED_OSMIUM;9995;25;9994;13;;;10011;12;10013;25;;;10003.0;0.0
39;58700;INTARIAN_PEPPER_ROOT;52051;12;52048;12;52046;12;52064;8;52066;11;52067;12;52058.0;0.0
39;58800;ASH_COATED_OSMIUM;9995;30;9992;15;9990;12;10011;14;10013;14;10014;27;10003.5;0.0
39;58800;INTARIAN_PEPPER_ROOT;52053;9;52052;8;;;52065;12;52066;12;;;52059.0;0.0
39;58900;ASH_COATED_OSMIUM;9998;14;9997;13;;;10014;14;10017;13;;;10006.0;0.0
39;58900;INTARIAN_PEPPER_ROOT;52050;9;;;;;52064;10;;;;;52057.5;0.0
39;59000;ASH_COATED_OSMIUM;9995;12;9992;15;;;10014;11;10017;15;;;10004.5;0.0
39;59000;INTARIAN_PEPPER_ROOT;52060;11;52057;8;52055;9;52072;9;52075;12;52078;16;52066.0;0.0
39;59100;ASH_COATED_OSMIUM;9995;12;9994;10;;;10011;14;10013;10;;;10003.5;0.0
39;59100;INTARIAN_PEPPER_ROOT;52053;8;52052;9;;;52064;17;52065;8;;;52059.0;0.0
39;59200;ASH_COATED_OSMIUM;9995;10;9993;29;;;10014;22;10015;12;;;10004.5;0.0
39;59200;INTARIAN_PEPPER_ROOT;52054;24;52053;8;;;52065;11;52066;10;;;52059.5;0.0
39;59300;ASH_COATED_OSMIUM;9995;14;;;;;10011;11;;;;;10003.5;0.0
39;59300;INTARIAN_PEPPER_ROOT;52054;24;;;;;52067;12;;;;;52060.5;0.0
39;59400;ASH_COATED_OSMIUM;10000;10;9998;27;;;10009;23;10011;22;;;10005.0;0.0
39;59400;INTARIAN_PEPPER_ROOT;52054;11;;;;;52068;10;;;;;52061.0;0.0
39;59500;ASH_COATED_OSMIUM;10000;12;9999;13;;;10016;10;10018;20;;;10008.5;0.0
39;59500;INTARIAN_PEPPER_ROOT;52056;10;52053;12;;;52069;9;52071;11;;;52063.0;0.0
39;59600;ASH_COATED_OSMIUM;9997;10;9995;13;9994;10;10013;15;10016;13;10018;10;10005.5;0.0
39;59600;INTARIAN_PEPPER_ROOT;52051;9;52050;8;;;52064;12;52067;9;;;52057.5;0.0
39;59700;ASH_COATED_OSMIUM;9996;10;9993;14;;;10015;27;10016;13;;;10005.5;0.0
39;59700;INTARIAN_PEPPER_ROOT;52054;10;52053;10;52052;9;52066;9;52069;12;52072;8;52060.0;0.0
39;59800;ASH_COATED_OSMIUM;9990;13;9988;24;;;10006;12;10007;13;;;9998.0;0.0
39;59800;INTARIAN_PEPPER_ROOT;52052;10;52050;9;;;52066;9;52067;8;;;52059.0;0.0
39;59900;ASH_COATED_OSMIUM;9982;15;9980;28;;;10000;11;10002;14;;;9991.5;0.0
39;59900;INTARIAN_PEPPER_ROOT;52055;8;52052;9;;;52068;10;52070;10;;;52061.5;0.0
39;60000;ASH_COATED_OSMIUM;9981;15;9978;14;9976;20;10000;12;10001;21;10003;29;9991.0;0.0
39;60000;INTARIAN_PEPPER_ROOT;52058;12;52056;12;;;52069;11;52072;8;;;52063.5;0.0
39;60100;ASH_COATED_OSMIUM;9987;24;9984;13;;;10008;14;10010;15;;;9998.0;0.0
39;60100;INTARIAN_PEPPER_ROOT;52050;12;52047;19;;;52063;8;52064;9;;;52057.0;0.0
39;60200;ASH_COATED_OSMIUM;9980;15;9979;11;;;9996;11;9999;30;;;9988.5;0.0
39;60200;INTARIAN_PEPPER_ROOT;52055;4;;;;;52072;8;;;;;52064.0;0.0
39;60300;ASH_COATED_OSMIUM;9982;12;9981;15;9978;13;9998;14;9999;27;10001;30;9990.5;0.0
39;60300;INTARIAN_PEPPER_ROOT;52052;9;52049;10;;;52066;9;52069;12;;;52059.5;0.0
39;60400;ASH_COATED_OSMIUM;9989;14;9986;10;;;10005;25;10008;12;;;9997.5;0.0
39;60400;INTARIAN_PEPPER_ROOT;52056;11;52054;12;;;52067;11;52070;9;;;52061.5;0.0
39;60500;ASH_COATED_OSMIUM;9994;15;9991;15;;;10015;11;10016;11;;;10004.5;0.0
39;60500;INTARIAN_PEPPER_ROOT;52053;10;52050;9;;;52065;10;52068;11;;;52059.5;0.0
39;60600;ASH_COATED_OSMIUM;9992;20;;;;;10008;10;;;;;10000.0;0.0
39;60600;INTARIAN_PEPPER_ROOT;52057;10;52055;11;;;52071;11;52072;23;;;52064.5;0.0
39;60700;ASH_COATED_OSMIUM;9990;14;9988;11;;;10006;14;10009;20;;;9998.5;0.0
39;60700;INTARIAN_PEPPER_ROOT;52054;9;52052;11;;;52066;8;52069;8;;;52060.0;0.0
39;60800;ASH_COATED_OSMIUM;9995;12;9993;12;9992;12;10011;13;10014;21;10017;12;10003.5;0.0
39;60800;INTARIAN_PEPPER_ROOT;52057;11;52055;12;52053;12;52071;10;52074;10;52076;10;52064.5;0.0
39;60900;ASH_COATED_OSMIUM;10000;12;9997;25;;;10010;14;10013;10;;;10005.0;0.0
39;60900;INTARIAN_PEPPER_ROOT;52058;9;;;;;52070;10;;;;;52064.5;0.0
39;61000;ASH_COATED_OSMIUM;9996;14;;;;;10012;15;;;;;10004.5;0.0
39;61000;INTARIAN_PEPPER_ROOT;52058;15;52056;11;;;52070;10;52073;12;;;52064.5;0.0
39;61100;ASH_COATED_OSMIUM;9991;15;9988;13;9986;13;10009;10;10011;15;10014;11;10000.5;0.0
39;61100;INTARIAN_PEPPER_ROOT;52057;12;52055;8;52053;11;52070;10;52073;8;52075;9;52064.0;0.0
39;61200;ASH_COATED_OSMIUM;9992;29;9990;10;9989;13;10008;15;10009;14;10011;10;10000.5;0.0
39;61200;INTARIAN_PEPPER_ROOT;52057;10;52054;11;;;52070;10;52071;12;;;52064.0;0.0
39;61300;ASH_COATED_OSMIUM;9994;10;;;;;10012;20;;;;;10003.5;0.0
39;61300;INTARIAN_PEPPER_ROOT;52051;12;52048;11;52045;12;52065;10;52068;11;52070;10;52058.5;0.0
39;61400;ASH_COATED_OSMIUM;9991;15;9989;14;;;10007;10;10009;26;;;9999.0;0.0
39;61400;INTARIAN_PEPPER_ROOT;52053;8;;;;;52065;9;;;;;52059.5;0.0
39;61500;ASH_COATED_OSMIUM;9989;14;9986;24;;;10005;10;10008;12;;;9997.5;0.0
39;61500;INTARIAN_PEPPER_ROOT;52052;8;52049;9;;;52064;22;52066;8;;;52058.0;0.0
39;61600;ASH_COATED_OSMIUM;9988;13;9985;13;9982;28;10004;21;10007;10;10009;15;9996.5;0.0
39;61600;INTARIAN_PEPPER_ROOT;52057;25;52056;8;;;52070;9;52071;24;;;52064.0;0.0
39;61700;ASH_COATED_OSMIUM;9990;7;;;;;9999;11;;;;;9995.0;0.0
39;61700;INTARIAN_PEPPER_ROOT;52057;10;52055;9;52052;17;52070;8;52071;12;52073;25;52063.5;0.0
39;61800;ASH_COATED_OSMIUM;9995;15;9994;15;;;10011;10;10013;22;;;10003.5;0.0
39;61800;INTARIAN_PEPPER_ROOT;52053;22;52051;9;;;52070;11;52073;11;;;52062.0;0.0
39;61900;ASH_COATED_OSMIUM;10003;29;10001;12;9998;11;10019;13;10022;24;10024;5;10011.5;0.0
39;61900;INTARIAN_PEPPER_ROOT;52057;10;;;;;52069;11;;;;;52063.0;0.0
39;62000;ASH_COATED_OSMIUM;10002;10;9999;13;;;10020;12;10023;12;;;10011.0;0.0
39;62000;INTARIAN_PEPPER_ROOT;52057;12;52056;12;;;52069;11;52071;11;;;52063.0;0.0
39;62100;ASH_COATED_OSMIUM;10004;10;10001;30;9998;12;10009;15;10011;13;10012;10;10007.0;0.0
39;62100;INTARIAN_PEPPER_ROOT;52054;9;52051;20;52049;9;52070;10;52073;8;52074;10;52062.0;0.0
39;62200;ASH_COATED_OSMIUM;10003;12;;;;;10019;13;;;;;10011.0;0.0
39;62200;INTARIAN_PEPPER_ROOT;52055;10;52052;9;;;52068;12;52070;8;;;52061.5;0.0
39;62300;ASH_COATED_OSMIUM;10000;11;;;;;10016;10;;;;;10008.5;0.0
39;62300;INTARIAN_PEPPER_ROOT;52057;9;;;;;52068;25;;;;;52062.5;0.0
39;62400;ASH_COATED_OSMIUM;9999;13;9998;27;9995;12;10017;23;10020;10;10022;11;10008.5;0.0
39;62400;INTARIAN_PEPPER_ROOT;52057;9;52055;12;;;52070;22;52071;10;;;52063.5;0.0
39;62500;ASH_COATED_OSMIUM;9996;28;;;;;10012;15;;;;;10004.5;0.0
39;62500;INTARIAN_PEPPER_ROOT;52060;10;;;;;52072;12;;;;;52066.0;0.0
39;62600;ASH_COATED_OSMIUM;10001;12;;;;;10017;10;;;;;10009.5;0.0
39;62600;INTARIAN_PEPPER_ROOT;52058;18;52057;12;;;52069;10;52072;9;;;52063.5;0.0
39;62700;ASH_COATED_OSMIUM;9990;11;9987;13;9984;22;10009;14;10012;15;10013;13;10000.0;0.0
39;62700;INTARIAN_PEPPER_ROOT;52056;9;;;;;52069;9;;;;;52063.0;0.0
39;62800;ASH_COATED_OSMIUM;10001;12;9998;15;;;10011;10;10012;14;;;10006.5;0.0
39;62800;INTARIAN_PEPPER_ROOT;52058;11;52057;9;52056;17;52072;8;52074;10;52077;11;52065.0;0.0
39;62900;ASH_COATED_OSMIUM;10000;12;9998;15;9996;15;10016;11;10019;11;10021;10;10008.0;0.0
39;62900;INTARIAN_PEPPER_ROOT;52056;10;;;;;52070;12;;;;;52063.5;0.0
39;63000;ASH_COATED_OSMIUM;9996;15;;;;;10012;13;;;;;10004.0;0.0
39;63000;INTARIAN_PEPPER_ROOT;52057;12;;;;;52070;8;;;;;52063.5;0.0
39;63100;ASH_COATED_OSMIUM;9993;9;9992;14;;;10009;10;10011;15;;;10001.5;0.0
39;63100;INTARIAN_PEPPER_ROOT;52057;12;52055;10;;;52072;10;52073;9;;;52065.0;0.0
39;63200;ASH_COATED_OSMIUM;9993;12;9991;13;9989;15;10009;13;10011;4;10014;10;10001.0;0.0
39;63200;INTARIAN_PEPPER_ROOT;52061;12;;;;;52072;12;;;;;52067.0;0.0
39;63300;ASH_COATED_OSMIUM;9993;15;;;;;10009;13;;;;;10001.5;0.0
39;63300;INTARIAN_PEPPER_ROOT;52054;10;52051;11;;;52068;10;52071;11;;;52061.0;0.0
39;63400;ASH_COATED_OSMIUM;9993;14;;;;;10009;27;;;;;10001.5;0.0
39;63400;INTARIAN_PEPPER_ROOT;52055;8;52053;10;;;52066;10;52068;9;;;52061.0;0.0
39;63500;ASH_COATED_OSMIUM;9995;22;;;;;10011;14;;;;;10003.0;0.0
39;63500;INTARIAN_PEPPER_ROOT;52052;12;;;;;52066;10;;;;;52059.0;0.0
39;63600;ASH_COATED_OSMIUM;9990;11;9989;23;9987;14;10009;11;10012;13;10013;13;9999.5;0.0
39;63600;INTARIAN_PEPPER_ROOT;52061;11;52058;16;52057;9;52074;10;52077;11;52080;10;52067.5;0.0
39;63700;ASH_COATED_OSMIUM;9992;12;;;;;10008;13;;;;;10000.5;0.0
39;63700;INTARIAN_PEPPER_ROOT;52062;9;52061;8;;;52076;12;52078;16;;;52069.5;0.0
39;63800;ASH_COATED_OSMIUM;9990;10;;;;;10009;10;;;;;10000.0;0.0
39;63800;INTARIAN_PEPPER_ROOT;52055;9;52052;16;52049;10;52068;10;52071;12;52072;21;52061.5;0.0
