day;timestamp;product;bid_price_1;bid_volume_1;bid_price_2;bid_volume_2;bid_price_3;bid_volume_3;ask_price_1;ask_volume_1;ask_price_2;ask_volume_2;ask_price_3;ask_volume_3;mid_price;profit_and_loss
20;0;ASH_COATED_OSMIUM;9996;11;9994;13;;;10014;15;10016;15;;;10005.0;0.0
20;0;INTARIAN_PEPPER_ROOT;32994;12;;;;;33009;11;;;;;33002.0;0.0
20;100;ASH_COATED_OSMIUM;9992;10;9991;14;9990;12;10008;13;10009;20;10010;27;10000.0;0.0
20;100;INTARIAN_PEPPER_ROOT;33002;12;33001;12;;;33005;11;33006;19;;;33003.5;0.0
20;200;ASH_COATED_OSMIUM;9987;11;9985;20;9982;10;10003;13;10004;13;10006;23;9995.0;0.0
20;200;INTARIAN_PEPPER_ROOT;32995;8;32993;16;32990;9;33009;11;33011;10;33012;9;33002.0;0.0
20;300;ASH_COATED_OSMIUM;9996;15;9994;27;9992;12;10012;12;10013;12;10016;21;10004.0;0.0
20;300;INTARIAN_PEPPER_ROOT;32998;9;32996;24;;;33011;11;33012;12;;;33005.0;0.0
20;400;ASH_COATED_OSMIUM;10001;10;9999;14;9996;3;10017;14;10019;13;10021;12;10009.5;0.0
20;400;INTARIAN_PEPPER_ROOT;32990;8;;;;;33007;19;;;;;32999.0;0.0
20;500;ASH_COATED_OSMIUM;9999;13;9997;10;9995;15;10015;20;10016;21;10017;22;10007.0;0.0
20;500;INTARIAN_PEPPER_ROOT;32996;9;32993;11;32990;10;33008;19;33009;12;33011;8;33002.0;0.0
20;600;ASH_COATED_OSMIUM;10001;24;;;;;10017;24;;;;;10009.5;0.0
20;600;INTARIAN_PEPPER_ROOT;32994;12;;;;;33010;19;;;;;33002.0;0.0
20;700;ASH_COATED_OSMIUM;10003;12;10002;13;;;10019;21;10020;28;;;10011.0;0.0
20;700;INTARIAN_PEPPER_ROOT;32993;12;32991;9;;;33004;8;33007;11;;;32999.0;0.0
20;800;ASH_COATED_OSMIUM;10004;25;;;;;10020;14;;;;;10012.0;0.0
20;800;INTARIAN_PEPPER_ROOT;32994;8;32992;12;;;33006;11;33009;12;;;33000.5;0.0
20;900;ASH_COATED_OSMIUM;10003;13;;;;;10021;15;;;;;10012.0;0.0
20;900;INTARIAN_PEPPER_ROOT;32994;8;32993;11;32990;20;33011;11;33013;12;33015;21;33002.5;0.0
20;1000;ASH_COATED_OSMIUM;9997;15;;;;;10016;15;;;;;10007.0;0.0
20;1000;INTARIAN_PEPPER_ROOT;32992;12;32989;10;;;33005;9;33007;9;;;32998.5;0.0
20;1100;ASH_COATED_OSMIUM;10000;15;;;;;10016;11;;;;;10008.0;0.0
20;1100;INTARIAN_PEPPER_ROOT;32993;12;;;;;33004;15;;;;;32999.0;0.0
20;1200;ASH_COATED_OSMIUM;9992;12;9989;12;9987;3;10008;13;10009;13;10012;10;10000.5;0.0
20;1200;INTARIAN_PEPPER_ROOT;32994;15;32993;11;32992;10;33006;8;33007;21;33009;11;33000.5;0.0
20;1300;ASH_COATED_OSMIUM;9988;21;9987;23;;;10009;12;10012;14;;;9999.0;0.0
20;1300;INTARIAN_PEPPER_ROOT;32994;8;32992;21;32990;16;33006;10;33007;24;33008;8;33000.5;0.0
20;1400;ASH_COATED_OSMIUM;9986;11;9984;11;9981;11;10002;13;10004;10;10005;21;9994.0;0.0
20;1400;INTARIAN_PEPPER_ROOT;32994;12;32992;10;32990;10;33007;10;33009;5;33011;8;33000.5;0.0
20;1500;ASH_COATED_OSMIUM;9995;10;9994;14;;;10013;13;10015;10;;;10004.0;0.0
20;1500;INTARIAN_PEPPER_ROOT;32993;9;;;;;33007;11;;;;;33000.0;0.0
20;1600;ASH_COATED_OSMIUM;9995;14;9992;15;;;10011;12;10014;14;;;10003.0;0.0
20;1600;INTARIAN_PEPPER_ROOT;33000;12;32999;10;;;33013;10;33015;8;;;33007.0;0.0
20;1700;ASH_COATED_OSMIUM;9985;15;9984;11;9981;12;10003;15;10004;14;10005;21;9994.5;0.0
20;1700;INTARIAN_PEPPER_ROOT;32998;25;32995;11;;;33012;8;33015;9;;;33005.5;0.0
20;1800;ASH_COATED_OSMIUM;9987;14;9985;13;;;10003;11;10005;12;;;9995.5;0.0
20;1800;INTARIAN_PEPPER_ROOT;32993;11;;;;;33004;10;;;;;32999.0;0.0
20;1900;ASH_COATED_OSMIUM;9988;13;9985;14;;;10004;15;10007;3;;;9996.5;0.0
20;1900;INTARIAN_PEPPER_ROOT;32995;17;32994;9;;;33010;12;33011;11;;;33002.5;0.0
20;2000;ASH_COATED_OSMIUM;9996;12;;;;;10012;12;;;;;10004.0;0.0
20;2000;INTARIAN_PEPPER_ROOT;32995;9;;;;;33011;12;;;;;33003.0;0.0
20;2100;ASH_COATED_OSMIUM;9998;25;;;;;10014;15;;;;;10006.5;0.0
20;2100;INTARIAN_PEPPER_ROOT;32997;10;32996;9;32995;9;33009;12;33012;9;33014;8;33003.0;0.0
20;2200;ASH_COATED_OSMIUM;9998;11;9995;30;;;10010;26;10011;11;;;10004.5;0.0
20;2200;INTARIAN_PEPPER_ROOT;32992;19;32990;9;;;33009;12;33010;10;;;33001.0;0.0
20;2300;ASH_COATED_OSMIUM;9993;12;9991;14;9990;15;10012;11;10015;12;10018;5;10002.5;0.0
20;2300;INTARIAN_PEPPER_ROOT;32991;12;;;;;33004;11;;;;;32997.5;0.0
20;2400;ASH_COATED_OSMIUM;10003;22;10002;10;;;10019;12;10022;15;;;10011.0;0.0
20;2400;INTARIAN_PEPPER_ROOT;32998;12;32996;12;32995;12;33009;8;33012;9;33015;9;33003.5;0.0
20;2500;ASH_COATED_OSMIUM;10004;13;10002;10;9999;5;10025;15;10026;12;10028;13;10015.0;0.0
20;2500;INTARIAN_PEPPER_ROOT;32993;12;32990;11;;;33005;10;33007;10;;;32999.0;0.0
20;2600;ASH_COATED_OSMIUM;10002;15;10001;14;10000;12;10018;14;10019;12;10022;14;10010.5;0.0
20;2600;INTARIAN_PEPPER_ROOT;32997;12;32996;17;;;33011;11;33012;9;;;33004.5;0.0
20;2700;ASH_COATED_OSMIUM;10004;11;;;;;10020;10;;;;;10012.5;0.0
20;2700;INTARIAN_PEPPER_ROOT;32997;8;32996;11;;;33008;10;33009;21;;;33003.0;0.0
20;2800;ASH_COATED_OSMIUM;10003;12;;;;;10013;11;;;;;10008.0;0.0
20;2800;INTARIAN_PEPPER_ROOT;32998;8;32995;8;;;33010;8;33013;12;;;33004.5;0.0
20;2900;ASH_COATED_OSMIUM;9999;21;9997;2;;;10015;30;10016;13;;;10007.5;0.0
20;2900;INTARIAN_PEPPER_ROOT;32995;4;32993;11;32991;12;33008;12;33011;12;33014;12;33001.5;0.0
20;3000;ASH_COATED_OSMIUM;10002;10;9999;14;;;10018;12;10021;14;;;10010.5;0.0
20;3000;INTARIAN_PEPPER_ROOT;32998;12;32995;8;;;33009;10;33011;20;;;33003.5;0.0
20;3100;ASH_COATED_OSMIUM;9997;10;;;;;10016;14;;;;;10007.0;0.0
20;3100;INTARIAN_PEPPER_ROOT;32999;12;32998;12;32995;11;33011;9;33014;10;33016;24;33005.0;0.0
20;3200;ASH_COATED_OSMIUM;10002;10;9999;12;;;10018;15;10019;10;;;10010.5;0.0
20;3200;INTARIAN_PEPPER_ROOT;32999;18;32998;9;;;33013;10;33016;11;;;33006.0;0.0
20;3300;ASH_COATED_OSMIUM;10007;10;;;;;10023;10;;;;;10015.5;0.0
20;3300;INTARIAN_PEPPER_ROOT;32998;5;;;;;33011;8;;;;;33005.0;0.0
20;3400;ASH_COATED_OSMIUM;10002;10;10001;11;;;10018;15;10021;14;;;10010.5;0.0
20;3400;INTARIAN_PEPPER_ROOT;32996;11;32993;11;32992;8;33011;9;33013;10;33015;12;33003.5;0.0
20;3500;ASH_COATED_OSMIUM;9998;12;9995;14;9992;15;10014;15;10015;14;10016;14;10006.0;0.0
20;3500;INTARIAN_PEPPER_ROOT;32993;11;32990;9;;;33004;12;33006;8;;;32999.0;0.0
20;3600;ASH_COATED_OSMIUM;9995;10;9994;21;;;10011;10;10012;15;;;10003.0;0.0
20;3600;INTARIAN_PEPPER_ROOT;32992;18;;;;;33006;8;;;;;32999.5;0.0
20;3700;ASH_COATED_OSMIUM;9992;24;9991;12;9988;11;10008;12;10011;14;10014;11;10000.0;0.0
20;3700;INTARIAN_PEPPER_ROOT;33000;11;32997;10;32996;8;33013;12;33015;12;33016;12;33006.5;0.0
20;3800;ASH_COATED_OSMIUM;9990;15;9989;12;9988;14;10009;15;10012;11;10014;12;9999.5;0.0
20;3800;INTARIAN_PEPPER_ROOT;32997;8;32995;11;32994;12;33013;9;33015;9;33016;11;33005.5;0.0
20;3900;ASH_COATED_OSMIUM;9991;10;;;;;10009;11;;;;;10000.5;0.0
20;3900;INTARIAN_PEPPER_ROOT;32995;11;32994;8;32993;11;33009;8;33012;9;33014;10;33002.5;0.0
20;4000;ASH_COATED_OSMIUM;9994;21;;;;;10010;13;;;;;10002.5;0.0
20;4000;INTARIAN_PEPPER_ROOT;32997;8;32995;8;;;33008;8;33009;12;;;33002.5;0.0
20;4100;ASH_COATED_OSMIUM;9999;26;;;;;10017;14;;;;;10008.0;0.0
20;4100;INTARIAN_PEPPER_ROOT;32996;8;32994;12;;;33013;12;33016;18;;;33004.5;0.0
20;4200;ASH_COATED_OSMIUM;9999;29;9998;13;;;10015;15;10016;12;;;10007.5;0.0
20;4200;INTARIAN_PEPPER_ROOT;33000;10;32997;11;;;33013;9;33016;12;;;33006.5;0.0
20;4300;ASH_COATED_OSMIUM;9995;15;9994;12;;;10011;26;10013;14;;;10003.0;0.0
20;4300;INTARIAN_PEPPER_ROOT;33003;10;33002;12;33001;8;33015;12;33017;8;33018;8;33009.0;0.0
20;4400;ASH_COATED_OSMIUM;9992;15;9989;12;9988;15;10008;14;10011;14;10013;14;10000.0;0.0
20;4400;INTARIAN_PEPPER_ROOT;32996;8;32995;11;;;33008;9;33009;9;;;33002.5;0.0
20;4500;ASH_COATED_OSMIUM;9987;10;9986;10;9984;11;10003;12;10006;26;10008;10;9995.5;0.0
20;4500;INTARIAN_PEPPER_ROOT;32997;17;;;;;33010;12;;;;;33003.5;0.0
20;4600;ASH_COATED_OSMIUM;9984;11;9983;14;;;10000;11;10002;13;;;9992.5;0.0
20;4600;INTARIAN_PEPPER_ROOT;32996;11;32995;8;;;33010;12;33012;10;;;33003.0;0.0
20;4700;ASH_COATED_OSMIUM;9989;11;;;;;10005;13;;;;;9997.0;0.0
20;4700;INTARIAN_PEPPER_ROOT;32999;12;32997;12;32996;11;33012;25;33013;11;33016;10;33006.0;0.0
20;4800;ASH_COATED_OSMIUM;9991;28;9988;10;;;10007;12;10010;13;;;9999.0;0.0
20;4800;INTARIAN_PEPPER_ROOT;32998;6;32997;9;;;33008;8;33011;12;;;33003.5;0.0
20;4900;ASH_COATED_OSMIUM;9991;14;9988;12;;;10010;15;10011;15;;;10001.0;0.0
20;4900;INTARIAN_PEPPER_ROOT;33002;8;33001;8;32999;11;33013;24;33016;12;33018;9;33007.5;0.0
20;5000;ASH_COATED_OSMIUM;9990;13;9987;14;;;10009;13;10011;4;;;10000.0;0.0
20;5000;INTARIAN_PEPPER_ROOT;32995;8;;;;;33009;9;;;;;33002.5;0.0
20;5100;ASH_COATED_OSMIUM;9996;15;9995;28;;;10012;27;10014;10;;;10004.0;0.0
20;5100;INTARIAN_PEPPER_ROOT;33002;12;33001;11;;;33013;20;33015;8;;;33008.0;0.0
20;5200;ASH_COATED_OSMIUM;9999;11;9998;5;;;10017;11;10019;12;;;10008.5;0.0
20;5200;INTARIAN_PEPPER_ROOT;32996;11;32993;12;32992;15;33008;17;33010;8;33012;8;33002.0;0.0
20;5300;ASH_COATED_OSMIUM;10003;14;10000;11;9997;27;10021;12;10023;11;10026;27;10012.5;0.0
20;5300;INTARIAN_PEPPER_ROOT;33000;8;32998;8;;;33012;11;33013;15;;;33006.0;0.0
20;5400;ASH_COATED_OSMIUM;10007;15;;;;;10023;10;;;;;10015.5;0.0
20;5400;INTARIAN_PEPPER_ROOT;33004;10;33002;19;33001;7;33015;12;33018;11;33021;11;33010.0;0.0
20;5500;ASH_COATED_OSMIUM;10004;26;10003;15;;;10020;13;10022;14;;;10012.5;0.0
20;5500;INTARIAN_PEPPER_ROOT;32993;16;;;;;33006;23;;;;;33000.0;0.0
20;5600;ASH_COATED_OSMIUM;10004;12;10002;10;9999;11;10012;13;10013;12;10014;14;10008.5;0.0
20;5600;INTARIAN_PEPPER_ROOT;33001;8;;;;;33014;10;;;;;33007.5;0.0
20;5700;ASH_COATED_OSMIUM;9998;26;9996;13;9994;15;10014;14;10017;10;10019;27;10006.5;0.0
20;5700;INTARIAN_PEPPER_ROOT;32999;11;;;;;33014;7;;;;;33006.5;0.0
20;5800;ASH_COATED_OSMIUM;9994;14;9993;15;;;10012;13;10014;13;;;10003.0;0.0
20;5800;INTARIAN_PEPPER_ROOT;33004;10;33003;8;33002;12;33016;11;33017;10;33019;10;33010.0;0.0
20;5900;ASH_COATED_OSMIUM;9996;11;9994;15;;;10012;11;10013;15;;;10004.0;0.0
20;5900;INTARIAN_PEPPER_ROOT;33003;11;33001;8;;;33015;9;33018;12;;;33009.0;0.0
20;6000;ASH_COATED_OSMIUM;9986;10;9983;21;;;9995;25;9996;10;;;9990.5;0.0
20;6000;INTARIAN_PEPPER_ROOT;33000;22;32997;8;;;33013;12;33015;11;;;33007.0;0.0
20;6100;ASH_COATED_OSMIUM;9982;23;9980;13;9978;21;9998;11;10001;15;10004;10;9990.0;0.0
20;6100;INTARIAN_PEPPER_ROOT;33003;8;;;;;33016;17;;;;;33010.0;0.0
20;6200;ASH_COATED_OSMIUM;9981;14;9980;11;9977;10;9999;13;10000;15;10002;13;9990.5;0.0
20;6200;INTARIAN_PEPPER_ROOT;32996;10;;;;;33012;12;;;;;33004.0;0.0
20;6300;ASH_COATED_OSMIUM;9981;15;9980;11;;;9997;15;9998;11;;;9989.5;0.0
20;6300;INTARIAN_PEPPER_ROOT;33000;8;32997;10;;;33012;11;33013;9;;;33006.0;0.0
20;6400;ASH_COATED_OSMIUM;9995;22;;;;;10011;13;;;;;10003.0;0.0
20;6400;INTARIAN_PEPPER_ROOT;33001;8;32999;10;32997;15;33014;7;33017;9;33019;8;33008.0;0.0
20;6500;ASH_COATED_OSMIUM;9991;10;9990;14;;;10007;12;10009;12;;;9999.5;0.0
20;6500;INTARIAN_PEPPER_ROOT;32997;11;;;;;33009;9;;;;;33003.0;0.0
20;6600;ASH_COATED_OSMIUM;9995;24;9992;15;;;10011;23;10013;22;;;10003.0;0.0
20;6600;INTARIAN_PEPPER_ROOT;33004;19;33003;12;33000;8;33017;12;33018;25;33021;12;33011.0;0.0
20;6700;ASH_COATED_OSMIUM;9996;13;;;;;10012;10;;;;;10004.0;0.0
20;6700;INTARIAN_PEPPER_ROOT;33000;21;32998;11;;;33016;11;33018;9;;;33008.5;0.0
20;6800;ASH_COATED_OSMIUM;9997;5;9996;12;;;10013;14;10016;13;;;10005.5;0.0
20;6800;INTARIAN_PEPPER_ROOT;33003;10;33001;18;;;33015;11;33016;11;;;33009.0;0.0
20;6900;ASH_COATED_OSMIUM;10007;13;10006;13;;;10017;20;10019;13;;;10012.5;0.0
20;6900;INTARIAN_PEPPER_ROOT;32998;15;32997;11;;;33014;8;33017;10;;;33006.0;0.0
20;7000;ASH_COATED_OSMIUM;10002;3;10001;22;;;10018;10;10020;14;;;10010.5;0.0
20;7000;INTARIAN_PEPPER_ROOT;33005;11;33003;8;33001;10;33008;22;33010;8;33011;11;33006.5;0.0
20;7100;ASH_COATED_OSMIUM;10002;24;;;;;10020;12;;;;;10011.5;0.0
20;7100;INTARIAN_PEPPER_ROOT;33000;16;32997;10;32996;8;33014;12;33015;10;33018;11;33007.0;0.0
20;7200;ASH_COATED_OSMIUM;10000;27;9997;10;9996;14;10019;11;10020;21;10022;21;10009.5;0.0
20;7200;INTARIAN_PEPPER_ROOT;33003;9;;;;;33020;9;;;;;33011.5;0.0
20;7300;ASH_COATED_OSMIUM;9994;13;9991;28;9989;14;10013;12;10014;11;10015;24;10004.0;0.0
20;7300;INTARIAN_PEPPER_ROOT;33000;25;32997;11;32995;9;33014;12;33017;19;33018;10;33007.0;0.0
20;7400;ASH_COATED_OSMIUM;10000;13;9998;12;;;10016;4;10019;14;;;10008.5;0.0
20;7400;INTARIAN_PEPPER_ROOT;33001;11;33000;12;32998;8;33016;10;33019;16;33020;8;33009.0;0.0
20;7500;ASH_COATED_OSMIUM;10004;22;10001;13;9998;24;10020;12;10021;14;10024;12;10012.5;0.0
20;7500;INTARIAN_PEPPER_ROOT;33001;12;32999;8;;;33017;12;33019;11;;;33009.5;0.0
20;7600;ASH_COATED_OSMIUM;9996;24;;;;;10015;29;;;;;10005.5;0.0
20;7600;INTARIAN_PEPPER_ROOT;33002;8;33000;8;;;33017;9;33019;25;;;33010.0;0.0
20;7700;ASH_COATED_OSMIUM;9994;11;9993;2;;;10010;15;10012;13;;;10002.5;0.0
20;7700;INTARIAN_PEPPER_ROOT;33004;9;33003;9;;;33008;21;33009;24;;;33006.0;0.0
20;7800;ASH_COATED_OSMIUM;9990;14;;;;;10009;25;;;;;9999.5;0.0
20;7800;INTARIAN_PEPPER_ROOT;33006;9;33004;12;;;33021;12;33023;11;;;33014.0;0.0
20;7900;ASH_COATED_OSMIUM;9990;14;9987;10;9984;15;10006;5;10008;15;10010;10;9998.0;0.0
20;7900;INTARIAN_PEPPER_ROOT;33007;9;33005;11;;;33020;11;33023;12;;;33013.5;0.0
20;8000;ASH_COATED_OSMIUM;9986;14;9985;15;;;10005;15;10008;13;;;9996.0;0.0
20;8000;INTARIAN_PEPPER_ROOT;33000;8;32998;11;32997;11;33013;9;33016;8;33019;12;33007.0;0.0
20;8100;ASH_COATED_OSMIUM;9985;15;9983;29;9980;11;10001;12;10003;14;10005;11;9993.0;0.0
20;8100;INTARIAN_PEPPER_ROOT;33000;11;;;;;33014;9;;;;;33007.5;0.0
20;8200;ASH_COATED_OSMIUM;9988;24;9987;25;9985;12;9998;12;9999;14;10002;11;9993.0;0.0
20;8200;INTARIAN_PEPPER_ROOT;32998;9;;;;;33010;11;;;;;33004.5;0.0
20;8300;ASH_COATED_OSMIUM;9985;14;9983;15;;;10001;29;10002;10;;;9993.5;0.0
20;8300;INTARIAN_PEPPER_ROOT;33002;22;33000;10;32998;10;33014;10;33016;10;33017;9;33008.5;0.0
20;8400;ASH_COATED_OSMIUM;9987;24;9986;15;;;10003;12;10005;23;;;9995.0;0.0
20;8400;INTARIAN_PEPPER_ROOT;33000;24;32998;10;32995;8;33017;9;33018;8;33021;8;33008.5;0.0
20;8500;ASH_COATED_OSMIUM;9993;11;9991;5;9988;10;10009;4;10012;11;10015;11;10001.5;0.0
20;8500;INTARIAN_PEPPER_ROOT;33000;9;;;;;33016;9;;;;;33008.0;0.0
20;8600;ASH_COATED_OSMIUM;9989;13;9988;13;;;10005;14;10008;11;;;9997.5;0.0
20;8600;INTARIAN_PEPPER_ROOT;32999;11;32998;9;;;33015;9;33017;8;;;33007.0;0.0
20;8700;ASH_COATED_OSMIUM;9988;12;9985;15;;;10004;14;10007;11;;;9996.5;0.0
20;8700;INTARIAN_PEPPER_ROOT;33006;8;33003;11;;;33009;10;33010;10;;;33008.0;0.0
20;8800;ASH_COATED_OSMIUM;9983;10;9981;13;9978;13;9999;12;10001;15;10002;13;9991.0;0.0
20;8800;INTARIAN_PEPPER_ROOT;33007;8;33004;8;;;33019;4;33021;10;;;33013.0;0.0
20;8900;ASH_COATED_OSMIUM;9987;10;;;;;10005;14;;;;;9996.0;0.0
20;8900;INTARIAN_PEPPER_ROOT;33004;8;33001;10;;;33018;11;33019;9;;;33011.0;0.0
20;9000;ASH_COATED_OSMIUM;9989;12;;;;;10005;12;;;;;9997.0;0.0
20;9000;INTARIAN_PEPPER_ROOT;32997;9;32996;12;;;33013;8;33014;11;;;33005.5;0.0
20;9100;ASH_COATED_OSMIUM;9985;11;9984;27;;;10003;13;10005;12;;;9994.5;0.0
20;9100;INTARIAN_PEPPER_ROOT;33001;9;33000;8;32999;9;33017;11;33018;25;33019;12;33009.0;0.0
20;9200;ASH_COATED_OSMIUM;9988;12;9985;29;;;10004;13;10005;30;;;9996.5;0.0
20;9200;INTARIAN_PEPPER_ROOT;33002;9;32999;10;32998;8;33017;11;33018;12;33019;12;33010.0;0.0
20;9300;ASH_COATED_OSMIUM;9989;30;;;;;10005;11;;;;;9997.5;0.0
20;9300;INTARIAN_PEPPER_ROOT;33007;8;;;;;33018;9;;;;;33012.5;0.0
20;9400;ASH_COATED_OSMIUM;9989;13;9988;11;;;10005;12;10008;10;;;9997.5;0.0
20;9400;INTARIAN_PEPPER_ROOT;33002;12;;;;;33019;11;;;;;33010.5;0.0
20;9500;ASH_COATED_OSMIUM;9992;12;9991;26;9989;13;10008;12;10010;21;10011;11;10000.5;0.0
20;9500;INTARIAN_PEPPER_ROOT;32998;12;;;;;33013;8;;;;;33006.0;0.0
20;9600;ASH_COATED_OSMIUM;9988;3;9987;14;;;10006;12;10009;11;;;9997.5;0.0
20;9600;INTARIAN_PEPPER_ROOT;33007;9;33004;8;;;33018;9;33019;11;;;33012.5;0.0
20;9700;ASH_COATED_OSMIUM;9990;15;;;;;10006;15;;;;;9998.5;0.0
20;9700;INTARIAN_PEPPER_ROOT;33003;9;33000;11;;;33016;10;33019;12;;;33009.5;0.0
20;9800;ASH_COATED_OSMIUM;9994;10;9991;10;;;10004;14;10006;26;;;9999.5;0.0
20;9800;INTARIAN_PEPPER_ROOT;33005;10;33003;8;;;33017;18;33019;10;;;33011.5;0.0
20;9900;ASH_COATED_OSMIUM;9987;15;9986;10;9985;11;10003;13;10004;14;10007;3;9995.5;0.0
20;9900;INTARIAN_PEPPER_ROOT;33000;8;;;;;33017;12;;;;;33009.0;0.0
20;10000;ASH_COATED_OSMIUM;9986;11;9983;11;;;10004;15;10006;13;;;9995.0;0.0
20;10000;INTARIAN_PEPPER_ROOT;33004;12;;;;;33016;11;;;;;33010.0;0.0
20;10100;ASH_COATED_OSMIUM;9985;29;9983;11;;;10001;13;10003;27;;;9993.5;0.0
20;10100;INTARIAN_PEPPER_ROOT;33006;20;33003;11;;;33019;12;33020;10;;;33012.5;0.0
20;10200;ASH_COATED_OSMIUM;9992;14;9991;20;;;10008;30;10010;15;;;10000.5;0.0
20;10200;INTARIAN_PEPPER_ROOT;33005;10;33002;7;32999;12;33019;11;33020;8;33021;9;33012.5;0.0
20;10300;ASH_COATED_OSMIUM;9993;12;9992;12;;;10012;13;10014;15;;;10003.0;0.0
20;10300;INTARIAN_PEPPER_ROOT;33009;20;;;;;33021;24;;;;;33015.5;0.0
20;10400;ASH_COATED_OSMIUM;9994;13;9991;23;9990;11;10010;11;10012;12;10015;11;10002.5;0.0
20;10400;INTARIAN_PEPPER_ROOT;33007;17;33006;11;;;33020;11;33023;10;;;33014.0;0.0
20;10500;ASH_COATED_OSMIUM;9997;12;9994;11;9991;10;10016;20;10017;12;10020;3;10006.5;0.0
20;10500;INTARIAN_PEPPER_ROOT;33000;11;32998;11;32997;8;33016;10;33018;8;33020;11;33008.5;0.0
20;10600;ASH_COATED_OSMIUM;9998;25;;;;;10014;15;;;;;10006.0;0.0
20;10600;INTARIAN_PEPPER_ROOT;33008;11;33006;12;33004;9;33021;10;33024;10;33027;10;33014.5;0.0
20;10700;ASH_COATED_OSMIUM;9995;11;9992;14;9989;14;10011;28;10012;10;10014;14;10003.0;0.0
20;10700;INTARIAN_PEPPER_ROOT;33005;10;33004;8;;;33015;8;33016;17;;;33010.0;0.0
20;10800;ASH_COATED_OSMIUM;9991;12;;;;;10007;23;;;;;9999.5;0.0
20;10800;INTARIAN_PEPPER_ROOT;33006;9;33004;12;33002;12;33018;12;33019;9;33020;20;33012.0;0.0
20;10900;ASH_COATED_OSMIUM;9992;15;;;;;10003;23;;;;;9997.5;0.0
20;10900;INTARIAN_PEPPER_ROOT;33000;8;32997;9;;;33012;10;33015;10;;;33006.5;0.0
20;11000;ASH_COATED_OSMIUM;9984;11;;;;;10002;14;;;;;9993.5;0.0
20;11000;INTARIAN_PEPPER_ROOT;33001;12;;;;;33015;11;;;;;33008.5;0.0
20;11100;ASH_COATED_OSMIUM;9989;14;9986;10;;;10005;15;10007;14;;;9997.0;0.0
20;11100;INTARIAN_PEPPER_ROOT;33004;20;;;;;33017;8;;;;;33011.0;0.0
20;11200;ASH_COATED_OSMIUM;9987;11;9985;14;;;10003;12;10006;13;;;9995.0;0.0
20;11200;INTARIAN_PEPPER_ROOT;33003;8;;;;;33015;17;;;;;33009.5;0.0
20;11300;ASH_COATED_OSMIUM;9988;10;9985;15;9984;13;9998;21;10000;9;10002;28;9993.5;0.0
20;11300;INTARIAN_PEPPER_ROOT;33001;18;;;;;33015;10;;;;;33008.5;0.0
20;11400;ASH_COATED_OSMIUM;9988;14;9987;3;;;10004;15;10007;10;;;9996.5;0.0
20;11400;INTARIAN_PEPPER_ROOT;33002;8;;;;;33015;11;;;;;33009.0;0.0
20;11500;ASH_COATED_OSMIUM;9995;14;9992;10;;;10005;10;10008;12;;;10000.5;0.0
20;11500;INTARIAN_PEPPER_ROOT;33006;9;;;;;33019;8;;;;;33012.5;0.0
20;11600;ASH_COATED_OSMIUM;9989;29;;;;;10005;15;;;;;9997.5;0.0
20;11600;INTARIAN_PEPPER_ROOT;33003;23;;;;;33020;9;;;;;33011.5;0.0
20;11700;ASH_COATED_OSMIUM;9993;15;9990;15;9988;20;10009;20;10010;14;10013;10;10001.5;0.0
20;11700;INTARIAN_PEPPER_ROOT;33006;12;33004;10;33002;8;33021;11;33023;9;33026;11;33014.0;0.0
20;11800;ASH_COATED_OSMIUM;9996;3;;;;;10012;14;;;;;10004.5;0.0
20;11800;INTARIAN_PEPPER_ROOT;33007;10;33006;9;;;33019;10;33020;9;;;33013.0;0.0
20;11900;ASH_COATED_OSMIUM;10001;11;9998;12;9995;13;10006;30;10007;28;10009;15;10004.0;0.0
20;11900;INTARIAN_PEPPER_ROOT;33006;10;33004;9;33001;3;33020;11;33023;18;33024;11;33013.0;0.0
20;12000;ASH_COATED_OSMIUM;9999;11;9997;4;;;10010;12;10013;11;;;10004.5;0.0
20;12000;INTARIAN_PEPPER_ROOT;33005;9;;;;;33017;9;;;;;33011.5;0.0
20;12100;ASH_COATED_OSMIUM;9996;27;9994;13;9993;10;10012;13;10015;13;10018;27;10004.5;0.0
20;12100;INTARIAN_PEPPER_ROOT;33005;11;;;;;33019;22;;;;;33012.0;0.0
20;12200;ASH_COATED_OSMIUM;9991;14;9989;14;;;10007;10;10008;13;;;9999.0;0.0
20;12200;INTARIAN_PEPPER_ROOT;33007;12;;;;;33013;12;;;;;33010.5;0.0
20;12300;ASH_COATED_OSMIUM;9990;10;;;;;10006;5;;;;;9998.0;0.0
20;12300;INTARIAN_PEPPER_ROOT;33002;8;33001;24;;;33017;9;33019;10;;;33009.5;0.0
20;12400;ASH_COATED_OSMIUM;9990;10;;;;;10006;14;;;;;9998.0;0.0
20;12400;INTARIAN_PEPPER_ROOT;33010;22;33008;19;33005;11;33022;17;33023;11;33025;19;33016.5;0.0
20;12500;ASH_COATED_OSMIUM;9986;11;9983;15;9980;24;10002;13;10004;14;10006;12;9994.5;0.0
20;12500;INTARIAN_PEPPER_ROOT;33003;12;33000;23;;;33017;12;33020;21;;;33010.0;0.0
20;12600;ASH_COATED_OSMIUM;9984;14;;;;;10002;23;;;;;9993.5;0.0
20;12600;INTARIAN_PEPPER_ROOT;33003;15;33002;8;;;33016;20;33018;12;;;33009.5;0.0
20;12700;ASH_COATED_OSMIUM;9986;4;;;;;10002;15;;;;;9994.5;0.0
20;12700;INTARIAN_PEPPER_ROOT;33005;19;33004;15;33002;25;33017;10;33018;12;33020;11;33011.5;0.0
20;12800;ASH_COATED_OSMIUM;9990;11;9988;12;;;10008;10;10009;15;;;9999.5;0.0
20;12800;INTARIAN_PEPPER_ROOT;33005;12;33002;8;;;33017;22;33020;8;;;33011.0;0.0
20;12900;ASH_COATED_OSMIUM;9993;11;;;;;10009;26;;;;;10001.0;0.0
20;12900;INTARIAN_PEPPER_ROOT;33012;12;;;;;33021;12;;;;;33016.5;0.0
20;13000;ASH_COATED_OSMIUM;9986;14;9983;10;;;10004;13;10006;12;;;9995.5;0.0
20;13000;INTARIAN_PEPPER_ROOT;33005;9;33003;8;33001;10;33020;10;33023;8;33026;12;33012.5;0.0
20;13100;ASH_COATED_OSMIUM;9990;13;9989;13;;;10006;15;10007;26;;;9998.5;0.0
20;13100;INTARIAN_PEPPER_ROOT;33006;21;;;;;33018;11;;;;;33012.0;0.0
20;13200;ASH_COATED_OSMIUM;9986;14;9984;13;9981;14;10002;13;10004;12;10006;13;9994.5;0.0
20;13200;INTARIAN_PEPPER_ROOT;33010;9;33007;12;33004;11;33021;9;33023;12;33026;11;33016.0;0.0
20;13300;ASH_COATED_OSMIUM;9988;15;9985;15;9982;11;9999;11;10000;10;10002;13;9993.5;0.0
20;13300;INTARIAN_PEPPER_ROOT;33002;9;;;;;33013;17;;;;;33007.5;0.0
20;13400;ASH_COATED_OSMIUM;9983;11;9982;11;9980;11;9999;15;10000;12;10001;13;9991.5;0.0
20;13400;INTARIAN_PEPPER_ROOT;33005;11;33002;12;33001;12;33018;11;33020;16;33023;10;33012.0;0.0
20;13500;ASH_COATED_OSMIUM;9989;10;9987;13;;;9999;11;10000;15;;;9994.0;0.0
20;13500;INTARIAN_PEPPER_ROOT;33003;11;33000;10;;;33019;11;33020;10;;;33011.0;0.0
20;13600;ASH_COATED_OSMIUM;9988;21;9986;13;9983;14;9998;12;9999;15;10001;13;9993.0;0.0
20;13600;INTARIAN_PEPPER_ROOT;33005;9;;;;;33016;9;;;;;33010.5;0.0
20;13700;ASH_COATED_OSMIUM;9989;12;9987;11;;;10002;12;10005;15;;;9995.5;0.0
20;13700;INTARIAN_PEPPER_ROOT;33002;12;32999;11;32996;22;33014;11;33017;19;33020;8;33008.5;0.0
20;13800;ASH_COATED_OSMIUM;9985;12;;;;;10001;11;;;;;9993.5;0.0
20;13800;INTARIAN_PEPPER_ROOT;33008;10;;;;;33020;12;;;;;33014.0;0.0
20;13900;ASH_COATED_OSMIUM;9984;30;9982;10;;;10002;29;10003;13;;;9993.0;0.0
20;13900;INTARIAN_PEPPER_ROOT;33007;12;33005;11;;;33023;21;33025;6;;;33015.5;0.0
20;14000;ASH_COATED_OSMIUM;9988;27;;;;;10004;24;;;;;9996.0;0.0
20;14000;INTARIAN_PEPPER_ROOT;33011;22;33008;11;;;33025;12;33028;10;;;33018.0;0.0
20;14100;ASH_COATED_OSMIUM;9985;13;9982;15;;;10001;10;10002;10;;;9993.5;0.0
20;14100;INTARIAN_PEPPER_ROOT;33007;11;33004;8;;;33019;10;33022;11;;;33013.0;0.0
20;14200;ASH_COATED_OSMIUM;9990;26;;;;;10006;24;;;;;9998.0;0.0
20;14200;INTARIAN_PEPPER_ROOT;33006;9;33005;3;;;33017;10;33019;8;;;33012.0;0.0
20;14300;ASH_COATED_OSMIUM;9995;10;9992;13;;;10011;14;10013;11;;;10003.0;0.0
20;14300;INTARIAN_PEPPER_ROOT;33009;11;;;;;33023;8;;;;;33016.5;0.0
20;14400;ASH_COATED_OSMIUM;9995;10;9994;10;;;10011;15;10012;12;;;10003.5;0.0
20;14400;INTARIAN_PEPPER_ROOT;33011;6;33010;9;;;33021;9;33024;8;;;33016.5;0.0
20;14500;ASH_COATED_OSMIUM;9988;11;;;;;10004;12;;;;;9996.5;0.0
20;14500;INTARIAN_PEPPER_ROOT;33009;8;;;;;33026;10;;;;;33017.5;0.0
20;14600;ASH_COATED_OSMIUM;9990;12;;;;;10006;14;;;;;9998.5;0.0
20;14600;INTARIAN_PEPPER_ROOT;33009;20;33007;10;;;33026;9;33029;19;;;33017.5;0.0
20;14700;ASH_COATED_OSMIUM;9986;11;9985;15;;;10004;12;10005;12;;;9995.5;0.0
20;14700;INTARIAN_PEPPER_ROOT;33014;12;33012;10;;;33025;9;33027;24;;;33019.5;0.0
20;14800;ASH_COATED_OSMIUM;9985;14;;;;;10001;13;;;;;9993.0;0.0
20;14800;INTARIAN_PEPPER_ROOT;33008;11;33007;8;;;33017;9;33020;10;;;33013.0;0.0
20;14900;ASH_COATED_OSMIUM;9981;28;9980;13;;;9999;13;10002;10;;;9990.5;0.0
20;14900;INTARIAN_PEPPER_ROOT;33012;11;33011;11;;;33026;8;33028;9;;;33019.0;0.0
20;15000;ASH_COATED_OSMIUM;9988;29;9987;15;;;10004;12;10006;14;;;9996.5;0.0
20;15000;INTARIAN_PEPPER_ROOT;33008;12;33007;12;33006;8;33020;9;33022;22;33025;25;33014.0;0.0
20;15100;ASH_COATED_OSMIUM;9993;11;9991;15;;;10009;13;10011;14;;;10001.0;0.0
20;15100;INTARIAN_PEPPER_ROOT;33008;10;33006;11;33003;11;33022;8;33025;10;33026;10;33015.5;0.0
20;15200;ASH_COATED_OSMIUM;9990;14;9989;11;;;10006;28;10009;24;;;9998.0;0.0
20;15200;INTARIAN_PEPPER_ROOT;33008;12;33005;10;;;33021;12;33023;11;;;33015.0;0.0
20;15300;ASH_COATED_OSMIUM;9990;13;9989;12;;;10006;15;10009;13;;;9998.5;0.0
20;15300;INTARIAN_PEPPER_ROOT;33011;10;33008;11;33007;9;33018;10;33021;19;33024;10;33015.0;0.0
20;15400;ASH_COATED_OSMIUM;9992;13;9990;13;;;10009;13;10012;11;;;10000.5;0.0
20;15400;INTARIAN_PEPPER_ROOT;33007;12;33006;10;;;33023;11;33024;19;;;33015.0;0.0
20;15500;ASH_COATED_OSMIUM;9994;15;9993;14;;;10012;27;10013;5;;;10003.0;0.0
20;15500;INTARIAN_PEPPER_ROOT;33008;12;33007;10;;;33021;19;33024;18;;;33014.5;0.0
20;15600;ASH_COATED_OSMIUM;9992;14;9991;15;;;10008;11;10011;23;;;10000.0;0.0
20;15600;INTARIAN_PEPPER_ROOT;33015;12;33014;12;33012;11;33026;12;33028;19;33029;11;33020.5;0.0
20;15700;ASH_COATED_OSMIUM;9986;15;9985;12;9983;15;10005;15;10007;12;10009;30;9996.0;0.0
20;15700;INTARIAN_PEPPER_ROOT;33007;11;33004;12;;;33021;8;33023;16;;;33014.0;0.0
20;15800;ASH_COATED_OSMIUM;9995;13;9992;13;;;10001;11;10003;13;;;9998.0;0.0
20;15800;INTARIAN_PEPPER_ROOT;33011;8;33008;10;;;33017;8;33019;11;;;33014.0;0.0
20;15900;ASH_COATED_OSMIUM;9991;27;9989;23;;;10007;30;10008;12;;;9999.0;0.0
20;15900;INTARIAN_PEPPER_ROOT;33011;12;33008;8;33006;15;33027;8;33029;20;33031;9;33019.0;0.0
20;16000;ASH_COATED_OSMIUM;9989;12;9988;12;9987;14;10005;10;10007;30;10010;12;9997.5;0.0
20;16000;INTARIAN_PEPPER_ROOT;33013;9;33011;10;;;33028;10;33029;20;;;33021.0;0.0
20;16100;ASH_COATED_OSMIUM;9986;11;9983;25;9982;5;10004;13;10005;13;10007;10;9995.0;0.0
20;16100;INTARIAN_PEPPER_ROOT;33003;9;33001;11;;;33017;15;33019;9;;;33010.5;0.0
20;16200;ASH_COATED_OSMIUM;9991;13;;;;;10007;14;;;;;9999.5;0.0
20;16200;INTARIAN_PEPPER_ROOT;33016;10;;;;;33020;11;;;;;33018.5;0.0
20;16300;ASH_COATED_OSMIUM;9992;14;9991;15;;;10008;14;10010;11;;;10000.5;0.0
20;16300;INTARIAN_PEPPER_ROOT;33011;12;33008;11;33006;24;33022;11;33023;11;33025;10;33017.0;0.0
20;16400;ASH_COATED_OSMIUM;9990;12;9987;13;;;10009;12;10011;11;;;10000.0;0.0
20;16400;INTARIAN_PEPPER_ROOT;33012;22;33011;8;;;33026;11;33028;23;;;33019.5;0.0
20;16500;ASH_COATED_OSMIUM;9989;10;9988;10;;;10005;20;10007;20;;;9997.5;0.0
20;16500;INTARIAN_PEPPER_ROOT;33010;9;;;;;33021;9;;;;;33015.5;0.0
20;16600;ASH_COATED_OSMIUM;9991;12;9988;15;;;10007;15;10009;26;;;9999.0;0.0
20;16600;INTARIAN_PEPPER_ROOT;33012;9;;;;;33024;8;;;;;33018.0;0.0
20;16700;ASH_COATED_OSMIUM;9988;8;9987;13;;;10004;22;10006;15;;;9996.0;0.0
20;16700;INTARIAN_PEPPER_ROOT;33008;8;33005;8;;;33020;9;33022;12;;;33014.5;0.0
20;16800;ASH_COATED_OSMIUM;9995;10;9992;14;;;10011;11;10013;14;;;10003.0;0.0
20;16800;INTARIAN_PEPPER_ROOT;33011;8;33010;9;;;33023;22;33026;19;;;33017.5;0.0
20;16900;ASH_COATED_OSMIUM;9991;13;;;;;10002;11;;;;;9996.5;0.0
20;16900;INTARIAN_PEPPER_ROOT;33005;9;33004;22;;;33020;12;33021;8;;;33013.0;0.0
20;17000;ASH_COATED_OSMIUM;9996;13;9995;15;9994;10;10006;10;10008;25;10011;13;10001.0;0.0
20;17000;INTARIAN_PEPPER_ROOT;33013;12;33012;10;;;33024;12;33025;8;;;33018.5;0.0
20;17100;ASH_COATED_OSMIUM;9996;12;;;;;10012;14;;;;;10004.0;0.0
20;17100;INTARIAN_PEPPER_ROOT;33012;8;33011;17;;;33027;10;33028;12;;;33019.5;0.0
20;17200;ASH_COATED_OSMIUM;9991;13;;;;;10012;10;;;;;10001.5;0.0
20;17200;INTARIAN_PEPPER_ROOT;33007;12;33006;25;33004;12;33019;10;33022;8;33024;17;33013.0;0.0
20;17300;ASH_COATED_OSMIUM;9993;11;;;;;10009;15;;;;;10001.0;0.0
20;17300;INTARIAN_PEPPER_ROOT;33011;9;33010;10;;;33022;9;33025;21;;;33016.5;0.0
20;17400;ASH_COATED_OSMIUM;9991;14;9988;10;9987;22;10010;6;10011;24;10014;28;10001.0;0.0
20;17400;INTARIAN_PEPPER_ROOT;33008;17;33006;11;33005;11;33022;10;33024;8;33026;9;33015.5;0.0
20;17500;ASH_COATED_OSMIUM;9993;10;9990;21;;;10014;10;10015;11;;;10004.0;0.0
20;17500;INTARIAN_PEPPER_ROOT;33012;23;;;;;33025;16;;;;;33019.0;0.0
20;17600;ASH_COATED_OSMIUM;9992;14;9991;11;;;10011;10;10014;14;;;10002.0;0.0
20;17600;INTARIAN_PEPPER_ROOT;33012;8;33011;10;33008;8;33026;10;33027;11;33029;10;33019.0;0.0
20;17700;ASH_COATED_OSMIUM;9993;14;9990;15;9987;11;10009;12;10012;11;10014;23;10001.0;0.0
20;17700;INTARIAN_PEPPER_ROOT;33009;12;33008;24;33006;8;33020;11;33023;11;33024;21;33015.0;0.0
20;17800;ASH_COATED_OSMIUM;9986;10;9984;14;;;10002;10;10005;14;;;9994.5;0.0
20;17800;INTARIAN_PEPPER_ROOT;33008;12;33006;15;;;33020;11;33021;8;;;33014.5;0.0
20;17900;ASH_COATED_OSMIUM;9991;14;9988;26;;;10010;12;10012;14;;;10000.5;0.0
20;17900;INTARIAN_PEPPER_ROOT;33009;8;;;;;33023;11;;;;;33016.5;0.0
20;18000;ASH_COATED_OSMIUM;9995;13;9992;10;9991;28;10013;22;10014;10;10016;23;10004.0;0.0
20;18000;INTARIAN_PEPPER_ROOT;33010;11;;;;;33021;9;;;;;33016.0;0.0
20;18100;ASH_COATED_OSMIUM;9991;12;9988;15;;;10007;13;10009;15;;;9999.0;0.0
20;18100;INTARIAN_PEPPER_ROOT;33009;11;33007;16;;;33021;10;33022;9;;;33015.0;0.0
20;18200;ASH_COATED_OSMIUM;9995;12;9994;15;;;10001;12;10002;15;;;9998.5;0.0
20;18200;INTARIAN_PEPPER_ROOT;33011;8;33008;11;33006;8;33023;9;33025;9;33026;8;33017.0;0.0
20;18300;ASH_COATED_OSMIUM;9991;13;;;;;10007;21;;;;;9999.0;0.0
20;18300;INTARIAN_PEPPER_ROOT;33011;18;;;;;33025;10;;;;;33018.5;0.0
20;18400;ASH_COATED_OSMIUM;9988;10;9986;13;;;10004;15;10006;12;;;9996.5;0.0
20;18400;INTARIAN_PEPPER_ROOT;33013;8;33011;12;;;33025;8;33027;10;;;33019.0;0.0
20;18500;ASH_COATED_OSMIUM;9985;11;9984;14;9982;12;10001;13;10002;11;10003;14;9993.5;0.0
20;18500;INTARIAN_PEPPER_ROOT;33009;17;;;;;33023;10;;;;;33016.5;0.0
20;18600;ASH_COATED_OSMIUM;9993;13;;;;;10009;3;;;;;10001.0;0.0
20;18600;INTARIAN_PEPPER_ROOT;33011;15;;;;;33022;8;;;;;33017.0;0.0
20;18700;ASH_COATED_OSMIUM;9996;20;9994;8;9993;21;10012;22;10014;12;10017;20;10004.0;0.0
20;18700;INTARIAN_PEPPER_ROOT;33015;12;33013;9;33010;4;33028;20;33031;18;33032;8;33021.5;0.0
20;18800;ASH_COATED_OSMIUM;9999;24;9998;11;9995;12;10015;27;10017;13;10019;20;10007.0;0.0
20;18800;INTARIAN_PEPPER_ROOT;33011;12;33009;11;33007;17;33024;9;33027;8;33028;22;33017.5;0.0
20;18900;ASH_COATED_OSMIUM;9998;23;9997;11;;;10010;13;10011;11;;;10004.5;0.0
20;18900;INTARIAN_PEPPER_ROOT;33011;23;33008;10;;;33023;22;33026;12;;;33017.5;0.0
20;19000;ASH_COATED_OSMIUM;9997;10;9996;8;;;10013;10;10015;14;;;10005.5;0.0
20;19000;INTARIAN_PEPPER_ROOT;33012;10;;;;;33023;11;;;;;33017.5;0.0
20;19100;ASH_COATED_OSMIUM;10001;15;9999;12;9997;10;10017;14;10020;12;10022;13;10009.5;0.0
20;19100;INTARIAN_PEPPER_ROOT;33010;24;33007;9;;;33022;8;33025;11;;;33016.5;0.0
20;19200;ASH_COATED_OSMIUM;10000;15;;;;;10016;12;;;;;10008.5;0.0
20;19200;INTARIAN_PEPPER_ROOT;33009;16;33008;11;33005;10;33026;10;33027;22;33028;12;33018.0;0.0
20;19300;ASH_COATED_OSMIUM;9993;10;;;;;10012;11;;;;;10003.0;0.0
20;19300;INTARIAN_PEPPER_ROOT;33013;21;33012;12;33010;12;33027;10;33028;9;33029;21;33020.0;0.0
20;19400;ASH_COATED_OSMIUM;9996;28;9995;14;;;10012;11;10015;11;;;10004.0;0.0
20;19400;INTARIAN_PEPPER_ROOT;33015;12;;;;;33029;12;;;;;33022.0;0.0
20;19500;ASH_COATED_OSMIUM;9996;30;9995;14;9992;12;10012;15;10013;11;10014;10;10004.5;0.0
20;19500;INTARIAN_PEPPER_ROOT;33015;21;33014;19;33011;11;33028;9;33029;12;33032;24;33022.0;0.0
20;19600;ASH_COATED_OSMIUM;9999;30;9998;14;;;10010;6;10013;14;;;10004.5;0.0
20;19600;INTARIAN_PEPPER_ROOT;33012;8;33009;9;;;33025;9;33027;9;;;33018.5;0.0
20;19700;ASH_COATED_OSMIUM;9994;4;;;;;10010;28;;;;;10002.5;0.0
20;19700;INTARIAN_PEPPER_ROOT;33009;12;33007;24;33006;10;33026;12;33027;8;33028;8;33017.5;0.0
20;19800;ASH_COATED_OSMIUM;9989;12;;;;;10005;14;;;;;9997.0;0.0
20;19800;INTARIAN_PEPPER_ROOT;33012;9;33009;12;;;33025;22;33026;11;;;33019.0;0.0
20;19900;ASH_COATED_OSMIUM;9988;10;9987;11;;;10004;10;10005;14;;;9996.0;0.0
20;19900;INTARIAN_PEPPER_ROOT;33014;9;33012;12;33009;10;33027;9;33028;11;33029;9;33020.5;0.0
20;20000;ASH_COATED_OSMIUM;9983;10;9982;13;;;9993;12;9994;11;;;9988.5;0.0
20;20000;INTARIAN_PEPPER_ROOT;33015;12;33012;8;33010;10;33029;19;33032;10;33035;9;33022.5;0.0
20;20100;ASH_COATED_OSMIUM;9979;10;9976;14;9975;15;9995;12;9998;12;9999;29;9987.5;0.0
20;20100;INTARIAN_PEPPER_ROOT;33010;12;33008;8;33005;9;33024;12;33027;9;33030;11;33017.0;0.0
20;20200;ASH_COATED_OSMIUM;9983;20;9982;14;;;9999;14;10001;15;;;9991.5;0.0
20;20200;INTARIAN_PEPPER_ROOT;33011;11;;;;;33024;12;;;;;33018.0;0.0
20;20300;ASH_COATED_OSMIUM;9987;10;9985;30;;;10003;13;10004;15;;;9995.5;0.0
20;20300;INTARIAN_PEPPER_ROOT;33018;10;33016;11;33013;17;33033;12;33036;12;33038;11;33026.0;0.0
20;20400;ASH_COATED_OSMIUM;9993;11;9991;15;9989;10;10009;14;10012;11;10015;24;10001.0;0.0
20;20400;INTARIAN_PEPPER_ROOT;33013;18;;;;;33025;9;;;;;33019.0;0.0
20;20500;ASH_COATED_OSMIUM;9990;10;;;;;10000;10;;;;;9995.5;0.0
20;20500;INTARIAN_PEPPER_ROOT;33012;9;33009;8;33006;12;33025;8;33028;10;33031;12;33019.0;0.0
20;20600;ASH_COATED_OSMIUM;9987;5;9985;12;;;10003;30;10004;14;;;9995.5;0.0
20;20600;INTARIAN_PEPPER_ROOT;33015;11;33014;12;;;33028;8;33030;9;;;33021.5;0.0
20;20700;ASH_COATED_OSMIUM;9989;10;9988;10;;;9994;12;9995;12;;;9991.5;0.0
20;20700;INTARIAN_PEPPER_ROOT;33014;22;33011;9;;;33023;8;33025;9;;;33018.5;0.0
20;20800;ASH_COATED_OSMIUM;9980;13;9978;13;;;9998;22;10001;23;;;9989.5;0.0
20;20800;INTARIAN_PEPPER_ROOT;33017;9;33016;11;;;33030;8;33031;9;;;33024.0;0.0
20;20900;ASH_COATED_OSMIUM;9986;3;9983;11;;;9995;10;9996;15;;;9990.5;0.0
20;20900;INTARIAN_PEPPER_ROOT;33013;9;33010;20;33007;9;33028;19;33029;12;33031;21;33021.0;0.0
20;21000;ASH_COATED_OSMIUM;9982;30;;;;;10001;28;;;;;9992.0;0.0
20;21000;INTARIAN_PEPPER_ROOT;33014;9;33013;8;33011;9;33027;24;33030;8;33033;8;33021.0;0.0
20;21100;ASH_COATED_OSMIUM;9989;12;;;;;10005;14;;;;;9997.5;0.0
20;21100;INTARIAN_PEPPER_ROOT;33016;8;33015;12;;;33029;10;33032;9;;;33022.5;0.0
20;21200;ASH_COATED_OSMIUM;9994;14;9991;28;;;10010;13;10011;14;;;10002.5;0.0
20;21200;INTARIAN_PEPPER_ROOT;33011;22;;;;;33024;11;;;;;33018.0;0.0
20;21300;ASH_COATED_OSMIUM;9995;10;9992;14;;;10011;10;10014;11;;;10003.0;0.0
20;21300;INTARIAN_PEPPER_ROOT;33016;11;;;;;33030;7;;;;;33023.0;0.0
20;21400;ASH_COATED_OSMIUM;9993;11;9992;13;;;10006;22;10007;12;;;10000.0;0.0
20;21400;INTARIAN_PEPPER_ROOT;33013;21;;;;;33026;15;;;;;33019.5;0.0
20;21500;ASH_COATED_OSMIUM;9987;14;9984;14;9982;11;10003;14;10005;14;10007;30;9995.5;0.0
20;21500;INTARIAN_PEPPER_ROOT;33013;11;;;;;33027;10;;;;;33020.5;0.0
20;21600;ASH_COATED_OSMIUM;9987;20;9984;15;9981;21;10006;13;10009;10;10012;25;9996.5;0.0
20;21600;INTARIAN_PEPPER_ROOT;33015;10;;;;;33028;10;;;;;33021.5;0.0
20;21700;ASH_COATED_OSMIUM;9986;11;9985;14;9982;12;10002;11;10003;26;10006;3;9994.5;0.0
20;21700;INTARIAN_PEPPER_ROOT;33015;10;33013;10;;;33030;8;33032;8;;;33023.0;0.0
20;21800;ASH_COATED_OSMIUM;9985;13;9984;10;;;10001;14;10003;14;;;9993.5;0.0
20;21800;INTARIAN_PEPPER_ROOT;33024;9;33023;9;33021;8;33032;8;33034;9;33035;24;33028.0;0.0
20;21900;ASH_COATED_OSMIUM;9984;14;;;;;10000;13;;;;;9992.5;0.0
20;21900;INTARIAN_PEPPER_ROOT;33012;25;33010;10;33009;16;33028;10;33031;12;33033;10;33020.0;0.0
20;22000;ASH_COATED_OSMIUM;9979;13;9976;14;;;9995;12;9996;12;;;9987.5;0.0
20;22000;INTARIAN_PEPPER_ROOT;33015;8;33014;12;;;33026;18;33028;12;;;33021.0;0.0
20;22100;ASH_COATED_OSMIUM;9981;12;9978;11;9977;14;9997;15;9998;12;10001;12;9989.5;0.0
20;22100;INTARIAN_PEPPER_ROOT;33011;9;33008;11;;;33022;22;33024;8;;;33017.0;0.0
20;22200;ASH_COATED_OSMIUM;9986;14;9985;13;;;10002;25;10005;12;;;9994.5;0.0
20;22200;INTARIAN_PEPPER_ROOT;33017;12;;;;;33030;10;;;;;33024.0;0.0
20;22300;ASH_COATED_OSMIUM;9992;11;9991;13;;;10008;24;10011;10;;;10000.5;0.0
20;22300;INTARIAN_PEPPER_ROOT;33016;8;33015;12;33013;8;33031;11;33034;12;33037;8;33024.0;0.0
20;22400;ASH_COATED_OSMIUM;9988;15;9985;13;;;10004;14;10005;12;;;9996.0;0.0
20;22400;INTARIAN_PEPPER_ROOT;33016;11;33014;16;33011;9;33028;10;33031;8;33032;8;33022.5;0.0
20;22500;ASH_COATED_OSMIUM;9982;11;;;;;10001;10;;;;;9992.0;0.0
20;22500;INTARIAN_PEPPER_ROOT;33014;11;33011;10;33009;25;33028;9;33031;9;33033;8;33021.0;0.0
20;22600;ASH_COATED_OSMIUM;9989;13;9986;15;;;10005;13;10007;10;;;9997.5;0.0
20;22600;INTARIAN_PEPPER_ROOT;33018;11;33016;11;33013;11;33032;10;33033;9;33035;11;33025.0;0.0
20;22700;ASH_COATED_OSMIUM;9990;12;9987;10;;;10001;11;10002;10;;;9995.5;0.0
20;22700;INTARIAN_PEPPER_ROOT;33016;10;33013;22;33012;11;33030;11;33033;12;33034;12;33023.5;0.0
20;22800;ASH_COATED_OSMIUM;9983;15;9980;13;9979;14;9999;20;10001;28;10003;12;9991.5;0.0
20;22800;INTARIAN_PEPPER_ROOT;33016;8;;;;;33033;10;;;;;33024.5;0.0
20;22900;ASH_COATED_OSMIUM;9983;15;;;;;9999;11;;;;;9991.0;0.0
20;22900;INTARIAN_PEPPER_ROOT;33013;10;;;;;33026;9;;;;;33020.0;0.0
20;23000;ASH_COATED_OSMIUM;9987;26;;;;;10003;14;;;;;9995.0;0.0
20;23000;INTARIAN_PEPPER_ROOT;33017;11;;;;;33029;12;;;;;33023.0;0.0
20;23100;ASH_COATED_OSMIUM;9989;11;9986;12;9985;21;10005;11;10006;14;10009;10;9997.5;0.0
20;23100;INTARIAN_PEPPER_ROOT;33017;11;33015;6;;;33030;9;33033;12;;;33024.0;0.0
20;23200;ASH_COATED_OSMIUM;9987;15;;;;;10005;13;;;;;9996.5;0.0
20;23200;INTARIAN_PEPPER_ROOT;33014;9;33012;8;33009;12;33026;12;33029;12;33030;4;33020.0;0.0
20;23300;ASH_COATED_OSMIUM;9989;21;9986;13;9984;28;9999;10;10000;11;10001;12;9994.5;0.0
20;23300;INTARIAN_PEPPER_ROOT;33023;10;33021;12;;;33034;8;33037;10;;;33029.0;0.0
20;23400;ASH_COATED_OSMIUM;9989;14;9988;14;9987;11;10005;14;10006;11;10009;14;9997.5;0.0
20;23400;INTARIAN_PEPPER_ROOT;33018;9;33016;10;;;33032;9;33035;12;;;33025.5;0.0
20;23500;ASH_COATED_OSMIUM;9989;12;;;;;10007;10;;;;;9998.0;0.0
20;23500;INTARIAN_PEPPER_ROOT;33014;22;;;;;33022;8;;;;;33018.0;0.0
20;23600;ASH_COATED_OSMIUM;9989;14;;;;;10005;15;;;;;9997.0;0.0
20;23600;INTARIAN_PEPPER_ROOT;33017;9;33016;10;;;33032;8;33034;9;;;33024.5;0.0
20;23700;ASH_COATED_OSMIUM;9989;26;;;;;10008;11;;;;;9999.0;0.0
20;23700;INTARIAN_PEPPER_ROOT;33016;12;33014;12;33012;11;33029;11;33030;10;33032;9;33023.0;0.0
20;23800;ASH_COATED_OSMIUM;9985;11;9982;30;;;10001;14;10002;12;;;9993.5;0.0
20;23800;INTARIAN_PEPPER_ROOT;33020;8;33019;24;;;33033;11;33036;15;;;33027.0;0.0
20;23900;ASH_COATED_OSMIUM;9989;29;9988;15;;;10005;12;10007;11;;;9997.0;0.0
20;23900;INTARIAN_PEPPER_ROOT;33019;10;33017;16;;;33030;9;33033;11;;;33025.0;0.0
20;24000;ASH_COATED_OSMIUM;9991;10;9988;27;9986;13;10010;15;10012;15;10013;15;10000.5;0.0
20;24000;INTARIAN_PEPPER_ROOT;33019;12;33018;24;;;33035;9;33037;10;;;33027.0;0.0
20;24100;ASH_COATED_OSMIUM;9984;11;;;;;10002;15;;;;;9993.0;0.0
20;24100;INTARIAN_PEPPER_ROOT;33013;9;;;;;33028;9;;;;;33021.0;0.0
20;24200;ASH_COATED_OSMIUM;9990;13;9987;12;;;10006;13;10007;13;;;9998.5;0.0
20;24200;INTARIAN_PEPPER_ROOT;33017;12;33016;12;33014;9;33031;23;33034;11;33037;11;33024.0;0.0
20;24300;ASH_COATED_OSMIUM;9988;5;9985;14;;;10004;11;10005;12;;;9996.5;0.0
20;24300;INTARIAN_PEPPER_ROOT;33023;9;33021;10;33019;12;33034;21;33036;11;33037;10;33028.5;0.0
20;24400;ASH_COATED_OSMIUM;9992;11;9989;14;;;10008;12;10009;12;;;10000.0;0.0
20;24400;INTARIAN_PEPPER_ROOT;33018;10;33015;7;;;33032;10;33035;12;;;33025.0;0.0
20;24500;ASH_COATED_OSMIUM;9987;11;9985;11;;;10003;10;10006;11;;;9995.0;0.0
20;24500;INTARIAN_PEPPER_ROOT;33019;12;;;;;33031;24;;;;;33025.5;0.0
20;24600;ASH_COATED_OSMIUM;9984;13;9981;14;;;10000;10;10003;13;;;9992.5;0.0
20;24600;INTARIAN_PEPPER_ROOT;33023;12;33020;12;33019;10;33035;24;33036;23;33037;8;33029.5;0.0
20;24700;ASH_COATED_OSMIUM;9986;15;9984;13;;;10002;11;10004;11;;;9994.0;0.0
20;24700;INTARIAN_PEPPER_ROOT;33020;11;;;;;33032;10;;;;;33026.5;0.0
20;24800;ASH_COATED_OSMIUM;9980;15;9978;11;9977;10;9999;14;10001;13;10003;13;9990.0;0.0
20;24800;INTARIAN_PEPPER_ROOT;33019;11;;;;;33032;11;;;;;33026.0;0.0
20;24900;ASH_COATED_OSMIUM;9981;13;9980;15;;;9997;21;9999;13;;;9989.0;0.0
20;24900;INTARIAN_PEPPER_ROOT;33021;8;33019;11;33018;17;33034;12;33036;12;33037;21;33027.5;0.0
20;25000;ASH_COATED_OSMIUM;9981;14;;;;;9999;14;;;;;9990.5;0.0
20;25000;INTARIAN_PEPPER_ROOT;33016;24;33013;22;33010;10;33033;11;33035;8;33038;9;33025.0;0.0
20;25100;ASH_COATED_OSMIUM;9982;14;9981;13;9979;10;9998;10;10000;12;10001;10;9990.0;0.0
20;25100;INTARIAN_PEPPER_ROOT;33021;9;33018;9;33015;9;33023;8;33025;10;33027;11;33022.0;0.0
20;25200;ASH_COATED_OSMIUM;9988;11;;;;;10004;8;;;;;9996.0;0.0
20;25200;INTARIAN_PEPPER_ROOT;33021;10;33019;11;33018;12;33033;23;33034;9;33036;15;33027.5;0.0
20;25300;ASH_COATED_OSMIUM;9987;11;;;;;10003;11;;;;;9995.0;0.0
20;25300;INTARIAN_PEPPER_ROOT;33016;8;33013;12;;;33033;9;33034;8;;;33025.0;0.0
20;25400;ASH_COATED_OSMIUM;9986;11;9984;12;9983;10;10004;24;10005;12;10008;11;9995.0;0.0
20;25400;INTARIAN_PEPPER_ROOT;33019;8;33018;9;33015;8;33031;9;33032;11;33035;11;33025.0;0.0
20;25500;ASH_COATED_OSMIUM;9989;14;9986;13;9984;11;10008;5;10009;15;10012;11;9998.5;0.0
20;25500;INTARIAN_PEPPER_ROOT;33017;12;33016;11;33015;9;33031;9;33032;10;33034;12;33024.0;0.0
20;25600;ASH_COATED_OSMIUM;9986;10;9983;30;;;10002;10;10004;11;;;9994.5;0.0
20;25600;INTARIAN_PEPPER_ROOT;33020;10;;;;;33032;19;;;;;33026.5;0.0
20;25700;ASH_COATED_OSMIUM;9987;26;;;;;10003;14;;;;;9995.0;0.0
20;25700;INTARIAN_PEPPER_ROOT;33019;8;33017;21;33015;11;33031;12;33032;9;33033;9;33025.5;0.0
20;25800;ASH_COATED_OSMIUM;9997;14;;;;;10004;12;;;;;10000.5;0.0
20;25800;INTARIAN_PEPPER_ROOT;33022;12;;;;;33033;11;;;;;33028.0;0.0
20;25900;ASH_COATED_OSMIUM;9991;10;;;;;10009;14;;;;;10000.0;0.0
20;25900;INTARIAN_PEPPER_ROOT;33016;9;33013;15;33010;24;33032;10;33033;9;33034;8;33024.0;0.0
20;26000;ASH_COATED_OSMIUM;9992;10;;;;;10008;13;;;;;10000.5;0.0
20;26000;INTARIAN_PEPPER_ROOT;33019;9;33018;12;;;33033;9;33034;12;;;33026.5;0.0
20;26100;ASH_COATED_OSMIUM;9991;15;9990;12;;;10010;12;10011;10;;;10000.5;0.0
20;26100;INTARIAN_PEPPER_ROOT;33022;20;;;;;33037;8;;;;;33029.5;0.0
20;26200;ASH_COATED_OSMIUM;9992;13;9989;13;;;10010;10;10013;11;;;10001.5;0.0
20;26200;INTARIAN_PEPPER_ROOT;33022;4;;;;;33033;8;;;;;33028.0;0.0
20;26300;ASH_COATED_OSMIUM;9993;10;9991;30;;;10009;30;10012;20;;;10001.5;0.0
20;26300;INTARIAN_PEPPER_ROOT;33021;10;33020;5;;;33032;8;33033;12;;;33026.5;0.0
20;26400;ASH_COATED_OSMIUM;9990;20;;;;;10006;13;;;;;9998.5;0.0
20;26400;INTARIAN_PEPPER_ROOT;33019;8;33017;9;;;33032;10;33034;23;;;33026.0;0.0
20;26500;ASH_COATED_OSMIUM;9987;15;9986;14;9985;15;10003;13;10005;5;10008;11;9995.5;0.0
20;26500;INTARIAN_PEPPER_ROOT;33019;11;33016;12;;;33032;9;33034;12;;;33026.0;0.0
20;26600;ASH_COATED_OSMIUM;9987;23;;;;;10003;15;;;;;9995.5;0.0
20;26600;INTARIAN_PEPPER_ROOT;33022;10;33020;17;;;33035;11;33038;24;;;33028.5;0.0
20;26700;ASH_COATED_OSMIUM;9991;11;9990;11;;;10007;26;10010;11;;;9999.5;0.0
20;26700;INTARIAN_PEPPER_ROOT;33020;10;33019;12;;;33034;12;33037;9;;;33027.0;0.0
20;26800;ASH_COATED_OSMIUM;9990;10;;;;;10000;14;;;;;9995.0;0.0
20;26800;INTARIAN_PEPPER_ROOT;33019;9;;;;;33032;11;;;;;33025.5;0.0
20;26900;ASH_COATED_OSMIUM;9985;14;9983;28;;;10001;13;10002;15;;;9993.0;0.0
20;26900;INTARIAN_PEPPER_ROOT;33018;12;33016;21;;;33035;11;33038;9;;;33026.5;0.0
20;27000;ASH_COATED_OSMIUM;9989;15;9987;11;9984;12;10007;11;10010;10;10012;14;9998.5;0.0
20;27000;INTARIAN_PEPPER_ROOT;33018;11;33017;8;33014;12;33031;10;33032;10;33034;10;33025.0;0.0
20;27100;ASH_COATED_OSMIUM;9991;25;;;;;10010;11;;;;;10001.0;0.0
20;27100;INTARIAN_PEPPER_ROOT;33023;10;33022;22;;;33035;12;33036;10;;;33029.0;0.0
20;27200;ASH_COATED_OSMIUM;9985;11;;;;;10003;12;;;;;9994.5;0.0
20;27200;INTARIAN_PEPPER_ROOT;33021;10;33020;11;33019;10;33034;8;33037;10;33040;11;33027.5;0.0
20;27300;ASH_COATED_OSMIUM;9984;10;9983;13;;;10002;13;10003;10;;;9993.5;0.0
20;27300;INTARIAN_PEPPER_ROOT;33019;10;33017;12;;;33031;17;33032;11;;;33025.0;0.0
20;27400;ASH_COATED_OSMIUM;9978;12;9977;4;;;9997;15;10000;15;;;9987.5;0.0
20;27400;INTARIAN_PEPPER_ROOT;33022;10;33020;12;;;33034;9;33037;12;;;33028.0;0.0
20;27500;ASH_COATED_OSMIUM;9977;6;;;;;9993;12;;;;;9985.0;0.0
20;27500;INTARIAN_PEPPER_ROOT;33018;20;33016;9;33013;8;33032;8;33033;10;33035;10;33025.0;0.0
20;27600;ASH_COATED_OSMIUM;9986;10;9984;11;;;10002;29;10005;11;;;9994.0;0.0
20;27600;INTARIAN_PEPPER_ROOT;33022;12;33019;22;;;33035;10;33036;19;;;33028.5;0.0
20;27700;ASH_COATED_OSMIUM;9988;14;9985;10;9982;14;10004;15;10005;12;10006;15;9996.5;0.0
20;27700;INTARIAN_PEPPER_ROOT;33022;11;33019;9;;;33036;8;33037;9;;;33029.0;0.0
20;27800;ASH_COATED_OSMIUM;9988;10;9987;11;;;10004;10;10007;15;;;9996.5;0.0
20;27800;INTARIAN_PEPPER_ROOT;33022;8;33021;8;;;33033;12;33034;8;;;33028.0;0.0
20;27900;ASH_COATED_OSMIUM;9994;25;9993;11;;;10004;10;10007;15;;;9999.5;0.0
20;27900;INTARIAN_PEPPER_ROOT;33016;11;33014;11;;;33027;8;33029;9;;;33022.0;0.0
20;28000;ASH_COATED_OSMIUM;9992;13;9989;15;9986;10;10008;13;10011;21;10014;12;10000.0;0.0
20;28000;INTARIAN_PEPPER_ROOT;33020;25;;;;;33034;11;;;;;33027.5;0.0
20;28100;ASH_COATED_OSMIUM;9997;11;9994;13;;;10007;25;10010;15;;;10002.5;0.0
20;28100;INTARIAN_PEPPER_ROOT;33019;11;33017;9;;;33034;9;33037;8;;;33027.0;0.0
20;28200;ASH_COATED_OSMIUM;9993;12;9990;29;9987;13;10009;10;10012;25;10014;24;10001.5;0.0
20;28200;INTARIAN_PEPPER_ROOT;33019;8;33016;8;;;33034;12;33036;19;;;33027.0;0.0
20;28300;ASH_COATED_OSMIUM;9996;10;;;;;10012;15;;;;;10004.5;0.0
20;28300;INTARIAN_PEPPER_ROOT;33027;8;33026;10;;;33030;12;33033;23;;;33028.5;0.0
20;28400;ASH_COATED_OSMIUM;9993;14;9990;12;;;10011;13;10013;10;;;10002.0;0.0
20;28400;INTARIAN_PEPPER_ROOT;33020;9;33017;9;;;33036;12;33039;10;;;33028.5;0.0
20;28500;ASH_COATED_OSMIUM;9995;15;;;;;10004;15;;;;;10000.0;0.0
20;28500;INTARIAN_PEPPER_ROOT;33021;8;33018;15;;;33033;8;33034;12;;;33027.0;0.0
20;28600;ASH_COATED_OSMIUM;9991;12;9990;10;9989;14;10007;11;10008;12;10009;15;9999.5;0.0
20;28600;INTARIAN_PEPPER_ROOT;33021;25;33020;8;;;33041;9;33044;9;;;33031.0;0.0
20;28700;ASH_COATED_OSMIUM;9997;10;9995;11;;;10013;11;10016;12;;;10005.0;0.0
20;28700;INTARIAN_PEPPER_ROOT;33019;11;33016;9;;;33034;9;33037;12;;;33026.5;0.0
20;28800;ASH_COATED_OSMIUM;9993;10;9990;10;;;10009;11;10011;24;;;10001.0;0.0
20;28800;INTARIAN_PEPPER_ROOT;33016;8;33014;12;33013;10;33033;15;33036;10;33038;9;33025.0;0.0
20;28900;ASH_COATED_OSMIUM;9988;12;9986;10;;;10006;12;10007;12;;;9997.0;0.0
20;28900;INTARIAN_PEPPER_ROOT;33023;10;33022;11;33020;9;33037;21;33038;10;33040;16;33030.5;0.0
20;29000;ASH_COATED_OSMIUM;9990;12;;;;;10006;11;;;;;9998.5;0.0
20;29000;INTARIAN_PEPPER_ROOT;33022;10;;;;;33036;8;;;;;33029.5;0.0
20;29100;ASH_COATED_OSMIUM;9988;10;9987;13;9985;8;10004;13;10007;14;10008;15;9996.5;0.0
20;29100;INTARIAN_PEPPER_ROOT;33022;10;;;;;33035;9;;;;;33028.5;0.0
20;29200;ASH_COATED_OSMIUM;9989;15;;;;;10005;11;;;;;9997.0;0.0
20;29200;INTARIAN_PEPPER_ROOT;33021;11;33019;10;;;33033;12;33036;10;;;33027.0;0.0
20;29300;ASH_COATED_OSMIUM;9989;11;9987;27;;;10005;14;10007;11;;;9997.0;0.0
20;29300;INTARIAN_PEPPER_ROOT;33021;24;33019;16;;;33034;9;33037;11;;;33027.5;0.0
20;29400;ASH_COATED_OSMIUM;9987;13;9985;15;9983;15;10005;13;10008;13;10009;10;9996.5;0.0
20;29400;INTARIAN_PEPPER_ROOT;33021;10;;;;;33034;9;;;;;33027.5;0.0
20;29500;ASH_COATED_OSMIUM;9996;14;9994;10;;;10012;14;10013;13;;;10004.0;0.0
20;29500;INTARIAN_PEPPER_ROOT;33020;12;;;;;33033;12;;;;;33027.0;0.0
20;29600;ASH_COATED_OSMIUM;9996;14;9994;11;;;10012;14;10014;13;;;10004.5;0.0
20;29600;INTARIAN_PEPPER_ROOT;33021;9;;;;;33035;10;;;;;33028.0;0.0
20;29700;ASH_COATED_OSMIUM;9997;26;9994;10;;;10015;10;10016;11;;;10006.5;0.0
20;29700;INTARIAN_PEPPER_ROOT;33025;9;33024;12;;;33038;21;33041;11;;;33032.0;0.0
20;29800;ASH_COATED_OSMIUM;9999;10;9998;15;;;10017;13;10018;12;;;10008.0;0.0
20;29800;INTARIAN_PEPPER_ROOT;33026;9;33023;10;;;33038;10;33039;12;;;33032.5;0.0
20;29900;ASH_COATED_OSMIUM;9996;12;9994;27;9993;25;10014;20;10016;23;10018;14;10005.0;0.0
20;29900;INTARIAN_PEPPER_ROOT;33024;11;;;;;33036;20;;;;;33030.5;0.0
20;30000;ASH_COATED_OSMIUM;9987;11;;;;;10005;15;;;;;9996.5;0.0
20;30000;INTARIAN_PEPPER_ROOT;33021;12;;;;;33032;11;;;;;33027.0;0.0
20;30100;ASH_COATED_OSMIUM;9986;28;;;;;10002;13;;;;;9994.0;0.0
20;30100;INTARIAN_PEPPER_ROOT;33024;11;33021;12;;;33036;10;33038;8;;;33030.5;0.0
20;30200;ASH_COATED_OSMIUM;9986;12;9985;10;;;10005;25;10007;13;;;9996.0;0.0
20;30200;INTARIAN_PEPPER_ROOT;33019;12;33017;6;;;33031;8;33034;8;;;33025.5;0.0
20;30300;ASH_COATED_OSMIUM;9985;15;;;;;10001;15;;;;;9993.5;0.0
20;30300;INTARIAN_PEPPER_ROOT;33026;11;;;;;33037;19;;;;;33031.5;0.0
20;30400;ASH_COATED_OSMIUM;9987;26;;;;;9997;10;;;;;9992.5;0.0
20;30400;INTARIAN_PEPPER_ROOT;33027;8;33024;9;33022;11;33043;8;33046;9;33047;10;33035.5;0.0
20;30500;ASH_COATED_OSMIUM;9985;12;;;;;10001;10;;;;;9993.5;0.0
20;30500;INTARIAN_PEPPER_ROOT;33024;11;33022;11;33019;19;33036;19;33037;10;33040;10;33030.0;0.0
20;30600;ASH_COATED_OSMIUM;9990;14;;;;;10006;11;;;;;9998.5;0.0
20;30600;INTARIAN_PEPPER_ROOT;33026;11;33024;12;33022;16;33038;9;33040;12;33041;11;33032.5;0.0
20;30700;ASH_COATED_OSMIUM;9993;14;9991;14;;;10009;13;10012;15;;;10001.0;0.0
20;30700;INTARIAN_PEPPER_ROOT;33023;12;33022;9;;;33039;12;33042;10;;;33031.0;0.0
20;30800;ASH_COATED_OSMIUM;9993;13;9992;22;9989;13;10003;12;10005;14;10008;11;9998.5;0.0
20;30800;INTARIAN_PEPPER_ROOT;33025;9;33024;8;;;33037;12;33038;22;;;33031.0;0.0
20;30900;ASH_COATED_OSMIUM;9983;27;9982;13;9980;26;10004;12;10006;13;10007;10;9993.5;0.0
20;30900;INTARIAN_PEPPER_ROOT;33021;11;33020;8;33017;10;33034;8;33037;11;33038;25;33028.0;0.0
20;31000;ASH_COATED_OSMIUM;9990;13;9988;10;;;10006;11;10008;14;;;9998.0;0.0
20;31000;INTARIAN_PEPPER_ROOT;33026;10;;;;;33042;10;;;;;33034.0;0.0
20;31100;ASH_COATED_OSMIUM;9990;7;9987;13;;;10006;14;10009;10;;;9998.5;0.0
20;31100;INTARIAN_PEPPER_ROOT;33026;12;33025;8;;;33037;11;33038;10;;;33031.5;0.0
20;31200;ASH_COATED_OSMIUM;9990;11;9988;11;9985;13;10006;13;10007;10;10009;10;9998.5;0.0
20;31200;INTARIAN_PEPPER_ROOT;33020;21;33018;8;;;33032;8;33035;9;;;33026.0;0.0
20;31300;ASH_COATED_OSMIUM;9984;11;9981;23;;;10000;10;10002;14;;;9992.0;0.0
20;31300;INTARIAN_PEPPER_ROOT;33021;9;;;;;33033;10;;;;;33027.0;0.0
20;31400;ASH_COATED_OSMIUM;9979;15;9978;13;;;9998;11;9999;14;;;9988.5;0.0
20;31400;INTARIAN_PEPPER_ROOT;33020;12;33017;12;33016;11;33034;8;33037;15;33039;9;33027.5;0.0
20;31500;ASH_COATED_OSMIUM;9981;10;;;;;9997;22;;;;;9989.5;0.0
20;31500;INTARIAN_PEPPER_ROOT;33027;19;;;;;33043;12;;;;;33035.5;0.0
20;31600;ASH_COATED_OSMIUM;9984;13;;;;;10002;15;;;;;9993.5;0.0
20;31600;INTARIAN_PEPPER_ROOT;33020;8;;;;;33032;19;;;;;33026.5;0.0
20;31700;ASH_COATED_OSMIUM;9990;12;;;;;10009;14;;;;;10000.0;0.0
20;31700;INTARIAN_PEPPER_ROOT;33027;25;33025;10;33022;8;33038;17;33040;9;33042;9;33032.5;0.0
20;31800;ASH_COATED_OSMIUM;9993;11;9990;13;9988;29;10012;21;10015;29;10018;27;10003.0;0.0
20;31800;INTARIAN_PEPPER_ROOT;33023;10;33021;8;33019;8;33036;8;33037;24;33040;10;33029.5;0.0
20;31900;ASH_COATED_OSMIUM;9990;25;;;;;10006;30;;;;;9998.5;0.0
20;31900;INTARIAN_PEPPER_ROOT;33025;11;;;;;33038;9;;;;;33032.0;0.0
20;32000;ASH_COATED_OSMIUM;9990;11;9988;14;9985;20;10006;12;10007;13;10009;10;9998.5;0.0
20;32000;INTARIAN_PEPPER_ROOT;33024;8;33022;20;33020;10;33039;11;33042;22;33045;8;33032.0;0.0
20;32100;ASH_COATED_OSMIUM;9996;4;;;;;10012;13;;;;;10004.5;0.0
20;32100;INTARIAN_PEPPER_ROOT;33026;12;33025;9;33022;8;33041;18;33043;11;33046;18;33033.5;0.0
20;32200;ASH_COATED_OSMIUM;9994;12;9991;11;;;10010;14;10013;13;;;10002.0;0.0
20;32200;INTARIAN_PEPPER_ROOT;33024;8;33022;8;33020;10;33038;8;33039;12;33040;9;33031.5;0.0
20;32300;ASH_COATED_OSMIUM;9992;12;9990;15;9987;29;10011;14;10012;13;10015;14;10002.0;0.0
20;32300;INTARIAN_PEPPER_ROOT;33027;10;33024;23;;;33039;11;33041;11;;;33033.0;0.0
20;32400;ASH_COATED_OSMIUM;9989;14;9986;11;9985;2;10008;14;10011;10;10014;12;9999.0;0.0
20;32400;INTARIAN_PEPPER_ROOT;33025;25;33023;10;;;33045;10;33046;11;;;33035.0;0.0
20;32500;ASH_COATED_OSMIUM;9988;11;9986;12;9983;14;10003;11;10004;13;10007;15;9995.5;0.0
20;32500;INTARIAN_PEPPER_ROOT;33026;10;33023;17;;;33041;22;33044;12;;;33034.0;0.0
20;32600;ASH_COATED_OSMIUM;9982;12;9981;12;9980;14;10000;30;10003;24;10004;15;9991.5;0.0
20;32600;INTARIAN_PEPPER_ROOT;33026;10;;;;;33039;9;;;;;33033.0;0.0
20;32700;ASH_COATED_OSMIUM;9978;11;9975;15;;;9996;15;9998;11;;;9987.0;0.0
20;32700;INTARIAN_PEPPER_ROOT;33027;11;33024;11;33022;8;33041;24;33042;11;33043;10;33034.5;0.0
20;32800;ASH_COATED_OSMIUM;9987;12;9985;13;;;9994;12;9996;22;;;9990.5;0.0
20;32800;INTARIAN_PEPPER_ROOT;33028;8;33025;12;33022;8;33032;11;33034;8;33037;15;33030.5;0.0
20;32900;ASH_COATED_OSMIUM;9983;6;9980;27;;;10002;15;10003;13;;;9992.5;0.0
20;32900;INTARIAN_PEPPER_ROOT;33029;12;33028;9;;;33043;25;33046;9;;;33036.0;0.0
20;33000;ASH_COATED_OSMIUM;9989;15;;;;;10005;11;;;;;9997.5;0.0
20;33000;INTARIAN_PEPPER_ROOT;33027;8;;;;;33042;12;;;;;33035.0;0.0
20;33100;ASH_COATED_OSMIUM;9990;12;9987;30;9986;14;10006;15;10009;12;10010;13;9998.5;0.0
20;33100;INTARIAN_PEPPER_ROOT;33025;8;;;;;33038;19;;;;;33031.5;0.0
20;33200;ASH_COATED_OSMIUM;9980;13;9979;15;;;9998;10;10001;12;;;9989.5;0.0
20;33200;INTARIAN_PEPPER_ROOT;33028;9;33025;12;;;33043;12;33046;12;;;33035.5;0.0
20;33300;ASH_COATED_OSMIUM;9982;10;9979;13;9977;22;9998;13;10000;12;10003;15;9990.0;0.0
20;33300;INTARIAN_PEPPER_ROOT;33025;9;;;;;33038;8;;;;;33032.0;0.0
20;33400;ASH_COATED_OSMIUM;9981;29;9978;14;;;9997;10;10000;12;;;9989.0;0.0
20;33400;INTARIAN_PEPPER_ROOT;33030;10;;;;;33042;9;;;;;33036.0;0.0
20;33500;ASH_COATED_OSMIUM;9977;15;;;;;9993;12;;;;;9985.5;0.0
20;33500;INTARIAN_PEPPER_ROOT;33029;8;33028;8;33026;9;33043;12;33046;12;33047;10;33036.5;0.0
20;33600;ASH_COATED_OSMIUM;9976;12;;;;;9992;13;;;;;9984.5;0.0
20;33600;INTARIAN_PEPPER_ROOT;33028;8;33025;8;;;33040;8;33041;15;;;33034.5;0.0
20;33700;ASH_COATED_OSMIUM;9972;10;;;;;9988;25;;;;;9980.5;0.0
20;33700;INTARIAN_PEPPER_ROOT;33027;10;;;;;33038;11;;;;;33032.5;0.0
20;33800;ASH_COATED_OSMIUM;9979;4;9978;12;9975;12;9995;15;9997;13;9998;11;9987.0;0.0
20;33800;INTARIAN_PEPPER_ROOT;33030;20;33029;8;;;33041;10;33042;9;;;33035.5;0.0
20;33900;ASH_COATED_OSMIUM;9980;12;9978;13;;;9996;5;9997;30;;;9988.5;0.0
20;33900;INTARIAN_PEPPER_ROOT;33028;12;33027;8;;;33034;10;33037;19;;;33031.5;0.0
20;34000;ASH_COATED_OSMIUM;9978;15;9975;10;9972;23;9996;14;9998;13;10000;10;9987.0;0.0
20;34000;INTARIAN_PEPPER_ROOT;33028;12;33026;11;33025;12;33039;11;33040;9;33041;10;33033.5;0.0
20;34100;ASH_COATED_OSMIUM;9980;21;;;;;9996;15;;;;;9988.5;0.0
20;34100;INTARIAN_PEPPER_ROOT;33025;15;33023;10;;;33038;12;33039;9;;;33032.0;0.0
20;34200;ASH_COATED_OSMIUM;9982;30;9979;13;;;9998;11;10000;14;;;9990.5;0.0
20;34200;INTARIAN_PEPPER_ROOT;33032;10;33029;8;33028;11;33045;10;33048;9;33049;11;33038.5;0.0
20;34300;ASH_COATED_OSMIUM;9982;14;;;;;9998;14;;;;;9990.0;0.0
20;34300;INTARIAN_PEPPER_ROOT;33027;25;33024;6;33023;8;33041;9;33042;11;33043;12;33034.0;0.0
20;34400;ASH_COATED_OSMIUM;9984;26;9982;14;;;10000;25;10003;12;;;9992.5;0.0
20;34400;INTARIAN_PEPPER_ROOT;33029;8;;;;;33041;19;;;;;33035.0;0.0
20;34500;ASH_COATED_OSMIUM;9983;15;9981;11;;;9999;12;10002;14;;;9991.5;0.0
20;34500;INTARIAN_PEPPER_ROOT;33029;8;33027;12;33025;8;33046;9;33047;8;33050;12;33037.5;0.0
20;34600;ASH_COATED_OSMIUM;9984;25;;;;;10003;10;;;;;9994.0;0.0
20;34600;INTARIAN_PEPPER_ROOT;33025;8;33023;11;33020;11;33039;10;33040;8;33042;11;33032.5;0.0
20;34700;ASH_COATED_OSMIUM;9987;14;9984;28;;;10003;14;10006;10;;;9995.0;0.0
20;34700;INTARIAN_PEPPER_ROOT;33031;10;33029;22;;;33043;9;33045;10;;;33037.0;0.0
20;34800;ASH_COATED_OSMIUM;9985;15;9982;15;;;10001;14;10004;10;;;9993.5;0.0
20;34800;INTARIAN_PEPPER_ROOT;33022;18;33019;11;;;33041;10;33042;12;;;33032.0;0.0
20;34900;ASH_COATED_OSMIUM;9992;15;;;;;10010;15;;;;;10001.0;0.0
20;34900;INTARIAN_PEPPER_ROOT;33031;9;;;;;33044;10;;;;;33037.5;0.0
20;35000;ASH_COATED_OSMIUM;9994;11;9993;30;;;10012;8;10014;14;;;10003.0;0.0
20;35000;INTARIAN_PEPPER_ROOT;33026;10;33025;16;;;33039;12;33042;10;;;33032.5;0.0
20;35100;ASH_COATED_OSMIUM;9992;13;9989;20;;;10010;13;10013;13;;;10001.0;0.0
20;35100;INTARIAN_PEPPER_ROOT;33029;8;33027;12;;;33043;8;33044;12;;;33036.0;0.0
20;35200;ASH_COATED_OSMIUM;9994;14;;;;;10012;11;;;;;10003.0;0.0
20;35200;INTARIAN_PEPPER_ROOT;33034;16;33032;8;33029;19;33045;12;33046;8;33047;11;33040.0;0.0
20;35300;ASH_COATED_OSMIUM;9996;14;9995;12;;;10012;13;10015;13;;;10004.5;0.0
20;35300;INTARIAN_PEPPER_ROOT;33029;11;33026;11;;;33042;9;33045;10;;;33035.5;0.0
20;35400;ASH_COATED_OSMIUM;9993;11;9992;12;9990;15;10002;23;10005;10;10006;8;9997.5;0.0
20;35400;INTARIAN_PEPPER_ROOT;33029;20;33026;10;33024;6;33041;10;33043;10;33044;9;33035.0;0.0
20;35500;ASH_COATED_OSMIUM;9989;10;;;;;10005;28;;;;;9997.0;0.0
20;35500;INTARIAN_PEPPER_ROOT;33029;19;33026;9;33024;10;33041;12;33043;16;33045;8;33035.0;0.0
20;35600;ASH_COATED_OSMIUM;9995;15;;;;;10004;14;;;;;9999.5;0.0
20;35600;INTARIAN_PEPPER_ROOT;33030;11;33028;9;33025;12;33041;9;33042;20;33043;19;33035.5;0.0
20;35700;ASH_COATED_OSMIUM;9988;24;9985;10;;;10004;15;10006;11;;;9996.0;0.0
20;35700;INTARIAN_PEPPER_ROOT;33033;10;33030;9;;;33045;5;33048;11;;;33039.5;0.0
20;35800;ASH_COATED_OSMIUM;9989;15;9986;15;9985;14;9999;12;10000;14;10003;14;9994.5;0.0
20;35800;INTARIAN_PEPPER_ROOT;33026;7;;;;;33042;8;;;;;33034.5;0.0
20;35900;ASH_COATED_OSMIUM;9987;2;9986;13;9985;29;10003;10;10004;12;10006;25;9995.0;0.0
20;35900;INTARIAN_PEPPER_ROOT;33026;10;33023;9;33020;9;33040;11;33043;11;33045;9;33033.5;0.0
20;36000;ASH_COATED_OSMIUM;9990;15;;;;;10006;13;;;;;9998.5;0.0
20;36000;INTARIAN_PEPPER_ROOT;33028;10;33025;10;;;33041;9;33042;3;;;33035.0;0.0
20;36100;ASH_COATED_OSMIUM;9990;15;9987;26;;;10011;11;10012;13;;;10001.0;0.0
20;36100;INTARIAN_PEPPER_ROOT;33027;9;;;;;33039;8;;;;;33033.5;0.0
20;36200;ASH_COATED_OSMIUM;9989;14;9986;10;9984;15;10008;13;10010;12;10013;12;9998.5;0.0
20;36200;INTARIAN_PEPPER_ROOT;33036;12;33034;10;;;33038;21;33041;25;;;33037.0;0.0
20;36300;ASH_COATED_OSMIUM;9992;14;9989;25;;;10008;14;10011;14;;;10000.0;0.0
20;36300;INTARIAN_PEPPER_ROOT;33029;9;;;;;33044;10;;;;;33037.0;0.0
20;36400;ASH_COATED_OSMIUM;9987;15;9985;12;9983;14;10003;13;10005;13;10007;12;9995.5;0.0
20;36400;INTARIAN_PEPPER_ROOT;33032;11;;;;;33043;9;;;;;33038.0;0.0
20;36500;ASH_COATED_OSMIUM;9992;12;;;;;10007;14;;;;;10000.0;0.0
20;36500;INTARIAN_PEPPER_ROOT;33027;12;33024;9;;;33040;9;33043;8;;;33034.0;0.0
20;36600;ASH_COATED_OSMIUM;9989;11;9986;11;;;10005;13;10006;23;;;9997.0;0.0
20;36600;INTARIAN_PEPPER_ROOT;33031;11;;;;;33044;8;;;;;33038.0;0.0
20;36700;ASH_COATED_OSMIUM;9994;12;;;;;10003;14;;;;;9998.5;0.0
20;36700;INTARIAN_PEPPER_ROOT;33028;11;33027;8;;;33042;8;33043;8;;;33035.0;0.0
20;36800;ASH_COATED_OSMIUM;9991;11;;;;;10007;11;;;;;9999.5;0.0
20;36800;INTARIAN_PEPPER_ROOT;33031;12;33029;22;;;33044;9;33045;8;;;33037.5;0.0
20;36900;ASH_COATED_OSMIUM;9986;10;9984;27;;;10004;12;10005;11;;;9995.0;0.0
20;36900;INTARIAN_PEPPER_ROOT;33034;16;33031;11;;;33047;10;33049;19;;;33040.5;0.0
20;37000;ASH_COATED_OSMIUM;9988;12;;;;;10004;12;;;;;9996.0;0.0
20;37000;INTARIAN_PEPPER_ROOT;33032;10;;;;;33049;7;;;;;33041.0;0.0
20;37100;ASH_COATED_OSMIUM;9996;20;9995;10;;;10006;2;10009;13;;;10001.5;0.0
20;37100;INTARIAN_PEPPER_ROOT;33031;9;33028;12;;;33044;10;33046;10;;;33037.5;0.0
20;37200;ASH_COATED_OSMIUM;9989;12;9988;15;9985;12;10005;14;10007;24;10008;10;9997.5;0.0
20;37200;INTARIAN_PEPPER_ROOT;33024;10;33023;11;;;33043;11;33045;11;;;33034.0;0.0
20;37300;ASH_COATED_OSMIUM;9985;11;9984;13;9981;13;10004;15;10005;13;10006;11;9995.0;0.0
20;37300;INTARIAN_PEPPER_ROOT;33030;9;33028;8;;;33043;9;33044;10;;;33036.5;0.0
20;37400;ASH_COATED_OSMIUM;9984;12;9983;15;9981;11;10003;26;10005;15;10008;14;9993.5;0.0
20;37400;INTARIAN_PEPPER_ROOT;33029;20;33027;8;;;33043;12;33046;9;;;33036.0;0.0
20;37500;ASH_COATED_OSMIUM;9987;12;;;;;10005;13;;;;;9996.5;0.0
20;37500;INTARIAN_PEPPER_ROOT;33030;20;;;;;33044;9;;;;;33037.5;0.0
20;37600;ASH_COATED_OSMIUM;9988;12;9986;11;;;10009;22;10012;12;;;9999.0;0.0
20;37600;INTARIAN_PEPPER_ROOT;33031;19;33028;11;;;33043;8;33045;8;;;33037.5;0.0
20;37700;ASH_COATED_OSMIUM;9990;21;9988;30;;;10009;27;10012;11;;;10000.0;0.0
20;37700;INTARIAN_PEPPER_ROOT;33031;8;33028;18;;;33045;21;33046;9;;;33038.0;0.0
20;37800;ASH_COATED_OSMIUM;9995;14;;;;;10011;15;;;;;10003.0;0.0
20;37800;INTARIAN_PEPPER_ROOT;33033;8;33032;12;33029;9;33045;20;33048;12;33049;9;33039.0;0.0
20;37900;ASH_COATED_OSMIUM;10001;10;9999;13;9997;13;10017;15;10020;15;10021;12;10009.5;0.0
20;37900;INTARIAN_PEPPER_ROOT;33029;12;33028;11;33026;10;33043;9;33044;10;33047;9;33036.5;0.0
20;38000;ASH_COATED_OSMIUM;10002;13;;;;;10018;20;;;;;10010.0;0.0
20;38000;INTARIAN_PEPPER_ROOT;33037;18;33035;24;33032;12;33039;8;33042;9;33045;9;33038.5;0.0
20;38100;ASH_COATED_OSMIUM;9996;15;;;;;10012;5;;;;;10004.5;0.0
20;38100;INTARIAN_PEPPER_ROOT;33034;21;33031;11;;;33046;10;33049;11;;;33040.0;0.0
20;38200;ASH_COATED_OSMIUM;9995;10;;;;;10011;14;;;;;10003.5;0.0
20;38200;INTARIAN_PEPPER_ROOT;33033;18;33031;16;33028;8;33047;11;33049;25;33051;20;33040.5;0.0
20;38300;ASH_COATED_OSMIUM;9994;11;9993;11;9991;12;10010;10;10012;14;10013;12;10002.0;0.0
20;38300;INTARIAN_PEPPER_ROOT;33032;9;33031;8;;;33046;9;33048;11;;;33039.5;0.0
20;38400;ASH_COATED_OSMIUM;9991;12;9990;24;9988;10;10007;11;10009;13;10010;14;9999.0;0.0
20;38400;INTARIAN_PEPPER_ROOT;33032;24;33031;11;;;33045;22;33046;5;;;33039.0;0.0
20;38500;ASH_COATED_OSMIUM;9991;14;9988;30;9987;15;10010;11;10012;12;10013;14;10001.0;0.0
20;38500;INTARIAN_PEPPER_ROOT;33032;12;33029;12;;;33047;12;33050;9;;;33040.0;0.0
20;38600;ASH_COATED_OSMIUM;9992;13;;;;;10011;14;;;;;10001.5;0.0
20;38600;INTARIAN_PEPPER_ROOT;33029;10;33027;8;;;33043;17;33044;12;;;33036.5;0.0
20;38700;ASH_COATED_OSMIUM;9994;13;9993;12;9992;21;10010;5;10013;28;10015;10;10002.5;0.0
20;38700;INTARIAN_PEPPER_ROOT;33032;12;33029;10;;;33044;9;33045;24;;;33038.5;0.0
20;38800;ASH_COATED_OSMIUM;9992;15;;;;;10008;14;;;;;10000.5;0.0
20;38800;INTARIAN_PEPPER_ROOT;33032;10;;;;;33045;21;;;;;33039.0;0.0
20;38900;ASH_COATED_OSMIUM;9986;13;9985;10;9982;12;10002;14;10003;11;10004;14;9994.0;0.0
20;38900;INTARIAN_PEPPER_ROOT;33031;9;;;;;33046;11;;;;;33039.0;0.0
20;39000;ASH_COATED_OSMIUM;9992;11;9991;11;;;9998;15;10001;10;;;9995.0;0.0
20;39000;INTARIAN_PEPPER_ROOT;33035;9;;;;;33047;12;;;;;33041.0;0.0
20;39100;ASH_COATED_OSMIUM;9991;15;9989;10;9987;15;9998;12;9999;11;10001;11;9994.5;0.0
20;39100;INTARIAN_PEPPER_ROOT;33033;8;33032;9;33029;10;33050;9;33052;16;33055;9;33042.0;0.0
20;39200;ASH_COATED_OSMIUM;9984;12;9981;2;9980;15;10000;11;10002;11;10004;15;9992.5;0.0
20;39200;INTARIAN_PEPPER_ROOT;33031;12;;;;;33044;9;;;;;33038.0;0.0
20;39300;ASH_COATED_OSMIUM;9978;12;;;;;9996;12;;;;;9987.5;0.0
20;39300;INTARIAN_PEPPER_ROOT;33033;8;33032;8;33029;9;33044;9;33046;11;33049;12;33039.0;0.0
20;39400;ASH_COATED_OSMIUM;9981;15;;;;;9997;28;;;;;9989.0;0.0
20;39400;INTARIAN_PEPPER_ROOT;33035;11;33032;11;;;33048;25;33049;12;;;33042.0;0.0
20;39500;ASH_COATED_OSMIUM;9979;14;9978;15;;;9998;14;9999;24;;;9988.5;0.0
20;39500;INTARIAN_PEPPER_ROOT;33035;10;33033;9;33032;8;33048;11;33050;17;33051;11;33041.5;0.0
20;39600;ASH_COATED_OSMIUM;9983;11;9982;15;9980;13;9999;13;10000;15;10003;4;9991.0;0.0
20;39600;INTARIAN_PEPPER_ROOT;33033;11;33031;12;;;33045;9;33047;9;;;33039.0;0.0
20;39700;ASH_COATED_OSMIUM;9988;11;9986;10;;;10004;13;10005;13;;;9996.5;0.0
20;39700;INTARIAN_PEPPER_ROOT;33032;10;33030;9;;;33049;9;33050;9;;;33041.0;0.0
20;39800;ASH_COATED_OSMIUM;9986;11;9983;15;;;10002;20;10005;10;;;9994.0;0.0
20;39800;INTARIAN_PEPPER_ROOT;33033;16;33032;8;;;33041;11;33044;17;;;33037.0;0.0
20;39900;ASH_COATED_OSMIUM;9985;10;;;;;10001;10;;;;;9993.0;0.0
20;39900;INTARIAN_PEPPER_ROOT;33035;10;;;;;33048;8;;;;;33041.5;0.0
20;40000;ASH_COATED_OSMIUM;9984;12;;;;;10003;13;;;;;9993.5;0.0
20;40000;INTARIAN_PEPPER_ROOT;33033;9;33032;9;33031;8;33047;11;33048;8;33050;12;33040.5;0.0
20;40100;ASH_COATED_OSMIUM;9977;13;9975;10;9973;13;9996;13;9997;15;9998;29;9986.5;0.0
20;40100;INTARIAN_PEPPER_ROOT;33032;11;33031;11;33028;17;33045;12;33048;11;33049;17;33038.5;0.0
20;40200;ASH_COATED_OSMIUM;9979;11;9978;15;;;9995;11;9998;11;;;9987.5;0.0
20;40200;INTARIAN_PEPPER_ROOT;33037;23;33035;9;;;33041;9;33044;25;;;33039.5;0.0
20;40300;ASH_COATED_OSMIUM;9981;11;;;;;9997;20;;;;;9989.5;0.0
20;40300;INTARIAN_PEPPER_ROOT;33037;12;33035;11;;;33049;11;33052;9;;;33043.0;0.0
20;40400;ASH_COATED_OSMIUM;9990;12;9987;15;;;10006;13;10008;14;;;9998.0;0.0
20;40400;INTARIAN_PEPPER_ROOT;33032;11;33031;12;33030;11;33047;25;33049;11;33052;9;33040.0;0.0
20;40500;ASH_COATED_OSMIUM;9983;30;;;;;9999;4;;;;;9991.0;0.0
20;40500;INTARIAN_PEPPER_ROOT;33039;8;33036;12;33035;10;33050;12;33051;9;33054;10;33045.0;0.0
20;40600;ASH_COATED_OSMIUM;9977;12;;;;;9993;12;;;;;9985.0;0.0
20;40600;INTARIAN_PEPPER_ROOT;33034;8;;;;;33045;11;;;;;33040.0;0.0
20;40700;ASH_COATED_OSMIUM;9984;10;9983;10;;;10000;12;10003;15;;;9992.0;0.0
20;40700;INTARIAN_PEPPER_ROOT;33031;12;33030;25;;;33048;5;33049;12;;;33039.5;0.0
20;40800;ASH_COATED_OSMIUM;9986;15;9985;20;;;10002;15;10003;13;;;9994.5;0.0
20;40800;INTARIAN_PEPPER_ROOT;33036;12;33034;10;;;33047;10;33050;11;;;33041.5;0.0
20;40900;ASH_COATED_OSMIUM;9987;15;9984;15;;;10003;29;10006;15;;;9995.5;0.0
20;40900;INTARIAN_PEPPER_ROOT;33032;12;33029;8;;;33048;11;33051;12;;;33040.5;0.0
20;41000;ASH_COATED_OSMIUM;9985;14;;;;;10001;14;;;;;9993.5;0.0
20;41000;INTARIAN_PEPPER_ROOT;33034;9;33032;16;;;33046;12;33048;8;;;33040.5;0.0
20;41100;ASH_COATED_OSMIUM;9987;12;9984;29;9983;15;10003;13;10004;11;10006;13;9995.0;0.0
20;41100;INTARIAN_PEPPER_ROOT;33034;11;33033;8;;;33051;12;33052;10;;;33042.5;0.0
20;41200;ASH_COATED_OSMIUM;9987;12;;;;;10003;23;;;;;9995.0;0.0
20;41200;INTARIAN_PEPPER_ROOT;33034;12;33033;9;;;33047;15;33050;12;;;33040.5;0.0
20;41300;ASH_COATED_OSMIUM;9984;24;;;;;10002;12;;;;;9993.5;0.0
20;41300;INTARIAN_PEPPER_ROOT;33033;19;;;;;33046;9;;;;;33040.0;0.0
20;41400;ASH_COATED_OSMIUM;9987;13;9984;12;9982;15;10006;15;10007;11;10010;2;9997.0;0.0
20;41400;INTARIAN_PEPPER_ROOT;33032;12;33029;12;;;33049;11;33052;11;;;33040.5;0.0
20;41500;ASH_COATED_OSMIUM;9982;14;9980;20;;;9998;10;10001;23;;;9990.0;0.0
20;41500;INTARIAN_PEPPER_ROOT;33032;9;33030;8;;;33050;7;33052;9;;;33041.0;0.0
20;41600;ASH_COATED_OSMIUM;9978;10;;;;;9996;22;;;;;9987.0;0.0
20;41600;INTARIAN_PEPPER_ROOT;33032;15;33029;8;33028;8;33044;11;33047;10;33048;12;33038.0;0.0
20;41700;ASH_COATED_OSMIUM;9981;14;9978;11;9977;14;9997;11;9999;30;10002;11;9989.5;0.0
20;41700;INTARIAN_PEPPER_ROOT;33032;20;33030;9;;;33049;11;33051;10;;;33041.0;0.0
20;41800;ASH_COATED_OSMIUM;9983;10;9980;10;9979;10;9992;15;9995;13;9996;23;9987.5;0.0
20;41800;INTARIAN_PEPPER_ROOT;33033;19;33032;23;33029;8;33045;10;33048;19;33051;8;33039.5;0.0
20;41900;ASH_COATED_OSMIUM;9986;15;9983;11;9981;10;9996;14;9999;23;10001;11;9991.0;0.0
20;41900;INTARIAN_PEPPER_ROOT;33038;8;33037;25;;;33050;9;33053;12;;;33044.5;0.0
20;42000;ASH_COATED_OSMIUM;9990;15;9987;20;9986;12;10006;10;10009;14;10012;13;9998.0;0.0
20;42000;INTARIAN_PEPPER_ROOT;33039;10;33037;23;;;33052;12;33054;11;;;33045.5;0.0
20;42100;ASH_COATED_OSMIUM;9995;14;9992;15;9990;24;10014;28;10015;3;10017;13;10004.5;0.0
20;42100;INTARIAN_PEPPER_ROOT;33043;17;;;;;33046;8;;;;;33045.0;0.0
20;42200;ASH_COATED_OSMIUM;9992;14;;;;;10008;13;;;;;10000.5;0.0
20;42200;INTARIAN_PEPPER_ROOT;33036;21;33035;10;;;33050;11;33052;24;;;33043.0;0.0
20;42300;ASH_COATED_OSMIUM;9989;10;;;;;10005;14;;;;;9997.5;0.0
20;42300;INTARIAN_PEPPER_ROOT;33038;8;33036;11;;;33043;9;33044;8;;;33040.5;0.0
20;42400;ASH_COATED_OSMIUM;9989;13;;;;;10008;11;;;;;9998.5;0.0
20;42400;INTARIAN_PEPPER_ROOT;33036;10;33033;11;33031;10;33047;12;33048;10;33050;9;33041.5;0.0
20;42500;ASH_COATED_OSMIUM;9984;29;9983;26;;;10000;10;10003;4;;;9992.5;0.0
20;42500;INTARIAN_PEPPER_ROOT;33038;12;33037;8;;;33054;11;33056;9;;;33046.0;0.0
20;42600;ASH_COATED_OSMIUM;9989;12;9986;13;;;10005;10;10006;15;;;9997.5;0.0
20;42600;INTARIAN_PEPPER_ROOT;33037;21;33035;20;;;33050;23;33051;9;;;33044.0;0.0
20;42700;ASH_COATED_OSMIUM;9991;13;9990;13;9987;12;10007;14;10009;20;10011;29;9999.0;0.0
20;42700;INTARIAN_PEPPER_ROOT;33034;11;;;;;33051;10;;;;;33043.0;0.0
20;42800;ASH_COATED_OSMIUM;9993;25;9992;11;9989;12;10009;20;10011;14;10013;10;10001.5;0.0
20;42800;INTARIAN_PEPPER_ROOT;33037;10;33035;8;;;33052;11;33053;9;;;33045.0;0.0
20;42900;ASH_COATED_OSMIUM;9995;25;9993;12;9992;15;10011;14;10014;10;10015;11;10003.5;0.0
20;42900;INTARIAN_PEPPER_ROOT;33034;6;;;;;33049;10;;;;;33042.0;0.0
20;43000;ASH_COATED_OSMIUM;9995;12;9992;11;;;10011;13;10014;14;;;10003.0;0.0
20;43000;INTARIAN_PEPPER_ROOT;33038;21;33036;12;33034;9;33049;12;33051;7;33052;8;33043.5;0.0
20;43100;ASH_COATED_OSMIUM;9995;30;9993;10;;;10011;13;10012;12;;;10003.0;0.0
20;43100;INTARIAN_PEPPER_ROOT;33037;23;;;;;33050;10;;;;;33044.0;0.0
20;43200;ASH_COATED_OSMIUM;9981;15;;;;;9997;15;;;;;9989.5;0.0
20;43200;INTARIAN_PEPPER_ROOT;33035;9;33032;24;33030;12;33048;9;33049;16;33050;12;33042.0;0.0
20;43300;ASH_COATED_OSMIUM;9979;22;9978;13;9976;12;9995;10;9996;20;9999;13;9987.0;0.0
20;43300;INTARIAN_PEPPER_ROOT;33034;9;33032;9;33031;11;33048;15;33049;25;33051;11;33041.5;0.0
20;43400;ASH_COATED_OSMIUM;9983;12;9981;27;;;9999;11;10002;28;;;9991.0;0.0
20;43400;INTARIAN_PEPPER_ROOT;33039;11;;;;;33050;8;;;;;33044.5;0.0
20;43500;ASH_COATED_OSMIUM;9980;13;9979;10;;;9998;15;10001;10;;;9989.5;0.0
20;43500;INTARIAN_PEPPER_ROOT;33036;9;;;;;33052;10;;;;;33044.5;0.0
20;43600;ASH_COATED_OSMIUM;9985;29;;;;;10001;15;;;;;9993.5;0.0
20;43600;INTARIAN_PEPPER_ROOT;33039;12;;;;;33051;18;;;;;33045.0;0.0
20;43700;ASH_COATED_OSMIUM;9984;10;9983;10;9980;10;10000;15;10001;12;10002;22;9992.0;0.0
20;43700;INTARIAN_PEPPER_ROOT;33036;10;33034;10;33031;8;33050;12;33052;8;33053;11;33043.5;0.0
20;43800;ASH_COATED_OSMIUM;9986;11;9984;11;9982;12;10002;14;10005;11;10008;13;9994.5;0.0
20;43800;INTARIAN_PEPPER_ROOT;33039;9;;;;;33051;12;;;;;33045.0;0.0
20;43900;ASH_COATED_OSMIUM;9986;14;9985;12;9983;23;10007;21;10010;14;10011;4;9996.5;0.0
20;43900;INTARIAN_PEPPER_ROOT;33037;8;33034;22;;;33049;11;33052;9;;;33043.0;0.0
20;44000;ASH_COATED_OSMIUM;9988;10;9986;14;9985;14;9998;11;9999;13;10001;10;9993.5;0.0
20;44000;INTARIAN_PEPPER_ROOT;33040;9;33038;12;33037;18;33055;16;33056;9;33057;15;33048.0;0.0
20;44100;ASH_COATED_OSMIUM;9983;28;9981;23;9979;11;9999;27;10002;12;10003;28;9991.5;0.0
20;44100;INTARIAN_PEPPER_ROOT;33041;9;33040;11;33039;10;33054;11;33056;9;33057;10;33048.0;0.0
20;44200;ASH_COATED_OSMIUM;9990;14;;;;;10006;10;;;;;9998.0;0.0
20;44200;INTARIAN_PEPPER_ROOT;33039;8;33038;12;;;33050;12;33053;11;;;33045.0;0.0
20;44300;ASH_COATED_OSMIUM;9996;12;9993;13;;;10012;13;10015;15;;;10004.0;0.0
20;44300;INTARIAN_PEPPER_ROOT;33037;11;33034;12;33032;21;33051;11;33054;11;33055;8;33044.0;0.0
20;44400;ASH_COATED_OSMIUM;9994;13;9993;26;;;10010;14;10012;15;;;10002.5;0.0
20;44400;INTARIAN_PEPPER_ROOT;33040;9;33038;11;33036;9;33052;12;33055;12;33056;11;33046.5;0.0
20;44500;ASH_COATED_OSMIUM;9993;29;9990;13;;;10009;11;10012;11;;;10001.5;0.0
20;44500;INTARIAN_PEPPER_ROOT;33036;11;33033;11;;;33051;11;33052;9;;;33044.0;0.0
20;44600;ASH_COATED_OSMIUM;9988;14;9985;12;;;10004;23;10005;7;;;9996.5;0.0
20;44600;INTARIAN_PEPPER_ROOT;33038;11;;;;;33051;10;;;;;33044.5;0.0
20;44700;ASH_COATED_OSMIUM;9993;14;9992;2;9990;14;10011;10;10013;10;10016;14;10002.0;0.0
20;44700;INTARIAN_PEPPER_ROOT;33037;9;;;;;33050;10;;;;;33044.0;0.0
20;44800;ASH_COATED_OSMIUM;9992;15;;;;;10011;14;;;;;10002.0;0.0
20;44800;INTARIAN_PEPPER_ROOT;33036;24;;;;;33049;11;;;;;33042.5;0.0
20;44900;ASH_COATED_OSMIUM;9994;13;;;;;10010;10;;;;;10002.0;0.0
20;44900;INTARIAN_PEPPER_ROOT;33038;11;;;;;33052;20;;;;;33045.5;0.0
20;45000;ASH_COATED_OSMIUM;9995;14;9993;4;9990;13;10011;10;10012;13;10014;10;10003.0;0.0
20;45000;INTARIAN_PEPPER_ROOT;33037;9;33034;9;;;33052;9;33055;12;;;33044.5;0.0
20;45100;ASH_COATED_OSMIUM;9996;11;9995;15;;;10015;11;10018;12;;;10006.0;0.0
20;45100;INTARIAN_PEPPER_ROOT;33039;12;33036;23;;;33052;12;33053;12;;;33045.5;0.0
20;45200;ASH_COATED_OSMIUM;9999;10;9998;21;;;10015;30;10016;12;;;10007.0;0.0
20;45200;INTARIAN_PEPPER_ROOT;33039;8;33036;9;33035;8;33052;24;33053;24;33056;12;33046.0;0.0
20;45300;ASH_COATED_OSMIUM;10000;13;;;;;10018;10;;;;;10009.5;0.0
20;45300;INTARIAN_PEPPER_ROOT;33039;9;;;;;33051;12;;;;;33045.5;0.0
20;45400;ASH_COATED_OSMIUM;10000;20;9998;15;;;10016;11;10018;14;;;10008.0;0.0
20;45400;INTARIAN_PEPPER_ROOT;33040;10;33039;10;;;33053;11;33054;9;;;33047.0;0.0
20;45500;ASH_COATED_OSMIUM;9996;12;9994;13;9991;4;10012;14;10013;15;10016;13;10004.5;0.0
20;45500;INTARIAN_PEPPER_ROOT;33037;9;;;;;33050;8;;;;;33043.5;0.0
20;45600;ASH_COATED_OSMIUM;9995;10;9993;14;9990;12;10011;12;10014;13;10016;10;10003.5;0.0
20;45600;INTARIAN_PEPPER_ROOT;33043;12;;;;;33054;9;;;;;33048.5;0.0
20;45700;ASH_COATED_OSMIUM;9996;13;9995;14;;;10012;14;10014;12;;;10004.0;0.0
20;45700;INTARIAN_PEPPER_ROOT;33039;10;;;;;33050;12;;;;;33045.0;0.0
20;45800;ASH_COATED_OSMIUM;9991;13;;;;;10007;15;;;;;9999.5;0.0
20;45800;INTARIAN_PEPPER_ROOT;33040;11;;;;;33054;15;;;;;33047.0;0.0
20;45900;ASH_COATED_OSMIUM;9985;15;9982;3;9981;14;10004;11;10005;10;10006;14;9994.5;0.0
20;45900;INTARIAN_PEPPER_ROOT;33041;10;;;;;33053;22;;;;;33047.5;0.0
20;46000;ASH_COATED_OSMIUM;9988;14;;;;;10004;10;;;;;9996.0;0.0
20;46000;INTARIAN_PEPPER_ROOT;33043;9;33040;8;;;33054;9;33056;24;;;33048.5;0.0
20;46100;ASH_COATED_OSMIUM;9987;10;9986;14;9985;10;10006;13;10007;13;10009;12;9996.5;0.0
20;46100;INTARIAN_PEPPER_ROOT;33040;10;;;;;33051;11;;;;;33046.0;0.0
20;46200;ASH_COATED_OSMIUM;9995;12;9992;10;;;10011;10;10013;12;;;10003.0;0.0
20;46200;INTARIAN_PEPPER_ROOT;33039;24;33038;12;;;33053;9;33056;23;;;33046.5;0.0
20;46300;ASH_COATED_OSMIUM;9994;25;9993;15;;;10010;30;10012;14;;;10002.5;0.0
20;46300;INTARIAN_PEPPER_ROOT;33039;10;33038;12;;;33052;18;33054;11;;;33046.0;0.0
20;46400;ASH_COATED_OSMIUM;9998;10;9996;12;9995;14;10014;14;10016;11;10018;11;10006.0;0.0
20;46400;INTARIAN_PEPPER_ROOT;33040;8;33037;8;;;33052;20;33055;11;;;33046.5;0.0
20;46500;ASH_COATED_OSMIUM;9992;10;9990;12;9987;12;10010;15;10013;12;10016;10;10001.0;0.0
20;46500;INTARIAN_PEPPER_ROOT;33037;12;33035;12;;;33052;8;33054;12;;;33045.0;0.0
20;46600;ASH_COATED_OSMIUM;9991;10;9988;10;;;10007;14;10008;11;;;9999.0;0.0
20;46600;INTARIAN_PEPPER_ROOT;33038;8;;;;;33051;10;;;;;33045.0;0.0
20;46700;ASH_COATED_OSMIUM;9989;13;;;;;10005;15;;;;;9997.5;0.0
20;46700;INTARIAN_PEPPER_ROOT;33039;9;33037;12;;;33052;11;33055;8;;;33046.0;0.0
20;46800;ASH_COATED_OSMIUM;9986;12;9985;14;;;10002;4;10003;10;;;9994.5;0.0
20;46800;INTARIAN_PEPPER_ROOT;33041;23;33039;9;;;33055;12;33057;10;;;33048.5;0.0
20;46900;ASH_COATED_OSMIUM;9993;10;9991;13;;;10009;13;10012;12;;;10001.5;0.0
20;46900;INTARIAN_PEPPER_ROOT;33036;10;;;;;33052;12;;;;;33044.0;0.0
20;47000;ASH_COATED_OSMIUM;9988;5;;;;;10004;13;;;;;9996.0;0.0
20;47000;INTARIAN_PEPPER_ROOT;33041;9;33038;18;33035;15;33052;11;33053;12;33056;10;33046.5;0.0
20;47100;ASH_COATED_OSMIUM;9991;10;9988;21;9987;14;10007;5;10009;12;10012;14;9999.5;0.0
20;47100;INTARIAN_PEPPER_ROOT;33037;8;33034;12;;;33051;11;33052;9;;;33044.5;0.0
20;47200;ASH_COATED_OSMIUM;9994;12;;;;;10010;11;;;;;10002.5;0.0
20;47200;INTARIAN_PEPPER_ROOT;33040;21;;;;;33052;11;;;;;33046.5;0.0
20;47300;ASH_COATED_OSMIUM;9996;22;;;;;10012;14;;;;;10004.5;0.0
20;47300;INTARIAN_PEPPER_ROOT;33040;8;33038;12;33037;9;33058;16;33061;8;33062;8;33049.0;0.0
20;47400;ASH_COATED_OSMIUM;9994;9;9992;14;;;10010;12;10012;15;;;10002.5;0.0
20;47400;INTARIAN_PEPPER_ROOT;33038;9;;;;;33053;10;;;;;33046.0;0.0
20;47500;ASH_COATED_OSMIUM;9991;10;9990;29;9988;12;10010;15;10013;11;10015;21;10001.0;0.0
20;47500;INTARIAN_PEPPER_ROOT;33040;9;;;;;33052;9;;;;;33046.0;0.0
20;47600;ASH_COATED_OSMIUM;9993;12;9991;15;9990;21;10009;10;10011;14;10014;15;10001.0;0.0
20;47600;INTARIAN_PEPPER_ROOT;33037;8;33035;10;;;33054;8;33057;10;;;33046.0;0.0
20;47700;ASH_COATED_OSMIUM;9998;10;;;;;10014;13;;;;;10006.5;0.0
20;47700;INTARIAN_PEPPER_ROOT;33041;12;;;;;33053;10;;;;;33047.5;0.0
20;47800;ASH_COATED_OSMIUM;9997;25;9995;22;;;10013;15;10016;12;;;10005.5;0.0
20;47800;INTARIAN_PEPPER_ROOT;33045;15;;;;;33053;10;;;;;33049.5;0.0
20;47900;ASH_COATED_OSMIUM;9993;10;9992;23;;;10009;13;10012;12;;;10001.5;0.0
20;47900;INTARIAN_PEPPER_ROOT;33045;11;;;;;33056;12;;;;;33050.5;0.0
20;48000;ASH_COATED_OSMIUM;9989;13;;;;;10008;11;;;;;9999.0;0.0
20;48000;INTARIAN_PEPPER_ROOT;33042;23;;;;;33054;10;;;;;33048.5;0.0
20;48100;ASH_COATED_OSMIUM;9988;11;9985;15;;;10004;23;10007;12;;;9996.5;0.0
20;48100;INTARIAN_PEPPER_ROOT;33041;11;33040;11;33037;22;33056;12;33058;9;33061;11;33048.5;0.0
20;48200;ASH_COATED_OSMIUM;9987;12;9985;11;;;10003;12;10006;10;;;9995.0;0.0
20;48200;INTARIAN_PEPPER_ROOT;33044;11;33042;12;33041;15;33058;8;33060;10;33061;8;33051.5;0.0
20;48300;ASH_COATED_OSMIUM;9991;15;9988;14;;;10007;10;10009;13;;;9999.5;0.0
20;48300;INTARIAN_PEPPER_ROOT;33043;12;33042;8;33039;23;33056;10;33057;9;33059;12;33050.0;0.0
20;48400;ASH_COATED_OSMIUM;9993;11;9990;10;;;10009;20;10012;29;;;10001.0;0.0
20;48400;INTARIAN_PEPPER_ROOT;33041;12;33039;11;33037;12;33057;11;33059;9;33061;9;33049.0;0.0
20;48500;ASH_COATED_OSMIUM;9994;15;9992;12;9990;15;10010;10;10013;12;10016;24;10002.5;0.0
20;48500;INTARIAN_PEPPER_ROOT;33040;11;;;;;33053;9;;;;;33046.5;0.0
20;48600;ASH_COATED_OSMIUM;9994;14;9992;26;;;10010;15;10011;3;;;10002.0;0.0
20;48600;INTARIAN_PEPPER_ROOT;33041;4;33039;23;33036;8;33057;15;33060;12;33061;22;33049.5;0.0
20;48700;ASH_COATED_OSMIUM;9996;15;;;;;10012;10;;;;;10004.5;0.0
20;48700;INTARIAN_PEPPER_ROOT;33045;11;33043;9;;;33057;16;33059;8;;;33051.0;0.0
20;48800;ASH_COATED_OSMIUM;9994;15;9991;29;;;10012;14;10014;20;;;10003.5;0.0
20;48800;INTARIAN_PEPPER_ROOT;33039;10;33037;9;;;33056;9;33059;20;;;33047.5;0.0
20;48900;ASH_COATED_OSMIUM;9997;15;9994;14;;;10013;13;10016;12;;;10005.5;0.0
20;48900;INTARIAN_PEPPER_ROOT;33044;16;33041;12;33040;17;33055;9;33056;8;33058;8;33049.5;0.0
20;49000;ASH_COATED_OSMIUM;9987;10;9986;11;9985;13;10006;14;10007;2;10008;13;9996.5;0.0
20;49000;INTARIAN_PEPPER_ROOT;33044;10;;;;;33058;12;;;;;33051.5;0.0
20;49100;ASH_COATED_OSMIUM;9992;13;9989;12;;;10010;11;10013;11;;;10001.0;0.0
20;49100;INTARIAN_PEPPER_ROOT;33041;12;;;;;33058;11;;;;;33049.5;0.0
20;49200;ASH_COATED_OSMIUM;9994;12;9992;25;;;10000;13;10001;15;;;9997.5;0.0
20;49200;INTARIAN_PEPPER_ROOT;33045;18;33042;11;;;33057;11;33058;23;;;33051.5;0.0
20;49300;ASH_COATED_OSMIUM;9995;14;9992;20;9991;21;10014;5;10017;22;10018;14;10005.0;0.0
20;49300;INTARIAN_PEPPER_ROOT;33045;10;33042;12;33039;22;33058;8;33061;10;33063;10;33051.5;0.0
20;49400;ASH_COATED_OSMIUM;9995;15;9994;13;9992;11;10005;13;10007;15;10008;12;10000.0;0.0
20;49400;INTARIAN_PEPPER_ROOT;33040;10;33038;10;33036;8;33056;12;33058;11;33061;8;33048.0;0.0
20;49500;ASH_COATED_OSMIUM;9992;10;9991;14;9989;15;10008;26;10011;11;10012;15;10000.0;0.0
20;49500;INTARIAN_PEPPER_ROOT;33043;11;;;;;33055;11;;;;;33049.0;0.0
20;49600;ASH_COATED_OSMIUM;9994;11;9993;15;9991;26;10010;13;10011;24;10014;14;10002.5;0.0
20;49600;INTARIAN_PEPPER_ROOT;33039;19;;;;;33051;11;;;;;33045.0;0.0
20;49700;ASH_COATED_OSMIUM;9989;20;;;;;10007;12;;;;;9998.0;0.0
20;49700;INTARIAN_PEPPER_ROOT;33047;18;33044;8;;;33060;11;33063;11;;;33054.0;0.0
20;49800;ASH_COATED_OSMIUM;9985;14;9984;10;;;10004;15;10006;30;;;9994.5;0.0
20;49800;INTARIAN_PEPPER_ROOT;33043;10;33041;12;;;33057;11;33059;9;;;33050.5;0.0
20;49900;ASH_COATED_OSMIUM;9990;10;9987;11;9986;12;10008;24;10010;14;10011;15;9999.0;0.0
20;49900;INTARIAN_PEPPER_ROOT;33044;11;33042;9;33041;8;33057;9;33060;8;33062;11;33051.0;0.0
20;50000;ASH_COATED_OSMIUM;9986;13;9984;29;9981;14;10002;12;10004;14;10006;15;9994.5;0.0
20;50000;INTARIAN_PEPPER_ROOT;33044;12;33042;23;33040;12;33058;11;33060;21;33061;12;33051.0;0.0
20;50100;ASH_COATED_OSMIUM;9989;13;9986;12;9983;10;9996;10;9999;11;10000;5;9993.0;0.0
20;50100;INTARIAN_PEPPER_ROOT;33045;11;33044;12;33041;12;33057;8;33058;9;33059;12;33051.0;0.0
20;50200;ASH_COATED_OSMIUM;9992;10;9991;13;;;10013;13;10015;24;;;10002.5;0.0
20;50200;INTARIAN_PEPPER_ROOT;33046;9;33044;9;;;33059;11;33061;10;;;33052.5;0.0
20;50300;ASH_COATED_OSMIUM;9988;15;9985;28;9982;10;10004;11;10006;10;10008;28;9996.0;0.0
20;50300;INTARIAN_PEPPER_ROOT;33044;9;33042;9;;;33057;9;33060;8;;;33050.5;0.0
20;50400;ASH_COATED_OSMIUM;9983;25;9980;13;;;9999;13;10002;11;;;9991.5;0.0
20;50400;INTARIAN_PEPPER_ROOT;33043;8;33040;10;;;33056;9;33057;11;;;33050.0;0.0
20;50500;ASH_COATED_OSMIUM;9988;12;;;;;10004;13;;;;;9996.0;0.0
20;50500;INTARIAN_PEPPER_ROOT;33042;8;;;;;33056;8;;;;;33049.0;0.0
20;50600;ASH_COATED_OSMIUM;9989;10;9986;15;9983;13;10007;13;10010;29;10012;10;9998.5;0.0
20;50600;INTARIAN_PEPPER_ROOT;33042;11;;;;;33055;8;;;;;33049.0;0.0
20;50700;ASH_COATED_OSMIUM;9988;3;9985;11;9983;10;10007;12;10010;13;10012;14;9997.5;0.0
20;50700;INTARIAN_PEPPER_ROOT;33048;11;;;;;33060;12;;;;;33054.0;0.0
20;50800;ASH_COATED_OSMIUM;9987;10;9986;14;;;10003;8;10004;20;;;9995.5;0.0
20;50800;INTARIAN_PEPPER_ROOT;33039;9;33036;10;33033;11;33053;9;33054;11;33055;10;33046.0;0.0
20;50900;ASH_COATED_OSMIUM;9994;4;9991;11;9989;30;10010;12;10013;12;10014;13;10002.0;0.0
20;50900;INTARIAN_PEPPER_ROOT;33045;22;33044;10;;;33056;8;33057;10;;;33050.5;0.0
20;51000;ASH_COATED_OSMIUM;9988;26;;;;;10007;14;;;;;9998.0;0.0
20;51000;INTARIAN_PEPPER_ROOT;33043;22;33042;11;33040;8;33057;11;33060;8;33062;12;33050.5;0.0
20;51100;ASH_COATED_OSMIUM;9987;12;9985;4;9983;23;10003;11;10006;23;10009;11;9995.5;0.0
20;51100;INTARIAN_PEPPER_ROOT;33050;11;33048;9;33047;12;33053;12;33056;9;33058;9;33051.5;0.0
20;51200;ASH_COATED_OSMIUM;9989;21;9988;9;9985;14;10000;23;10003;11;10005;14;9995.0;0.0
20;51200;INTARIAN_PEPPER_ROOT;33048;9;33047;10;;;33059;9;33061;9;;;33054.0;0.0
20;51300;ASH_COATED_OSMIUM;9994;10;;;;;10013;15;;;;;10003.5;0.0
20;51300;INTARIAN_PEPPER_ROOT;33048;8;;;;;33062;10;;;;;33055.0;0.0
20;51400;ASH_COATED_OSMIUM;9993;15;;;;;10009;15;;;;;10001.0;0.0
20;51400;INTARIAN_PEPPER_ROOT;33044;9;33041;17;;;33057;9;33058;9;;;33050.5;0.0
20;51500;ASH_COATED_OSMIUM;9995;15;9994;29;;;10014;15;10017;13;;;10005.0;0.0
20;51500;INTARIAN_PEPPER_ROOT;33050;9;33047;12;;;33053;12;33055;16;;;33051.5;0.0
20;51600;ASH_COATED_OSMIUM;9998;22;;;;;10014;14;;;;;10006.5;0.0
20;51600;INTARIAN_PEPPER_ROOT;33046;8;33043;22;;;33058;12;33060;8;;;33052.5;0.0
20;51700;ASH_COATED_OSMIUM;10002;10;10001;14;9999;13;10018;11;10020;12;10021;11;10010.5;0.0
20;51700;INTARIAN_PEPPER_ROOT;33048;8;;;;;33062;12;;;;;33055.0;0.0
20;51800;ASH_COATED_OSMIUM;9999;30;9998;12;;;10017;29;10019;11;;;10008.5;0.0
20;51800;INTARIAN_PEPPER_ROOT;33043;19;33041;12;33038;12;33057;9;33059;11;33061;12;33050.5;0.0
20;51900;ASH_COATED_OSMIUM;9994;13;9992;14;;;10010;14;10012;12;;;10002.5;0.0
20;51900;INTARIAN_PEPPER_ROOT;33048;8;;;;;33059;12;;;;;33054.0;0.0
20;52000;ASH_COATED_OSMIUM;9996;10;;;;;10014;13;;;;;10005.0;0.0
20;52000;INTARIAN_PEPPER_ROOT;33039;10;33037;10;;;33057;8;33060;9;;;33048.5;0.0
20;52100;ASH_COATED_OSMIUM;9991;10;9990;5;9987;14;10009;11;10012;21;10014;13;10000.5;0.0
20;52100;INTARIAN_PEPPER_ROOT;33042;11;;;;;33056;11;;;;;33049.0;0.0
20;52200;ASH_COATED_OSMIUM;9994;12;9992;13;9991;13;10003;13;10006;12;10008;10;9998.5;0.0
20;52200;INTARIAN_PEPPER_ROOT;33044;10;33041;23;;;33058;10;33060;8;;;33051.0;0.0
20;52300;ASH_COATED_OSMIUM;9984;13;9983;11;;;9994;15;9996;10;;;9989.5;0.0
20;52300;INTARIAN_PEPPER_ROOT;33044;12;33042;11;33039;9;33056;10;33057;16;33058;11;33050.5;0.0
20;52400;ASH_COATED_OSMIUM;9984;12;;;;;9994;14;;;;;9989.5;0.0
20;52400;INTARIAN_PEPPER_ROOT;33047;11;33045;11;33043;10;33062;10;33063;9;33066;8;33055.0;0.0
20;52500;ASH_COATED_OSMIUM;9984;10;9981;5;;;10003;14;10005;13;;;9994.0;0.0
20;52500;INTARIAN_PEPPER_ROOT;33046;8;33043;11;33040;12;33057;9;33060;9;33062;9;33052.0;0.0
20;52600;ASH_COATED_OSMIUM;9986;10;9983;15;9980;12;10002;11;10004;14;10007;28;9994.0;0.0
20;52600;INTARIAN_PEPPER_ROOT;33046;9;33045;16;33044;9;33063;22;33064;12;33066;10;33054.5;0.0
20;52700;ASH_COATED_OSMIUM;9985;27;9982;29;9981;10;10003;14;10004;15;10006;14;9994.0;0.0
20;52700;INTARIAN_PEPPER_ROOT;33047;8;33046;11;;;33061;12;33062;8;;;33054.0;0.0
20;52800;ASH_COATED_OSMIUM;9989;15;9987;14;;;10005;12;10006;10;;;9997.5;0.0
20;52800;INTARIAN_PEPPER_ROOT;33046;9;33043;8;33042;9;33059;19;33061;11;33063;12;33053.0;0.0
20;52900;ASH_COATED_OSMIUM;9990;15;;;;;10006;13;;;;;9998.0;0.0
20;52900;INTARIAN_PEPPER_ROOT;33043;8;;;;;33054;9;;;;;33049.0;0.0
20;53000;ASH_COATED_OSMIUM;9995;10;;;;;10011;15;;;;;10003.0;0.0
20;53000;INTARIAN_PEPPER_ROOT;33049;11;33046;11;;;33052;9;33053;9;;;33051.0;0.0
20;53100;ASH_COATED_OSMIUM;9992;10;9991;5;;;10008;12;10010;13;;;10000.0;0.0
20;53100;INTARIAN_PEPPER_ROOT;33051;8;;;;;33062;9;;;;;33056.5;0.0
20;53200;ASH_COATED_OSMIUM;9993;14;9991;11;;;10009;10;10012;11;;;10001.5;0.0
20;53200;INTARIAN_PEPPER_ROOT;33055;10;33052;10;33049;9;33058;9;33061;12;33064;10;33056.5;0.0
20;53300;ASH_COATED_OSMIUM;10000;2;;;;;10016;24;;;;;10008.5;0.0
20;53300;INTARIAN_PEPPER_ROOT;33045;12;33042;9;;;33058;11;33060;11;;;33052.0;0.0
20;53400;ASH_COATED_OSMIUM;9995;22;9992;15;;;10011;11;10013;11;;;10003.5;0.0
20;53400;INTARIAN_PEPPER_ROOT;33048;11;;;;;33059;12;;;;;33054.0;0.0
20;53500;ASH_COATED_OSMIUM;9993;10;9990;15;;;10011;13;10013;15;;;10002.0;0.0
20;53500;INTARIAN_PEPPER_ROOT;33040;9;;;;;33057;23;;;;;33049.0;0.0
20;53600;ASH_COATED_OSMIUM;9996;13;9993;10;;;10012;22;10013;10;;;10004.0;0.0
20;53600;INTARIAN_PEPPER_ROOT;33048;12;33045;9;33042;8;33061;10;33062;9;33063;17;33055.0;0.0
20;53700;ASH_COATED_OSMIUM;9993;13;9990;14;;;10009;24;10012;14;;;10001.5;0.0
20;53700;INTARIAN_PEPPER_ROOT;33046;12;33044;10;33041;23;33059;10;33061;10;33063;8;33053.0;0.0
20;53800;ASH_COATED_OSMIUM;9994;13;9992;13;;;10013;13;10014;10;;;10003.5;0.0
20;53800;INTARIAN_PEPPER_ROOT;33049;17;33046;10;;;33062;10;33064;12;;;33056.0;0.0
20;53900;ASH_COATED_OSMIUM;9991;12;9990;11;;;10009;14;10012;15;;;10000.0;0.0
20;53900;INTARIAN_PEPPER_ROOT;33048;11;;;;;33051;10;;;;;33049.5;0.0
20;54000;ASH_COATED_OSMIUM;9996;14;9993;12;;;10012;10;10013;14;;;10004.0;0.0
20;54000;INTARIAN_PEPPER_ROOT;33047;10;33046;10;;;33060;12;33061;24;;;33054.0;0.0
20;54100;ASH_COATED_OSMIUM;9997;15;9994;14;;;10013;14;10016;11;;;10005.0;0.0
20;54100;INTARIAN_PEPPER_ROOT;33049;23;;;;;33063;12;;;;;33056.5;0.0
20;54200;ASH_COATED_OSMIUM;9993;10;;;;;10008;11;;;;;10001.0;0.0
20;54200;INTARIAN_PEPPER_ROOT;33053;8;;;;;33061;9;;;;;33057.0;0.0
20;54300;ASH_COATED_OSMIUM;9996;22;9995;27;9992;23;10012;15;10013;15;10016;14;10004.0;0.0
20;54300;INTARIAN_PEPPER_ROOT;33049;10;;;;;33061;9;;;;;33055.5;0.0
20;54400;ASH_COATED_OSMIUM;9991;12;9989;15;9988;11;10007;15;10009;13;10011;15;9999.5;0.0
20;54400;INTARIAN_PEPPER_ROOT;33048;16;33046;9;33045;11;33061;8;33062;8;33065;9;33055.0;0.0
20;54500;ASH_COATED_OSMIUM;9989;11;9987;11;;;10005;11;10008;30;;;9997.0;0.0
20;54500;INTARIAN_PEPPER_ROOT;33047;8;33044;8;33043;20;33060;11;33063;8;33065;9;33054.0;0.0
20;54600;ASH_COATED_OSMIUM;9990;12;9987;12;9985;14;10006;14;10007;10;10009;13;9998.0;0.0
20;54600;INTARIAN_PEPPER_ROOT;33043;8;33041;9;;;33055;25;33057;23;;;33049.5;0.0
20;54700;ASH_COATED_OSMIUM;9994;4;9993;11;;;10010;13;10012;15;;;10002.0;0.0
20;54700;INTARIAN_PEPPER_ROOT;33054;15;33053;11;33051;12;33056;9;33059;8;33061;12;33055.5;0.0
20;54800;ASH_COATED_OSMIUM;9991;12;;;;;10007;11;;;;;9999.0;0.0
20;54800;INTARIAN_PEPPER_ROOT;33046;9;33044;10;33042;12;33057;12;33060;8;33061;12;33051.5;0.0
20;54900;ASH_COATED_OSMIUM;9988;10;9987;13;;;10004;13;10006;15;;;9996.0;0.0
20;54900;INTARIAN_PEPPER_ROOT;33049;24;33047;8;33045;22;33060;15;33062;9;33063;10;33054.5;0.0
20;55000;ASH_COATED_OSMIUM;9982;3;9980;13;;;10001;23;10002;28;;;9992.0;0.0
20;55000;INTARIAN_PEPPER_ROOT;33051;10;33048;17;;;33065;9;33068;9;;;33058.5;0.0
20;55100;ASH_COATED_OSMIUM;9986;12;9984;10;;;10002;14;10005;10;;;9994.5;0.0
20;55100;INTARIAN_PEPPER_ROOT;33050;11;33047;8;;;33064;11;33066;11;;;33057.0;0.0
20;55200;ASH_COATED_OSMIUM;9988;13;9987;11;;;10004;15;10007;29;;;9996.5;0.0
20;55200;INTARIAN_PEPPER_ROOT;33052;10;33049;12;33047;10;33064;16;33067;8;33070;24;33058.5;0.0
20;55300;ASH_COATED_OSMIUM;9996;15;;;;;10002;14;;;;;9999.0;0.0
20;55300;INTARIAN_PEPPER_ROOT;33052;8;33049;11;33046;20;33066;12;33068;8;33070;11;33059.5;0.0
20;55400;ASH_COATED_OSMIUM;9996;13;;;;;10003;10;;;;;10000.0;0.0
20;55400;INTARIAN_PEPPER_ROOT;33051;11;33049;11;;;33063;9;33066;9;;;33057.5;0.0
20;55500;ASH_COATED_OSMIUM;9991;11;;;;;10007;14;;;;;9999.5;0.0
20;55500;INTARIAN_PEPPER_ROOT;33048;9;;;;;33061;12;;;;;33055.0;0.0
20;55600;ASH_COATED_OSMIUM;9986;14;9983;11;9980;10;10002;15;10003;10;10004;10;9994.5;0.0
20;55600;INTARIAN_PEPPER_ROOT;33047;19;;;;;33058;11;;;;;33053.0;0.0
20;55700;ASH_COATED_OSMIUM;9986;14;9983;24;9982;10;10002;13;10004;14;10006;14;9994.5;0.0
20;55700;INTARIAN_PEPPER_ROOT;33048;10;33045;11;33043;9;33061;12;33064;8;33067;20;33054.5;0.0
20;55800;ASH_COATED_OSMIUM;9983;10;9980;14;;;9999;15;10000;13;;;9991.5;0.0
20;55800;INTARIAN_PEPPER_ROOT;33046;8;33043;8;;;33060;11;33063;8;;;33053.0;0.0
20;55900;ASH_COATED_OSMIUM;9978;13;;;;;9994;23;;;;;9986.5;0.0
20;55900;INTARIAN_PEPPER_ROOT;33054;10;33051;19;;;33065;12;33066;10;;;33060.0;0.0
20;56000;ASH_COATED_OSMIUM;9982;10;9981;14;9979;10;9998;15;9999;14;10000;10;9990.0;0.0
20;56000;INTARIAN_PEPPER_ROOT;33048;8;33046;10;;;33062;11;33065;9;;;33055.5;0.0
20;56100;ASH_COATED_OSMIUM;9990;27;9987;12;9984;25;9995;12;9998;11;10001;10;9992.5;0.0
20;56100;INTARIAN_PEPPER_ROOT;33052;8;;;;;33068;9;;;;;33060.0;0.0
20;56200;ASH_COATED_OSMIUM;9983;13;9980;12;9978;11;9999;10;10000;13;10001;11;9991.5;0.0
20;56200;INTARIAN_PEPPER_ROOT;33051;22;33048;12;;;33065;10;33067;9;;;33058.5;0.0
20;56300;ASH_COATED_OSMIUM;9992;12;;;;;9998;13;;;;;9995.5;0.0
20;56300;INTARIAN_PEPPER_ROOT;33049;8;33048;24;33046;10;33062;9;33063;9;33065;8;33055.5;0.0
20;56400;ASH_COATED_OSMIUM;9990;10;9987;15;9984;13;10009;15;10010;15;10013;28;10000.0;0.0
20;56400;INTARIAN_PEPPER_ROOT;33053;12;33050;8;;;33066;23;33068;10;;;33060.0;0.0
20;56500;ASH_COATED_OSMIUM;9996;30;9993;13;9990;21;10014;10;10015;11;10018;11;10005.5;0.0
20;56500;INTARIAN_PEPPER_ROOT;33047;10;33045;8;;;33065;9;33066;23;;;33056.5;0.0
20;56600;ASH_COATED_OSMIUM;9996;12;;;;;10012;5;;;;;10004.5;0.0
20;56600;INTARIAN_PEPPER_ROOT;33052;10;33049;10;;;33063;11;33064;18;;;33058.0;0.0
20;56700;ASH_COATED_OSMIUM;9994;15;;;;;10010;13;;;;;10002.0;0.0
20;56700;INTARIAN_PEPPER_ROOT;33047;24;33045;9;33044;12;33061;9;33062;9;33065;11;33054.5;0.0
20;56800;ASH_COATED_OSMIUM;9988;12;9986;11;9984;10;10007;12;10009;12;10012;27;9998.0;0.0
20;56800;INTARIAN_PEPPER_ROOT;33046;21;33045;10;;;33063;9;33065;9;;;33054.5;0.0
20;56900;ASH_COATED_OSMIUM;9994;13;9991;10;9990;23;10010;11;10011;13;10013;22;10002.5;0.0
20;56900;INTARIAN_PEPPER_ROOT;33049;9;33046;9;;;33066;11;33069;12;;;33058.0;0.0
20;57000;ASH_COATED_OSMIUM;9995;12;9992;15;;;10011;10;10013;10;;;10003.5;0.0
20;57000;INTARIAN_PEPPER_ROOT;33050;8;33049;12;33046;12;33061;9;33063;12;33066;8;33055.5;0.0
20;57100;ASH_COATED_OSMIUM;9993;30;;;;;10009;15;;;;;10001.0;0.0
20;57100;INTARIAN_PEPPER_ROOT;33053;25;33051;11;;;33065;12;33068;12;;;33059.0;0.0
20;57200;ASH_COATED_OSMIUM;9988;14;9986;14;9984;11;10006;15;10009;14;10010;11;9997.0;0.0
20;57200;INTARIAN_PEPPER_ROOT;33052;9;33049;8;;;33059;8;33061;9;;;33055.5;0.0
20;57300;ASH_COATED_OSMIUM;9992;15;9991;14;;;10008;13;10011;29;;;10000.5;0.0
20;57300;INTARIAN_PEPPER_ROOT;33046;23;33045;12;;;33065;8;33066;8;;;33056.0;0.0
20;57400;ASH_COATED_OSMIUM;9990;20;9988;12;;;10006;10;10009;10;;;9998.5;0.0
20;57400;INTARIAN_PEPPER_ROOT;33052;11;33050;10;33047;9;33066;11;33069;11;33071;11;33059.0;0.0
20;57500;ASH_COATED_OSMIUM;9992;10;9989;13;;;10008;14;10011;15;;;10000.5;0.0
20;57500;INTARIAN_PEPPER_ROOT;33051;11;;;;;33064;11;;;;;33057.5;0.0
20;57600;ASH_COATED_OSMIUM;9993;13;9992;14;;;10009;15;10012;15;;;10001.0;0.0
20;57600;INTARIAN_PEPPER_ROOT;33052;9;;;;;33064;9;;;;;33058.5;0.0
20;57700;ASH_COATED_OSMIUM;9993;15;9991;13;9990;28;10012;14;10015;14;10017;3;10003.0;0.0
20;57700;INTARIAN_PEPPER_ROOT;33051;11;33048;17;;;33064;8;33067;19;;;33057.5;0.0
20;57800;ASH_COATED_OSMIUM;9992;26;;;;;10008;11;;;;;10000.0;0.0
20;57800;INTARIAN_PEPPER_ROOT;33055;12;33054;9;;;33068;8;33070;10;;;33061.5;0.0
20;57900;ASH_COATED_OSMIUM;9989;14;9986;6;;;10008;12;10011;12;;;9999.0;0.0
20;57900;INTARIAN_PEPPER_ROOT;33049;9;;;;;33066;10;;;;;33058.0;0.0
20;58000;ASH_COATED_OSMIUM;9991;9;9988;14;9987;15;10007;22;10008;10;10010;15;9999.5;0.0
20;58000;INTARIAN_PEPPER_ROOT;33054;11;33053;9;33052;11;33068;18;33071;10;33074;18;33061.0;0.0
20;58100;ASH_COATED_OSMIUM;9996;13;9993;10;;;10012;13;10013;15;;;10004.5;0.0
20;58100;INTARIAN_PEPPER_ROOT;33050;10;33048;11;33047;9;33062;12;33064;11;33067;8;33056.0;0.0
20;58200;ASH_COATED_OSMIUM;9999;15;9997;5;;;10015;14;10018;11;;;10007.5;0.0
20;58200;INTARIAN_PEPPER_ROOT;33051;15;33049;10;33047;12;33064;12;33065;10;33068;11;33057.5;0.0
20;58300;ASH_COATED_OSMIUM;10000;11;9997;11;9996;15;10018;12;10021;14;10023;11;10009.5;0.0
20;58300;INTARIAN_PEPPER_ROOT;33059;12;33057;8;33056;12;33062;9;33065;9;33066;22;33060.5;0.0
20;58400;ASH_COATED_OSMIUM;9999;11;9998;10;;;10015;11;10017;11;;;10007.5;0.0
20;58400;INTARIAN_PEPPER_ROOT;33047;10;33045;11;33042;18;33061;10;33062;15;33063;12;33054.0;0.0
20;58500;ASH_COATED_OSMIUM;9993;12;9990;15;;;10012;11;10013;11;;;10003.0;0.0
20;58500;INTARIAN_PEPPER_ROOT;33050;10;;;;;33063;25;;;;;33056.5;0.0
20;58600;ASH_COATED_OSMIUM;9995;10;9992;11;9990;12;10011;28;10014;12;10016;12;10003.0;0.0
20;58600;INTARIAN_PEPPER_ROOT;33054;12;;;;;33070;8;;;;;33062.0;0.0
20;58700;ASH_COATED_OSMIUM;9996;13;9995;12;;;10012;10;10014;2;;;10004.0;0.0
20;58700;INTARIAN_PEPPER_ROOT;33053;12;33050;8;;;33065;11;33066;10;;;33059.0;0.0
20;58800;ASH_COATED_OSMIUM;9994;10;9991;10;9988;10;10010;15;10011;12;10012;21;10002.5;0.0
20;58800;INTARIAN_PEPPER_ROOT;33055;15;33053;10;;;33067;8;33069;9;;;33061.0;0.0
20;58900;ASH_COATED_OSMIUM;9991;3;9990;11;;;10007;12;10009;11;;;9999.0;0.0
20;58900;INTARIAN_PEPPER_ROOT;33051;12;33049;11;33048;9;33068;18;33069;12;33072;8;33059.5;0.0
20;59000;ASH_COATED_OSMIUM;9990;12;;;;;10006;15;;;;;9998.0;0.0
20;59000;INTARIAN_PEPPER_ROOT;33056;11;;;;;33069;12;;;;;33062.5;0.0
20;59100;ASH_COATED_OSMIUM;9990;15;;;;;10008;11;;;;;9999.5;0.0
20;59100;INTARIAN_PEPPER_ROOT;33050;11;;;;;33062;23;;;;;33056.5;0.0
20;59200;ASH_COATED_OSMIUM;9993;13;9992;15;;;10009;30;10011;5;;;10001.0;0.0
20;59200;INTARIAN_PEPPER_ROOT;33050;20;33047;11;33045;20;33062;12;33065;8;33067;8;33056.5;0.0
20;59300;ASH_COATED_OSMIUM;9993;11;9992;15;;;10012;13;10015;15;;;10002.5;0.0
20;59300;INTARIAN_PEPPER_ROOT;33051;10;;;;;33064;10;;;;;33057.5;0.0
20;59400;ASH_COATED_OSMIUM;9993;13;9991;10;;;10008;15;10009;14;;;10001.0;0.0
20;59400;INTARIAN_PEPPER_ROOT;33052;8;33049;11;;;33068;24;33070;24;;;33060.0;0.0
20;59500;ASH_COATED_OSMIUM;9992;15;9989;15;9988;10;10008;11;10009;10;10010;26;10000.5;0.0
20;59500;INTARIAN_PEPPER_ROOT;33051;9;;;;;33065;9;;;;;33058.5;0.0
20;59600;ASH_COATED_OSMIUM;9989;11;9986;2;;;10005;14;10007;4;;;9997.0;0.0
20;59600;INTARIAN_PEPPER_ROOT;33052;10;33051;9;33050;10;33067;10;33069;25;33071;9;33060.0;0.0
20;59700;ASH_COATED_OSMIUM;9988;13;;;;;10004;13;;;;;9996.0;0.0
20;59700;INTARIAN_PEPPER_ROOT;33052;10;33050;11;;;33066;12;33069;9;;;33059.0;0.0
20;59800;ASH_COATED_OSMIUM;9989;11;9987;11;9986;15;10005;12;10008;11;10009;10;9997.0;0.0
20;59800;INTARIAN_PEPPER_ROOT;33054;8;33051;9;;;33066;9;33068;9;;;33060.0;0.0
20;59900;ASH_COATED_OSMIUM;9990;13;;;;;10011;13;;;;;10000.5;0.0
20;59900;INTARIAN_PEPPER_ROOT;33054;11;33051;11;33048;10;33069;10;33072;8;33073;12;33061.5;0.0
20;60000;ASH_COATED_OSMIUM;9994;14;9992;13;;;10009;28;10010;11;;;10001.5;0.0
20;60000;INTARIAN_PEPPER_ROOT;33055;9;33052;9;33049;8;33070;8;33072;11;33075;8;33062.5;0.0
20;60100;ASH_COATED_OSMIUM;9991;12;9988;10;;;10007;21;10008;11;;;9999.5;0.0
20;60100;INTARIAN_PEPPER_ROOT;33055;8;33052;12;;;33069;10;33071;24;;;33062.0;0.0
20;60200;ASH_COATED_OSMIUM;9995;10;9994;10;9992;4;10011;14;10013;21;10015;10;10003.5;0.0
20;60200;INTARIAN_PEPPER_ROOT;33053;10;;;;;33069;9;;;;;33061.0;0.0
20;60300;ASH_COATED_OSMIUM;9996;12;;;;;10012;14;;;;;10004.5;0.0
20;60300;INTARIAN_PEPPER_ROOT;33054;9;;;;;33068;19;;;;;33061.0;0.0
20;60400;ASH_COATED_OSMIUM;9993;15;9991;15;;;10011;13;10014;29;;;10002.0;0.0
20;60400;INTARIAN_PEPPER_ROOT;33051;12;;;;;33064;9;;;;;33058.0;0.0
20;60500;ASH_COATED_OSMIUM;9988;10;9986;14;9985;13;10006;11;10009;10;10010;14;9997.5;0.0
20;60500;INTARIAN_PEPPER_ROOT;33052;10;33050;10;33047;9;33066;9;33069;16;33072;12;33059.0;0.0
20;60600;ASH_COATED_OSMIUM;9997;15;;;;;10013;11;;;;;10005.0;0.0
20;60600;INTARIAN_PEPPER_ROOT;33053;8;33050;11;33049;11;33065;9;33068;12;33071;11;33059.5;0.0
20;60700;ASH_COATED_OSMIUM;9995;11;9992;10;9990;11;10006;10;10009;14;10011;8;10000.5;0.0
20;60700;INTARIAN_PEPPER_ROOT;33051;8;;;;;33068;12;;;;;33059.5;0.0
20;60800;ASH_COATED_OSMIUM;9993;28;9990;11;;;10009;13;10011;10;;;10001.5;0.0
20;60800;INTARIAN_PEPPER_ROOT;33053;10;;;;;33065;9;;;;;33059.0;0.0
20;60900;ASH_COATED_OSMIUM;9999;13;9998;12;;;10015;11;10018;13;;;10007.5;0.0
20;60900;INTARIAN_PEPPER_ROOT;33056;10;33055;8;;;33068;12;33070;11;;;33062.0;0.0
20;61000;ASH_COATED_OSMIUM;9998;15;;;;;10014;12;;;;;10006.0;0.0
20;61000;INTARIAN_PEPPER_ROOT;33054;10;33052;10;33051;18;33071;21;33072;12;33073;9;33062.5;0.0
20;61100;ASH_COATED_OSMIUM;9999;20;;;;;10015;15;;;;;10007.5;0.0
20;61100;INTARIAN_PEPPER_ROOT;33056;12;;;;;33070;7;;;;;33063.5;0.0
20;61200;ASH_COATED_OSMIUM;10003;15;10001;15;;;10019;10;10022;10;;;10011.0;0.0
20;61200;INTARIAN_PEPPER_ROOT;33057;11;;;;;33070;11;;;;;33063.5;0.0
20;61300;ASH_COATED_OSMIUM;10000;13;9997;13;;;10016;10;10019;11;;;10008.5;0.0
20;61300;INTARIAN_PEPPER_ROOT;33054;10;33051;9;;;33067;20;33070;12;;;33060.5;0.0
20;61400;ASH_COATED_OSMIUM;10000;10;9999;21;;;10016;15;10017;13;;;10008.5;0.0
20;61400;INTARIAN_PEPPER_ROOT;33051;8;33049;12;;;33067;8;33069;9;;;33059.5;0.0
20;61500;ASH_COATED_OSMIUM;9991;12;;;;;10010;14;;;;;10001.0;0.0
20;61500;INTARIAN_PEPPER_ROOT;33058;9;33056;8;;;33060;8;33063;9;;;33059.5;0.0
20;61600;ASH_COATED_OSMIUM;9995;15;9992;10;;;10011;10;10012;10;;;10003.0;0.0
20;61600;INTARIAN_PEPPER_ROOT;33056;9;33053;22;;;33069;11;33071;9;;;33063.0;0.0
20;61700;ASH_COATED_OSMIUM;9992;11;9990;3;9989;12;10008;13;10010;5;10011;12;10000.0;0.0
20;61700;INTARIAN_PEPPER_ROOT;33054;12;33051;10;;;33069;12;33072;20;;;33062.0;0.0
20;61800;ASH_COATED_OSMIUM;9995;14;9994;12;9993;14;10011;14;10013;15;10014;11;10003.5;0.0
20;61800;INTARIAN_PEPPER_ROOT;33055;12;;;;;33069;16;;;;;33062.5;0.0
20;61900;ASH_COATED_OSMIUM;9992;10;9990;10;;;10008;12;10011;11;;;10000.5;0.0
20;61900;INTARIAN_PEPPER_ROOT;33053;11;33052;10;;;33066;9;33069;10;;;33060.0;0.0
20;62000;ASH_COATED_OSMIUM;9988;11;;;;;10004;29;;;;;9996.5;0.0
20;62000;INTARIAN_PEPPER_ROOT;33061;11;33058;9;;;33072;8;33073;8;;;33067.0;0.0
20;62100;ASH_COATED_OSMIUM;9994;13;9991;12;9988;29;10010;10;10012;29;10013;15;10002.0;0.0
20;62100;INTARIAN_PEPPER_ROOT;33054;10;33052;9;33051;18;33070;12;33072;10;33075;8;33062.0;0.0
20;62200;ASH_COATED_OSMIUM;9996;15;9995;14;9994;10;10001;11;10002;15;10005;15;9998.5;0.0
20;62200;INTARIAN_PEPPER_ROOT;33053;9;33051;5;;;33067;21;33068;11;;;33060.0;0.0
20;62300;ASH_COATED_OSMIUM;9998;10;;;;;10009;15;;;;;10004.0;0.0
20;62300;INTARIAN_PEPPER_ROOT;33059;7;;;;;33071;9;;;;;33065.5;0.0
20;62400;ASH_COATED_OSMIUM;9996;14;9993;12;;;10015;11;10016;15;;;10005.5;0.0
20;62400;INTARIAN_PEPPER_ROOT;33056;8;33054;22;33051;12;33070;8;33073;18;33074;24;33063.5;0.0
20;62500;ASH_COATED_OSMIUM;9993;11;9991;24;;;10011;12;10014;5;;;10002.5;0.0
20;62500;INTARIAN_PEPPER_ROOT;33057;10;;;;;33074;12;;;;;33065.5;0.0
20;62600;ASH_COATED_OSMIUM;9997;10;9996;20;9994;12;10013;14;10014;15;10017;11;10005.5;0.0
20;62600;INTARIAN_PEPPER_ROOT;33055;15;33052;10;33050;7;33070;9;33072;10;33075;9;33062.5;0.0
20;62700;ASH_COATED_OSMIUM;9995;5;9994;14;;;10014;15;10016;4;;;10004.5;0.0
20;62700;INTARIAN_PEPPER_ROOT;33056;10;33055;11;33053;9;33068;11;33071;12;33074;9;33062.5;0.0
20;62800;ASH_COATED_OSMIUM;9999;12;9998;12;;;10015;11;10016;27;;;10007.0;0.0
20;62800;INTARIAN_PEPPER_ROOT;33055;9;33052;8;33049;9;33066;8;33067;8;33070;9;33060.5;0.0
20;62900;ASH_COATED_OSMIUM;9998;13;9996;11;9993;10;10014;10;10015;12;10017;13;10006.5;0.0
20;62900;INTARIAN_PEPPER_ROOT;33055;8;33054;12;33051;11;33067;10;33069;8;33070;9;33061.0;0.0
20;63000;ASH_COATED_OSMIUM;10002;12;9999;11;9998;10;10012;30;10014;10;10017;12;10007.5;0.0
20;63000;INTARIAN_PEPPER_ROOT;33060;9;;;;;33071;8;;;;;33066.0;0.0
20;63100;ASH_COATED_OSMIUM;9999;10;9996;2;9995;23;10015;22;10018;14;10019;15;10007.0;0.0
20;63100;INTARIAN_PEPPER_ROOT;33057;11;33054;9;;;33071;16;33072;19;;;33064.5;0.0
20;63200;ASH_COATED_OSMIUM;10002;28;10000;12;;;10012;10;10015;28;;;10007.0;0.0
20;63200;INTARIAN_PEPPER_ROOT;33053;11;;;;;33067;12;;;;;33060.5;0.0
20;63300;ASH_COATED_OSMIUM;9993;15;9990;13;9988;15;10005;15;10007;24;10009;30;9999.5;0.0
20;63300;INTARIAN_PEPPER_ROOT;33053;9;33050;11;33049;12;33066;11;33069;12;33070;8;33059.5;0.0
20;63400;ASH_COATED_OSMIUM;9998;10;9995;10;;;10014;15;10015;22;;;10006.5;0.0
20;63400;INTARIAN_PEPPER_ROOT;33058;8;;;;;33072;11;;;;;33065.5;0.0
20;63500;ASH_COATED_OSMIUM;9994;10;;;;;10013;29;;;;;10004.0;0.0
20;63500;INTARIAN_PEPPER_ROOT;33058;9;33056;10;33055;10;33069;20;33072;8;33073;8;33063.5;0.0
