day;timestamp;product;bid_price_1;bid_volume_1;bid_price_2;bid_volume_2;bid_price_3;bid_volume_3;ask_price_1;ask_volume_1;ask_price_2;ask_volume_2;ask_price_3;ask_volume_3;mid_price;profit_and_loss
28;0;ASH_COATED_OSMIUM;9990;14;;;;;10006;15;;;;;9998.5;0.0
28;0;INTARIAN_PEPPER_ROOT;40994;12;40993;9;40992;8;41006;8;41007;20;41010;12;41000.0;0.0
28;100;ASH_COATED_OSMIUM;9991;13;9988;15;;;10007;10;10010;15;;;9999.5;0.0
28;100;INTARIAN_PEPPER_ROOT;40995;10;;;;;41007;25;;;;;41001.5;0.0
28;200;ASH_COATED_OSMIUM;9990;11;9988;11;9987;10;10006;10;10008;20;10009;13;9998.5;0.0
28;200;INTARIAN_PEPPER_ROOT;40994;11;;;;;41005;9;;;;;41000.0;0.0
28;300;ASH_COATED_OSMIUM;9991;10;9989;3;;;10010;12;10011;12;;;10000.5;0.0
28;300;INTARIAN_PEPPER_ROOT;40992;8;40989;12;;;41006;9;41008;10;;;40999.5;0.0
28;400;ASH_COATED_OSMIUM;10001;14;9998;13;9995;23;10017;14;10019;10;10020;11;10009.0;0.0
28;400;INTARIAN_PEPPER_ROOT;40987;24;;;;;41000;12;;;;;40994.0;0.0
28;500;ASH_COATED_OSMIUM;10003;11;10002;12;10001;23;10019;12;10022;10;10024;14;10011.0;0.0
28;500;INTARIAN_PEPPER_ROOT;40992;12;40991;12;;;41007;11;41010;11;;;40999.5;0.0
28;600;ASH_COATED_OSMIUM;9998;14;9997;21;;;10017;11;10018;15;;;10008.0;0.0
28;600;INTARIAN_PEPPER_ROOT;40992;8;;;;;41003;8;;;;;40998.0;0.0
28;700;ASH_COATED_OSMIUM;10004;12;;;;;10020;13;;;;;10012.5;0.0
28;700;INTARIAN_PEPPER_ROOT;40989;19;;;;;41007;8;;;;;40998.0;0.0
28;800;ASH_COATED_OSMIUM;10002;15;9999;15;9997;13;10018;14;10021;15;10024;11;10010.0;0.0
28;800;INTARIAN_PEPPER_ROOT;40994;10;;;;;41008;10;;;;;41001.0;0.0
28;900;ASH_COATED_OSMIUM;10002;25;;;;;10008;28;;;;;10005.0;0.0
28;900;INTARIAN_PEPPER_ROOT;40992;8;40990;20;40988;10;41004;12;41005;10;41007;10;40998.5;0.0
28;1000;ASH_COATED_OSMIUM;9998;11;9995;10;9993;11;10014;13;10016;14;10018;11;10006.0;0.0
28;1000;INTARIAN_PEPPER_ROOT;40992;9;40989;11;40987;8;41005;12;41008;10;41011;8;40998.5;0.0
28;1100;ASH_COATED_OSMIUM;9994;22;9992;10;9989;10;10010;14;10013;13;10016;15;10002.5;0.0
28;1100;INTARIAN_PEPPER_ROOT;40997;12;40994;11;;;41008;20;41009;11;;;41003.0;0.0
28;1200;ASH_COATED_OSMIUM;9994;12;;;;;10013;13;;;;;10003.5;0.0
28;1200;INTARIAN_PEPPER_ROOT;40995;11;40992;11;;;41008;11;41011;12;;;41001.5;0.0
28;1300;ASH_COATED_OSMIUM;9992;12;;;;;10008;10;;;;;10000.5;0.0
28;1300;INTARIAN_PEPPER_ROOT;40994;8;;;;;41006;12;;;;;41000.5;0.0
28;1400;ASH_COATED_OSMIUM;9989;24;;;;;10008;10;;;;;9999.0;0.0
28;1400;INTARIAN_PEPPER_ROOT;40995;10;40992;8;;;41007;12;41008;9;;;41001.5;0.0
28;1500;ASH_COATED_OSMIUM;9988;11;;;;;10004;10;;;;;9996.0;0.0
28;1500;INTARIAN_PEPPER_ROOT;40991;9;;;;;41005;23;;;;;40998.0;0.0
28;1600;ASH_COATED_OSMIUM;9989;13;9986;11;;;10005;10;10006;15;;;9997.5;0.0
28;1600;INTARIAN_PEPPER_ROOT;40994;11;40991;11;;;41006;10;41007;10;;;41000.0;0.0
28;1700;ASH_COATED_OSMIUM;9990;13;;;;;10006;10;;;;;9998.5;0.0
28;1700;INTARIAN_PEPPER_ROOT;40995;8;40992;9;40989;12;41007;10;41008;10;41009;12;41001.0;0.0
28;1800;ASH_COATED_OSMIUM;9990;15;;;;;10006;5;;;;;9998.5;0.0
28;1800;INTARIAN_PEPPER_ROOT;40998;12;;;;;41012;9;;;;;41005.5;0.0
28;1900;ASH_COATED_OSMIUM;9991;15;;;;;10007;23;;;;;9999.0;0.0
28;1900;INTARIAN_PEPPER_ROOT;41000;12;40997;9;40996;10;41015;11;41017;12;41018;11;41007.5;0.0
28;2000;ASH_COATED_OSMIUM;9995;21;9993;13;;;10011;13;10013;13;;;10003.5;0.0
28;2000;INTARIAN_PEPPER_ROOT;40996;9;40995;19;40992;9;41007;8;41009;18;41010;10;41002.0;0.0
28;2100;ASH_COATED_OSMIUM;9996;15;9993;20;;;10008;15;10009;13;;;10002.0;0.0
28;2100;INTARIAN_PEPPER_ROOT;40998;9;;;;;41010;15;;;;;41004.5;0.0
28;2200;ASH_COATED_OSMIUM;9985;14;9982;15;;;10006;12;10009;15;;;9996.0;0.0
28;2200;INTARIAN_PEPPER_ROOT;41000;12;;;;;41003;24;;;;;41002.0;0.0
28;2300;ASH_COATED_OSMIUM;9989;14;9988;11;;;10008;14;10010;10;;;9998.5;0.0
28;2300;INTARIAN_PEPPER_ROOT;41000;17;40999;11;;;41003;12;41005;8;;;41001.5;0.0
28;2400;ASH_COATED_OSMIUM;9987;11;9986;23;;;10006;10;10007;14;;;9997.0;0.0
28;2400;INTARIAN_PEPPER_ROOT;41000;8;40999;8;40998;11;41011;10;41014;12;41015;10;41006.0;0.0
28;2500;ASH_COATED_OSMIUM;9994;15;9992;10;9989;30;10013;14;10016;30;10017;12;10003.5;0.0
28;2500;INTARIAN_PEPPER_ROOT;40995;9;;;;;41009;25;;;;;41002.0;0.0
28;2600;ASH_COATED_OSMIUM;9992;12;9989;12;;;10008;13;10009;14;;;10000.0;0.0
28;2600;INTARIAN_PEPPER_ROOT;40996;10;;;;;41008;12;;;;;41002.5;0.0
28;2700;ASH_COATED_OSMIUM;9992;14;;;;;10008;5;;;;;10000.0;0.0
28;2700;INTARIAN_PEPPER_ROOT;41000;8;40998;11;40995;10;41014;11;41015;19;41017;9;41007.0;0.0
28;2800;ASH_COATED_OSMIUM;9989;10;;;;;10010;13;;;;;9999.5;0.0
28;2800;INTARIAN_PEPPER_ROOT;40998;10;40995;11;;;41005;10;41007;22;;;41002.0;0.0
28;2900;ASH_COATED_OSMIUM;9990;12;;;;;10009;15;;;;;9999.5;0.0
28;2900;INTARIAN_PEPPER_ROOT;41001;12;40999;24;40996;10;41004;11;41007;24;41010;11;41003.0;0.0
28;3000;ASH_COATED_OSMIUM;9992;14;9990;15;9987;11;10008;10;10011;11;10014;11;10000.5;0.0
28;3000;INTARIAN_PEPPER_ROOT;40993;10;;;;;41008;11;;;;;41001.0;0.0
28;3100;ASH_COATED_OSMIUM;9998;12;9997;11;9995;15;10009;14;10012;15;10013;15;10003.5;0.0
28;3100;INTARIAN_PEPPER_ROOT;40993;20;;;;;41005;12;;;;;40999.5;0.0
28;3200;ASH_COATED_OSMIUM;9993;13;;;;;10011;10;;;;;10002.0;0.0
28;3200;INTARIAN_PEPPER_ROOT;40994;11;;;;;41011;10;;;;;41002.5;0.0
28;3300;ASH_COATED_OSMIUM;9992;30;9991;29;9990;10;10008;22;10010;11;10012;15;10000.5;0.0
28;3300;INTARIAN_PEPPER_ROOT;40998;10;40995;18;40992;16;41011;8;41013;19;41014;12;41004.5;0.0
28;3400;ASH_COATED_OSMIUM;9985;29;;;;;10001;13;;;;;9993.0;0.0
28;3400;INTARIAN_PEPPER_ROOT;40994;9;40993;10;;;41006;11;41009;10;;;41000.0;0.0
28;3500;ASH_COATED_OSMIUM;9983;12;9981;14;9980;14;9999;15;10002;10;10004;13;9991.0;0.0
28;3500;INTARIAN_PEPPER_ROOT;40998;8;;;;;41012;16;;;;;41005.0;0.0
28;3600;ASH_COATED_OSMIUM;9989;3;;;;;10010;12;;;;;10000.0;0.0
28;3600;INTARIAN_PEPPER_ROOT;40994;9;40992;9;40991;18;41006;10;41009;12;41010;8;41000.5;0.0
28;3700;ASH_COATED_OSMIUM;9988;11;;;;;10007;11;;;;;9997.5;0.0
28;3700;INTARIAN_PEPPER_ROOT;41000;10;;;;;41014;21;;;;;41007.0;0.0
28;3800;ASH_COATED_OSMIUM;9999;12;9996;24;9994;14;10005;13;10006;10;10008;10;10002.5;0.0
28;3800;INTARIAN_PEPPER_ROOT;40999;9;40996;9;;;41010;11;41011;8;;;41004.5;0.0
28;3900;ASH_COATED_OSMIUM;9991;25;9989;10;9987;15;10007;10;10009;15;10010;10;9999.5;0.0
28;3900;INTARIAN_PEPPER_ROOT;40995;12;40994;8;;;41011;10;41013;16;;;41003.5;0.0
28;4000;ASH_COATED_OSMIUM;9988;13;9986;12;9984;11;9999;15;10001;11;10003;5;9994.0;0.0
28;4000;INTARIAN_PEPPER_ROOT;40998;9;;;;;41012;10;;;;;41005.5;0.0
28;4100;ASH_COATED_OSMIUM;9987;15;9985;30;;;10006;11;10008;3;;;9997.0;0.0
28;4100;INTARIAN_PEPPER_ROOT;40998;11;;;;;41010;12;;;;;41004.5;0.0
28;4200;ASH_COATED_OSMIUM;9993;12;;;;;10009;29;;;;;10001.0;0.0
28;4200;INTARIAN_PEPPER_ROOT;40999;12;40996;8;40994;8;41012;11;41015;12;41018;11;41006.0;0.0
28;4300;ASH_COATED_OSMIUM;9994;3;9993;15;9992;12;10010;28;10011;24;10014;22;10002.5;0.0
28;4300;INTARIAN_PEPPER_ROOT;40996;11;;;;;41009;10;;;;;41002.5;0.0
28;4400;ASH_COATED_OSMIUM;9993;11;9992;13;;;10009;24;10012;10;;;10001.0;0.0
28;4400;INTARIAN_PEPPER_ROOT;40996;11;;;;;41009;11;;;;;41003.0;0.0
28;4500;ASH_COATED_OSMIUM;9989;21;9988;12;;;10005;12;10007;12;;;9997.0;0.0
28;4500;INTARIAN_PEPPER_ROOT;40997;12;40995;12;40992;10;41010;8;41012;11;41013;10;41003.5;0.0
28;4600;ASH_COATED_OSMIUM;9993;12;;;;;10009;11;;;;;10001.5;0.0
28;4600;INTARIAN_PEPPER_ROOT;40999;24;40996;9;40995;10;41012;9;41013;11;41015;9;41005.5;0.0
28;4700;ASH_COATED_OSMIUM;9996;2;;;;;10009;11;;;;;10003.0;0.0
28;4700;INTARIAN_PEPPER_ROOT;40999;8;40997;10;40995;9;41011;10;41012;11;41014;12;41005.0;0.0
28;4800;ASH_COATED_OSMIUM;9992;10;9991;12;;;10008;15;10011;13;;;10000.5;0.0
28;4800;INTARIAN_PEPPER_ROOT;40997;24;40994;8;;;41008;12;41009;12;;;41002.5;0.0
28;4900;ASH_COATED_OSMIUM;9995;13;9993;5;;;10014;10;10017;14;;;10005.0;0.0
28;4900;INTARIAN_PEPPER_ROOT;41001;9;41000;8;;;41015;12;41016;10;;;41008.0;0.0
28;5000;ASH_COATED_OSMIUM;10000;13;9999;14;9997;10;10008;11;10009;24;10010;15;10004.5;0.0
28;5000;INTARIAN_PEPPER_ROOT;41004;12;;;;;41006;9;;;;;41005.5;0.0
28;5100;ASH_COATED_OSMIUM;9998;14;9996;13;9994;4;10014;15;10017;11;10019;13;10006.0;0.0
28;5100;INTARIAN_PEPPER_ROOT;40999;17;40998;9;40996;25;41012;10;41014;19;41015;12;41006.0;0.0
28;5200;ASH_COATED_OSMIUM;10006;15;10003;12;;;10011;11;10014;11;;;10009.0;0.0
28;5200;INTARIAN_PEPPER_ROOT;40996;7;40995;10;;;41009;8;41010;11;;;41002.5;0.0
28;5300;ASH_COATED_OSMIUM;9999;13;9997;10;9995;15;10015;15;10018;15;10020;27;10007.0;0.0
28;5300;INTARIAN_PEPPER_ROOT;40999;11;40998;9;40996;9;41013;8;41016;9;41018;17;41006.5;0.0
28;5400;ASH_COATED_OSMIUM;9998;14;9995;11;;;10014;29;10015;10;;;10006.0;0.0
28;5400;INTARIAN_PEPPER_ROOT;40999;12;;;;;41011;18;;;;;41005.5;0.0
28;5500;ASH_COATED_OSMIUM;9998;21;;;;;10014;25;;;;;10006.0;0.0
28;5500;INTARIAN_PEPPER_ROOT;40999;12;40996;23;;;41010;9;41012;9;;;41005.0;0.0
28;5600;ASH_COATED_OSMIUM;9999;15;9996;10;;;10017;20;10018;13;;;10008.5;0.0
28;5600;INTARIAN_PEPPER_ROOT;40996;23;40995;11;40994;11;41010;8;41011;24;41014;8;41003.0;0.0
28;5700;ASH_COATED_OSMIUM;9992;10;9990;26;;;10008;11;10010;11;;;10000.0;0.0
28;5700;INTARIAN_PEPPER_ROOT;40998;12;;;;;41014;12;;;;;41006.0;0.0
28;5800;ASH_COATED_OSMIUM;9992;23;9991;12;9988;13;10008;14;10010;11;10011;22;10000.0;0.0
28;5800;INTARIAN_PEPPER_ROOT;41000;7;40998;8;;;41014;10;41016;8;;;41007.5;0.0
28;5900;ASH_COATED_OSMIUM;9992;14;;;;;10008;2;;;;;10000.5;0.0
28;5900;INTARIAN_PEPPER_ROOT;41002;22;40999;12;;;41013;12;41015;9;;;41007.5;0.0
28;6000;ASH_COATED_OSMIUM;9997;30;9995;14;;;10013;27;10015;11;;;10005.5;0.0
28;6000;INTARIAN_PEPPER_ROOT;40998;8;40996;12;40995;11;41011;10;41012;11;41014;17;41004.5;0.0
28;6100;ASH_COATED_OSMIUM;9992;13;;;;;10008;11;;;;;10000.0;0.0
28;6100;INTARIAN_PEPPER_ROOT;41000;10;40997;12;40995;9;41014;11;41015;12;41017;8;41007.5;0.0
28;6200;ASH_COATED_OSMIUM;9990;14;9988;11;;;10006;11;10009;12;;;9998.5;0.0
28;6200;INTARIAN_PEPPER_ROOT;41001;8;;;;;41014;8;;;;;41008.0;0.0
28;6300;ASH_COATED_OSMIUM;9986;13;;;;;10002;13;;;;;9994.5;0.0
28;6300;INTARIAN_PEPPER_ROOT;40999;10;40996;8;40994;18;41012;10;41013;8;41014;9;41006.0;0.0
28;6400;ASH_COATED_OSMIUM;9987;12;;;;;10003;14;;;;;9995.5;0.0
28;6400;INTARIAN_PEPPER_ROOT;40995;12;40992;18;40989;12;41007;12;41010;11;41012;10;41001.5;0.0
28;6500;ASH_COATED_OSMIUM;9989;14;;;;;10005;24;;;;;9997.0;0.0
28;6500;INTARIAN_PEPPER_ROOT;41000;10;40999;9;;;41013;12;41016;9;;;41007.0;0.0
28;6600;ASH_COATED_OSMIUM;9989;10;9987;12;;;10008;11;10009;29;;;9999.0;0.0
28;6600;INTARIAN_PEPPER_ROOT;41003;9;41002;8;41001;8;41014;12;41016;18;41019;17;41008.5;0.0
28;6700;ASH_COATED_OSMIUM;9991;10;;;;;10007;24;;;;;9999.0;0.0
28;6700;INTARIAN_PEPPER_ROOT;40997;12;40996;18;40994;11;41010;12;41011;11;41014;11;41004.0;0.0
28;6800;ASH_COATED_OSMIUM;9996;14;9994;20;;;10003;29;10005;10;;;10000.0;0.0
28;6800;INTARIAN_PEPPER_ROOT;40996;23;;;;;41010;9;;;;;41003.5;0.0
28;6900;ASH_COATED_OSMIUM;9995;29;9992;25;;;10011;8;10013;27;;;10003.0;0.0
28;6900;INTARIAN_PEPPER_ROOT;40999;12;40998;12;40997;8;41013;21;41016;8;41017;8;41006.0;0.0
28;7000;ASH_COATED_OSMIUM;9989;15;9987;11;9984;30;10005;15;10007;15;10008;10;9997.5;0.0
28;7000;INTARIAN_PEPPER_ROOT;41003;10;41000;12;;;41016;9;41018;11;;;41010.0;0.0
28;7100;ASH_COATED_OSMIUM;9989;4;;;;;10008;15;;;;;9999.0;0.0
28;7100;INTARIAN_PEPPER_ROOT;40999;9;;;;;41011;9;;;;;41005.5;0.0
28;7200;ASH_COATED_OSMIUM;9990;15;9989;11;;;10006;15;10009;11;;;9998.0;0.0
28;7200;INTARIAN_PEPPER_ROOT;41000;21;40998;17;;;41012;12;41013;10;;;41006.5;0.0
28;7300;ASH_COATED_OSMIUM;9986;15;9984;14;9983;12;10004;12;10007;25;10008;10;9995.0;0.0
28;7300;INTARIAN_PEPPER_ROOT;41000;9;;;;;41012;12;;;;;41006.5;0.0
28;7400;ASH_COATED_OSMIUM;9982;10;9980;11;9978;25;9998;12;10000;25;10003;10;9990.0;0.0
28;7400;INTARIAN_PEPPER_ROOT;41001;11;41000;10;40998;10;41014;4;41017;12;41020;10;41007.5;0.0
28;7500;ASH_COATED_OSMIUM;9981;12;9980;15;9979;13;9997;11;10000;12;10002;12;9989.0;0.0
28;7500;INTARIAN_PEPPER_ROOT;40999;8;40996;9;;;41012;22;41013;10;;;41006.0;0.0
28;7600;ASH_COATED_OSMIUM;9980;10;9978;10;9975;13;9996;11;9999;14;10001;24;9988.5;0.0
28;7600;INTARIAN_PEPPER_ROOT;40998;9;40997;9;40996;10;41016;20;41018;11;41020;12;41007.5;0.0
28;7700;ASH_COATED_OSMIUM;9982;12;9979;23;9978;14;10001;10;10002;10;10003;13;9992.0;0.0
28;7700;INTARIAN_PEPPER_ROOT;41003;10;41001;12;;;41016;10;41017;8;;;41009.5;0.0
28;7800;ASH_COATED_OSMIUM;9979;12;9976;13;9975;28;9997;11;10000;27;10003;13;9988.5;0.0
28;7800;INTARIAN_PEPPER_ROOT;41003;8;41001;9;40999;8;41014;12;41015;6;41016;8;41009.0;0.0
28;7900;ASH_COATED_OSMIUM;9988;10;;;;;10004;13;;;;;9996.0;0.0
28;7900;INTARIAN_PEPPER_ROOT;41006;9;;;;;41017;8;;;;;41011.5;0.0
28;8000;ASH_COATED_OSMIUM;9987;4;;;;;10003;12;;;;;9995.5;0.0
28;8000;INTARIAN_PEPPER_ROOT;40999;9;40996;24;40994;8;41011;8;41013;8;41015;16;41005.5;0.0
28;8100;ASH_COATED_OSMIUM;9991;12;9989;25;;;10007;12;10010;11;;;9999.5;0.0
28;8100;INTARIAN_PEPPER_ROOT;41000;4;;;;;41013;9;;;;;41007.0;0.0
28;8200;ASH_COATED_OSMIUM;9993;11;;;;;10009;27;;;;;10001.5;0.0
28;8200;INTARIAN_PEPPER_ROOT;41001;8;41000;10;;;41014;11;41016;10;;;41007.5;0.0
28;8300;ASH_COATED_OSMIUM;9988;13;9986;13;;;10004;10;10007;13;;;9996.5;0.0
28;8300;INTARIAN_PEPPER_ROOT;41007;11;;;;;41009;10;;;;;41008.5;0.0
28;8400;ASH_COATED_OSMIUM;9994;15;9993;14;;;10010;10;10013;15;;;10002.0;0.0
28;8400;INTARIAN_PEPPER_ROOT;41006;10;;;;;41018;9;;;;;41012.5;0.0
28;8500;ASH_COATED_OSMIUM;9995;21;9993;11;;;10011;10;10013;4;;;10003.5;0.0
28;8500;INTARIAN_PEPPER_ROOT;41002;8;41000;9;40999;11;41016;21;41018;24;41019;9;41009.0;0.0
28;8600;ASH_COATED_OSMIUM;9992;12;9989;15;;;10008;10;10010;24;;;10000.5;0.0
28;8600;INTARIAN_PEPPER_ROOT;41003;8;41001;10;;;41016;11;41019;10;;;41009.5;0.0
28;8700;ASH_COATED_OSMIUM;9995;13;;;;;10011;10;;;;;10003.0;0.0
28;8700;INTARIAN_PEPPER_ROOT;41009;8;41006;9;41005;11;41011;12;41014;8;41015;11;41010.0;0.0
28;8800;ASH_COATED_OSMIUM;9994;23;9991;4;;;10010;12;10011;15;;;10002.5;0.0
28;8800;INTARIAN_PEPPER_ROOT;40999;8;40997;9;40995;12;41015;12;41016;11;41018;8;41007.0;0.0
28;8900;ASH_COATED_OSMIUM;9993;13;;;;;10002;12;;;;;9998.0;0.0
28;8900;INTARIAN_PEPPER_ROOT;41004;8;41002;8;;;41017;11;41018;12;;;41011.0;0.0
28;9000;ASH_COATED_OSMIUM;9984;11;9983;23;9980;3;10000;11;10003;15;10004;13;9992.0;0.0
28;9000;INTARIAN_PEPPER_ROOT;41002;9;;;;;41020;23;;;;;41011.5;0.0
28;9100;ASH_COATED_OSMIUM;9988;27;;;;;10004;14;;;;;9996.0;0.0
28;9100;INTARIAN_PEPPER_ROOT;41002;8;;;;;41014;10;;;;;41008.5;0.0
28;9200;ASH_COATED_OSMIUM;9986;11;;;;;10004;12;;;;;9995.0;0.0
28;9200;INTARIAN_PEPPER_ROOT;41004;9;41002;11;41001;9;41015;11;41016;10;41018;12;41009.5;0.0
28;9300;ASH_COATED_OSMIUM;9995;26;9994;13;9993;14;10011;11;10014;12;10016;14;10003.0;0.0
28;9300;INTARIAN_PEPPER_ROOT;40998;10;;;;;41014;12;;;;;41006.5;0.0
28;9400;ASH_COATED_OSMIUM;9999;10;9998;15;;;10008;14;10010;10;;;10004.0;0.0
28;9400;INTARIAN_PEPPER_ROOT;41004;17;41003;8;;;41017;12;41020;10;;;41010.5;0.0
28;9500;ASH_COATED_OSMIUM;9994;14;;;;;10010;12;;;;;10002.0;0.0
28;9500;INTARIAN_PEPPER_ROOT;41005;10;41003;9;;;41017;10;41019;11;;;41011.0;0.0
28;9600;ASH_COATED_OSMIUM;9990;12;9987;15;;;10006;14;10009;29;;;9998.0;0.0
28;9600;INTARIAN_PEPPER_ROOT;40997;11;40995;15;;;41015;8;41018;9;;;41006.0;0.0
28;9700;ASH_COATED_OSMIUM;9993;13;;;;;10003;14;;;;;9998.5;0.0
28;9700;INTARIAN_PEPPER_ROOT;41007;10;;;;;41020;12;;;;;41013.5;0.0
28;9800;ASH_COATED_OSMIUM;9988;13;9987;12;9986;13;10004;15;10007;28;10008;11;9996.0;0.0
28;9800;INTARIAN_PEPPER_ROOT;41007;11;;;;;41019;3;;;;;41013.5;0.0
28;9900;ASH_COATED_OSMIUM;9982;15;;;;;10000;13;;;;;9991.0;0.0
28;9900;INTARIAN_PEPPER_ROOT;41002;11;;;;;41016;11;;;;;41009.0;0.0
28;10000;ASH_COATED_OSMIUM;9984;12;;;;;10000;13;;;;;9992.5;0.0
28;10000;INTARIAN_PEPPER_ROOT;41004;12;41001;16;40999;20;41016;19;41018;9;41019;10;41010.0;0.0
28;10100;ASH_COATED_OSMIUM;9981;12;9979;22;;;9997;14;9999;12;;;9989.5;0.0
28;10100;INTARIAN_PEPPER_ROOT;41008;9;41006;10;41005;16;41020;12;41021;12;41022;8;41014.0;0.0
28;10200;ASH_COATED_OSMIUM;9986;20;9984;13;9983;30;10004;13;10006;11;10009;21;9995.0;0.0
28;10200;INTARIAN_PEPPER_ROOT;41001;11;;;;;41014;8;;;;;41008.0;0.0
28;10300;ASH_COATED_OSMIUM;9981;12;9978;11;;;9997;12;10000;13;;;9989.5;0.0
28;10300;INTARIAN_PEPPER_ROOT;41005;8;41004;9;41001;11;41018;8;41019;9;41021;11;41012.0;0.0
28;10400;ASH_COATED_OSMIUM;9978;12;;;;;9994;12;;;;;9986.0;0.0
28;10400;INTARIAN_PEPPER_ROOT;41009;8;41007;11;41005;12;41021;9;41023;22;41024;11;41015.0;0.0
28;10500;ASH_COATED_OSMIUM;9976;10;;;;;9992;13;;;;;9984.0;0.0
28;10500;INTARIAN_PEPPER_ROOT;41005;9;;;;;41018;12;;;;;41011.5;0.0
28;10600;ASH_COATED_OSMIUM;9981;27;9980;10;;;9997;13;9998;13;;;9989.5;0.0
28;10600;INTARIAN_PEPPER_ROOT;41000;9;40998;8;40995;18;41013;9;41014;19;41017;12;41006.5;0.0
28;10700;ASH_COATED_OSMIUM;9989;13;9987;20;;;10005;13;10007;13;;;9997.5;0.0
28;10700;INTARIAN_PEPPER_ROOT;41005;11;41004;10;;;41017;3;41020;9;;;41011.5;0.0
28;10800;ASH_COATED_OSMIUM;9985;14;9983;14;9982;13;10004;15;10007;22;10009;2;9994.5;0.0
28;10800;INTARIAN_PEPPER_ROOT;41002;10;;;;;41017;10;;;;;41010.0;0.0
28;10900;ASH_COATED_OSMIUM;9986;15;9983;22;;;10002;14;10005;21;;;9994.0;0.0
28;10900;INTARIAN_PEPPER_ROOT;41004;22;41003;12;;;41016;11;41019;12;;;41010.0;0.0
28;11000;ASH_COATED_OSMIUM;9993;14;9992;15;;;10009;11;10010;11;;;10001.0;0.0
28;11000;INTARIAN_PEPPER_ROOT;41008;8;41005;23;;;41021;12;41022;12;;;41014.5;0.0
28;11100;ASH_COATED_OSMIUM;9993;10;9991;30;;;10009;25;10010;10;;;10001.0;0.0
28;11100;INTARIAN_PEPPER_ROOT;41005;12;41002;11;;;41017;8;41019;15;;;41011.5;0.0
28;11200;ASH_COATED_OSMIUM;9990;11;9987;12;9986;14;10006;21;10007;10;10009;30;9998.5;0.0
28;11200;INTARIAN_PEPPER_ROOT;41003;20;;;;;41017;11;;;;;41010.0;0.0
28;11300;ASH_COATED_OSMIUM;9984;10;9983;14;9982;13;10000;14;10001;14;10002;13;9992.5;0.0
28;11300;INTARIAN_PEPPER_ROOT;41004;4;41001;10;40999;11;41021;9;41023;10;41026;10;41012.5;0.0
28;11400;ASH_COATED_OSMIUM;9986;11;9983;30;;;10002;11;10005;11;;;9994.5;0.0
28;11400;INTARIAN_PEPPER_ROOT;41008;8;41005;8;;;41021;12;41023;8;;;41015.0;0.0
28;11500;ASH_COATED_OSMIUM;9985;12;9984;29;;;10003;14;10004;10;;;9994.5;0.0
28;11500;INTARIAN_PEPPER_ROOT;41003;11;41001;11;;;41019;9;41020;10;;;41011.5;0.0
28;11600;ASH_COATED_OSMIUM;9984;13;9983;29;9981;10;10000;15;10002;12;10003;12;9992.5;0.0
28;11600;INTARIAN_PEPPER_ROOT;41006;8;41004;21;41002;11;41017;9;41019;25;41020;10;41011.5;0.0
28;11700;ASH_COATED_OSMIUM;9985;11;9983;13;;;10001;14;10004;15;;;9993.0;0.0
28;11700;INTARIAN_PEPPER_ROOT;41010;8;41009;12;;;41012;10;41013;9;;;41011.0;0.0
28;11800;ASH_COATED_OSMIUM;9987;10;9986;10;9984;14;10003;14;10006;11;10007;15;9995.0;0.0
28;11800;INTARIAN_PEPPER_ROOT;41006;17;41005;10;;;41018;8;41020;9;;;41012.5;0.0
28;11900;ASH_COATED_OSMIUM;9989;13;;;;;10005;15;;;;;9997.0;0.0
28;11900;INTARIAN_PEPPER_ROOT;41006;12;;;;;41017;10;;;;;41012.0;0.0
28;12000;ASH_COATED_OSMIUM;9988;15;9986;13;;;10007;10;10008;12;;;9998.0;0.0
28;12000;INTARIAN_PEPPER_ROOT;41007;11;41005;9;41002;12;41019;8;41022;11;41023;8;41013.5;0.0
28;12100;ASH_COATED_OSMIUM;9992;10;;;;;10008;20;;;;;10000.5;0.0
28;12100;INTARIAN_PEPPER_ROOT;41007;11;41005;9;;;41019;10;41022;22;;;41013.5;0.0
28;12200;ASH_COATED_OSMIUM;9991;27;9988;24;;;10007;11;10010;10;;;9999.5;0.0
28;12200;INTARIAN_PEPPER_ROOT;41005;11;41002;8;;;41017;9;41020;11;;;41011.5;0.0
28;12300;ASH_COATED_OSMIUM;9991;15;9988;29;;;10009;11;10012;15;;;10000.0;0.0
28;12300;INTARIAN_PEPPER_ROOT;41003;21;41000;9;40999;10;41019;7;41022;12;41023;8;41011.5;0.0
28;12400;ASH_COATED_OSMIUM;9989;12;;;;;10005;11;;;;;9997.5;0.0
28;12400;INTARIAN_PEPPER_ROOT;41007;18;41005;10;41002;12;41020;8;41022;11;41024;12;41014.0;0.0
28;12500;ASH_COATED_OSMIUM;9994;13;9992;12;;;9999;15;10001;28;;;9996.5;0.0
28;12500;INTARIAN_PEPPER_ROOT;41006;8;41003;12;;;41019;11;41020;24;;;41013.0;0.0
28;12600;ASH_COATED_OSMIUM;9989;11;9987;10;9986;25;10005;11;10008;12;10009;10;9997.0;0.0
28;12600;INTARIAN_PEPPER_ROOT;41005;12;41002;10;;;41019;10;41022;8;;;41012.0;0.0
28;12700;ASH_COATED_OSMIUM;9991;23;;;;;10007;15;;;;;9999.0;0.0
28;12700;INTARIAN_PEPPER_ROOT;41002;12;;;;;41014;11;;;;;41008.5;0.0
28;12800;ASH_COATED_OSMIUM;9994;13;9993;24;9992;10;10003;28;10005;15;10008;13;9998.5;0.0
28;12800;INTARIAN_PEPPER_ROOT;41005;9;41002;8;;;41018;8;41020;24;;;41012.0;0.0
28;12900;ASH_COATED_OSMIUM;9986;12;9985;14;;;10002;13;10004;12;;;9994.5;0.0
28;12900;INTARIAN_PEPPER_ROOT;41004;10;;;;;41019;21;;;;;41011.5;0.0
28;13000;ASH_COATED_OSMIUM;9994;15;9992;26;;;10010;15;10011;15;;;10002.5;0.0
28;13000;INTARIAN_PEPPER_ROOT;41008;12;41005;11;;;41021;12;41022;10;;;41015.0;0.0
28;13100;ASH_COATED_OSMIUM;9992;15;;;;;10010;10;;;;;10001.0;0.0
28;13100;INTARIAN_PEPPER_ROOT;41006;21;;;;;41020;20;;;;;41013.0;0.0
28;13200;ASH_COATED_OSMIUM;9993;13;;;;;10009;11;;;;;10001.0;0.0
28;13200;INTARIAN_PEPPER_ROOT;41005;23;41002;10;;;41021;25;41022;10;;;41013.0;0.0
28;13300;ASH_COATED_OSMIUM;9994;11;9991;11;;;10010;11;10012;14;;;10002.5;0.0
28;13300;INTARIAN_PEPPER_ROOT;41003;11;41000;23;;;41018;12;41021;12;;;41011.0;0.0
28;13400;ASH_COATED_OSMIUM;9986;13;;;;;10007;13;;;;;9996.5;0.0
28;13400;INTARIAN_PEPPER_ROOT;41006;8;;;;;41018;9;;;;;41012.5;0.0
28;13500;ASH_COATED_OSMIUM;9988;10;;;;;10007;30;;;;;9998.0;0.0
28;13500;INTARIAN_PEPPER_ROOT;41006;11;41005;11;;;41018;17;41019;9;;;41012.5;0.0
28;13600;ASH_COATED_OSMIUM;9997;14;9996;15;9995;10;10013;14;10014;10;10017;15;10005.0;0.0
28;13600;INTARIAN_PEPPER_ROOT;41003;8;41002;11;41001;11;41019;11;41021;23;41022;9;41011.5;0.0
28;13700;ASH_COATED_OSMIUM;9999;12;9998;13;9997;12;10015;12;10018;25;10021;15;10007.0;0.0
28;13700;INTARIAN_PEPPER_ROOT;41012;8;41010;9;;;41023;10;41024;12;;;41017.5;0.0
28;13800;ASH_COATED_OSMIUM;9994;15;;;;;10010;24;;;;;10002.5;0.0
28;13800;INTARIAN_PEPPER_ROOT;41009;8;41007;9;41006;20;41022;11;41025;17;41028;10;41015.5;0.0
28;13900;ASH_COATED_OSMIUM;9991;23;9990;10;;;10007;12;10010;23;;;9999.5;0.0
28;13900;INTARIAN_PEPPER_ROOT;41005;9;41004;19;41002;12;41019;18;41022;17;41023;12;41012.5;0.0
28;14000;ASH_COATED_OSMIUM;9992;14;;;;;10011;26;;;;;10002.0;0.0
28;14000;INTARIAN_PEPPER_ROOT;41010;10;41008;9;;;41022;8;41024;17;;;41016.0;0.0
28;14100;ASH_COATED_OSMIUM;9988;14;9985;12;;;10009;30;10011;27;;;9999.0;0.0
28;14100;INTARIAN_PEPPER_ROOT;41012;10;41011;12;;;41024;22;41026;11;;;41018.5;0.0
28;14200;ASH_COATED_OSMIUM;9994;30;9993;15;;;10012;15;10014;10;;;10003.5;0.0
28;14200;INTARIAN_PEPPER_ROOT;41009;8;41006;23;;;41021;9;41024;15;;;41015.5;0.0
28;14300;ASH_COATED_OSMIUM;9993;13;9991;13;;;10009;24;10010;22;;;10001.0;0.0
28;14300;INTARIAN_PEPPER_ROOT;41006;11;41004;12;;;41019;9;41022;12;;;41012.5;0.0
28;14400;ASH_COATED_OSMIUM;9988;28;9985;15;;;10004;15;10005;25;;;9996.5;0.0
28;14400;INTARIAN_PEPPER_ROOT;41008;8;41005;11;;;41022;8;41023;23;;;41015.5;0.0
28;14500;ASH_COATED_OSMIUM;9989;27;9986;12;;;10005;27;10006;13;;;9997.0;0.0
28;14500;INTARIAN_PEPPER_ROOT;41009;16;41008;22;;;41022;11;41025;10;;;41015.5;0.0
28;14600;ASH_COATED_OSMIUM;9992;15;9991;11;;;10008;14;10011;20;;;10000.5;0.0
28;14600;INTARIAN_PEPPER_ROOT;41006;12;41005;8;41004;12;41020;19;41021;12;41024;11;41013.5;0.0
28;14700;ASH_COATED_OSMIUM;9995;12;9992;11;;;10011;13;10014;26;;;10003.5;0.0
28;14700;INTARIAN_PEPPER_ROOT;41007;24;41005;9;41004;11;41020;10;41021;12;41024;9;41014.0;0.0
28;14800;ASH_COATED_OSMIUM;9997;30;9996;15;9994;10;10015;13;10018;12;10021;15;10006.0;0.0
28;14800;INTARIAN_PEPPER_ROOT;41008;8;41005;10;;;41021;20;41023;16;;;41015.0;0.0
28;14900;ASH_COATED_OSMIUM;10001;12;;;;;10017;13;;;;;10009.5;0.0
28;14900;INTARIAN_PEPPER_ROOT;41011;10;41010;9;;;41022;10;41023;8;;;41016.5;0.0
28;15000;ASH_COATED_OSMIUM;9998;13;9995;25;9994;11;10014;29;10015;13;10016;10;10006.5;0.0
28;15000;INTARIAN_PEPPER_ROOT;41012;17;41011;19;41008;11;41026;11;41027;8;41030;11;41019.5;0.0
28;15100;ASH_COATED_OSMIUM;9996;11;9995;15;;;10012;15;10015;24;;;10004.5;0.0
28;15100;INTARIAN_PEPPER_ROOT;41009;11;41006;22;41005;9;41022;11;41024;8;41026;11;41015.5;0.0
28;15200;ASH_COATED_OSMIUM;9994;11;9992;5;;;10010;14;10012;13;;;10002.0;0.0
28;15200;INTARIAN_PEPPER_ROOT;41010;9;41007;11;41005;15;41022;9;41025;8;41026;12;41016.5;0.0
28;15300;ASH_COATED_OSMIUM;9991;2;9989;24;;;10007;11;10010;11;;;9999.5;0.0
28;15300;INTARIAN_PEPPER_ROOT;41012;10;41009;8;;;41023;11;41025;21;;;41017.5;0.0
28;15400;ASH_COATED_OSMIUM;9995;15;;;;;10011;21;;;;;10003.5;0.0
28;15400;INTARIAN_PEPPER_ROOT;41002;19;41000;11;;;41019;16;41021;12;;;41011.0;0.0
28;15500;ASH_COATED_OSMIUM;9994;10;9993;11;;;10010;30;10013;12;;;10002.5;0.0
28;15500;INTARIAN_PEPPER_ROOT;41009;12;41007;12;;;41023;12;41024;11;;;41016.0;0.0
28;15600;ASH_COATED_OSMIUM;9992;15;9990;15;;;10008;13;10011;14;;;10000.0;0.0
28;15600;INTARIAN_PEPPER_ROOT;41007;11;41006;11;41005;11;41021;9;41024;12;41027;8;41014.5;0.0
28;15700;ASH_COATED_OSMIUM;10000;29;;;;;10016;15;;;;;10008.5;0.0
28;15700;INTARIAN_PEPPER_ROOT;41011;8;41008;7;41005;9;41025;11;41028;8;41031;9;41018.0;0.0
28;15800;ASH_COATED_OSMIUM;9997;29;9996;12;;;10016;14;10018;28;;;10007.0;0.0
28;15800;INTARIAN_PEPPER_ROOT;41013;8;41012;9;;;41025;11;41027;9;;;41019.5;0.0
28;15900;ASH_COATED_OSMIUM;9999;14;;;;;10009;2;;;;;10004.5;0.0
28;15900;INTARIAN_PEPPER_ROOT;41012;17;41011;12;41008;9;41024;8;41027;11;41030;10;41018.0;0.0
28;16000;ASH_COATED_OSMIUM;9994;15;;;;;10012;21;;;;;10003.5;0.0
28;16000;INTARIAN_PEPPER_ROOT;41009;9;41006;11;41005;8;41023;9;41025;8;41026;9;41016.0;0.0
28;16100;ASH_COATED_OSMIUM;9999;13;9996;20;;;10017;10;10020;15;;;10008.0;0.0
28;16100;INTARIAN_PEPPER_ROOT;41006;25;41003;3;;;41023;22;41026;10;;;41014.5;0.0
28;16200;ASH_COATED_OSMIUM;10001;14;9998;10;9997;14;10010;14;10011;13;10014;27;10006.0;0.0
28;16200;INTARIAN_PEPPER_ROOT;41008;8;41006;11;41004;10;41024;11;41027;6;41030;8;41016.5;0.0
28;16300;ASH_COATED_OSMIUM;9992;15;9989;29;;;10011;15;10014;30;;;10002.0;0.0
28;16300;INTARIAN_PEPPER_ROOT;41009;12;41007;5;41005;11;41023;22;41025;11;41027;8;41016.0;0.0
28;16400;ASH_COATED_OSMIUM;9994;11;9992;11;;;10010;14;10011;11;;;10002.5;0.0
28;16400;INTARIAN_PEPPER_ROOT;41012;12;;;;;41025;8;;;;;41018.5;0.0
28;16500;ASH_COATED_OSMIUM;9992;10;9989;29;;;10008;14;10011;30;;;10000.5;0.0
28;16500;INTARIAN_PEPPER_ROOT;41010;9;41008;11;41005;22;41023;9;41024;10;41025;10;41016.5;0.0
28;16600;ASH_COATED_OSMIUM;9995;11;;;;;10011;10;;;;;10003.0;0.0
28;16600;INTARIAN_PEPPER_ROOT;41011;12;41008;8;;;41024;11;41027;10;;;41018.0;0.0
28;16700;ASH_COATED_OSMIUM;9986;28;9983;14;;;10002;13;10005;25;;;9994.5;0.0
28;16700;INTARIAN_PEPPER_ROOT;41012;25;41009;12;;;41025;5;41028;12;;;41018.5;0.0
28;16800;ASH_COATED_OSMIUM;9989;28;9986;4;;;10005;12;10008;15;;;9997.5;0.0
28;16800;INTARIAN_PEPPER_ROOT;41005;10;41003;12;;;41023;11;41024;17;;;41014.0;0.0
28;16900;ASH_COATED_OSMIUM;9987;22;;;;;10005;13;;;;;9996.0;0.0
28;16900;INTARIAN_PEPPER_ROOT;41013;11;;;;;41024;10;;;;;41018.5;0.0
28;17000;ASH_COATED_OSMIUM;9992;26;;;;;10008;23;;;;;10000.0;0.0
28;17000;INTARIAN_PEPPER_ROOT;41008;11;;;;;41021;12;;;;;41015.0;0.0
28;17100;ASH_COATED_OSMIUM;9991;10;;;;;9998;13;;;;;9995.0;0.0
28;17100;INTARIAN_PEPPER_ROOT;41011;9;41010;8;;;41024;9;41027;9;;;41018.0;0.0
28;17200;ASH_COATED_OSMIUM;9980;11;9977;15;;;9996;14;9999;10;;;9988.0;0.0
28;17200;INTARIAN_PEPPER_ROOT;41004;8;41003;10;;;41017;12;41020;12;;;41011.0;0.0
28;17300;ASH_COATED_OSMIUM;9974;13;9973;12;;;9993;28;9995;15;;;9984.0;0.0
28;17300;INTARIAN_PEPPER_ROOT;41011;17;41009;11;;;41025;8;41027;11;;;41018.5;0.0
28;17400;ASH_COATED_OSMIUM;9981;15;9978;3;;;9990;11;9992;14;;;9986.0;0.0
28;17400;INTARIAN_PEPPER_ROOT;41008;12;41006;12;41003;11;41023;11;41024;8;41026;10;41016.0;0.0
28;17500;ASH_COATED_OSMIUM;9978;14;9975;11;9973;13;9994;11;9997;14;9999;14;9986.0;0.0
28;17500;INTARIAN_PEPPER_ROOT;41008;8;;;;;41021;9;;;;;41015.0;0.0
28;17600;ASH_COATED_OSMIUM;9980;13;9978;26;;;9996;14;9997;10;;;9988.0;0.0
28;17600;INTARIAN_PEPPER_ROOT;41010;10;;;;;41023;15;;;;;41017.0;0.0
28;17700;ASH_COATED_OSMIUM;9983;11;9981;13;;;9999;29;10000;11;;;9991.5;0.0
28;17700;INTARIAN_PEPPER_ROOT;41014;8;41012;22;;;41026;10;41027;21;;;41020.5;0.0
28;17800;ASH_COATED_OSMIUM;9989;11;9988;11;;;10005;15;10007;14;;;9997.0;0.0
28;17800;INTARIAN_PEPPER_ROOT;41009;8;;;;;41021;9;;;;;41015.5;0.0
28;17900;ASH_COATED_OSMIUM;9991;12;9989;27;9988;8;10009;12;10011;20;10012;10;10000.5;0.0
28;17900;INTARIAN_PEPPER_ROOT;41014;9;41013;10;;;41027;8;41028;8;;;41020.5;0.0
28;18000;ASH_COATED_OSMIUM;9998;4;9996;21;9994;10;10014;10;10016;13;10018;11;10006.5;0.0
28;18000;INTARIAN_PEPPER_ROOT;41011;9;41008;12;;;41025;9;41026;10;;;41018.5;0.0
28;18100;ASH_COATED_OSMIUM;9999;12;9997;14;;;10015;14;10016;23;;;10007.5;0.0
28;18100;INTARIAN_PEPPER_ROOT;41012;10;41010;11;;;41023;20;41025;12;;;41018.0;0.0
28;18200;ASH_COATED_OSMIUM;9994;12;;;;;10013;11;;;;;10004.0;0.0
28;18200;INTARIAN_PEPPER_ROOT;41012;15;41011;12;41009;8;41029;10;41030;15;41032;9;41021.0;0.0
28;18300;ASH_COATED_OSMIUM;9996;21;9994;11;9992;13;10014;11;10016;11;10018;13;10005.5;0.0
28;18300;INTARIAN_PEPPER_ROOT;41009;8;41007;17;41006;18;41020;10;41023;10;41025;8;41014.5;0.0
28;18400;ASH_COATED_OSMIUM;9998;14;9996;15;;;10014;15;10016;15;;;10006.0;0.0
28;18400;INTARIAN_PEPPER_ROOT;41014;11;41012;10;;;41025;9;41028;20;;;41019.5;0.0
28;18500;ASH_COATED_OSMIUM;9999;15;;;;;10015;10;;;;;10007.0;0.0
28;18500;INTARIAN_PEPPER_ROOT;41013;12;41011;15;;;41027;10;41028;10;;;41020.5;0.0
28;18600;ASH_COATED_OSMIUM;9993;15;9990;12;;;10009;13;10012;29;;;10001.5;0.0
28;18600;INTARIAN_PEPPER_ROOT;41014;8;;;;;41028;9;;;;;41021.0;0.0
28;18700;ASH_COATED_OSMIUM;9992;10;;;;;10011;10;;;;;10001.5;0.0
28;18700;INTARIAN_PEPPER_ROOT;41009;9;;;;;41021;12;;;;;41015.5;0.0
28;18800;ASH_COATED_OSMIUM;9995;12;;;;;10011;10;;;;;10003.0;0.0
28;18800;INTARIAN_PEPPER_ROOT;41016;10;41014;11;;;41018;11;41021;11;;;41017.5;0.0
28;18900;ASH_COATED_OSMIUM;9997;30;;;;;10016;3;;;;;10006.5;0.0
28;18900;INTARIAN_PEPPER_ROOT;41016;12;;;;;41028;12;;;;;41022.5;0.0
28;19000;ASH_COATED_OSMIUM;9994;11;9992;11;9991;15;10013;14;10014;26;10016;10;10004.0;0.0
28;19000;INTARIAN_PEPPER_ROOT;41012;8;;;;;41025;10;;;;;41019.0;0.0
28;19100;ASH_COATED_OSMIUM;9991;10;9989;10;9986;10;10009;11;10012;22;10013;10;10000.5;0.0
28;19100;INTARIAN_PEPPER_ROOT;41014;9;;;;;41027;11;;;;;41021.0;0.0
28;19200;ASH_COATED_OSMIUM;9992;11;9989;10;9986;14;10010;23;10011;10;10014;13;10001.0;0.0
28;19200;INTARIAN_PEPPER_ROOT;41012;8;41009;24;;;41024;24;41026;9;;;41018.0;0.0
28;19300;ASH_COATED_OSMIUM;9993;20;;;;;10009;12;;;;;10001.0;0.0
28;19300;INTARIAN_PEPPER_ROOT;41011;4;41009;19;;;41025;10;41028;11;;;41018.5;0.0
28;19400;ASH_COATED_OSMIUM;9995;11;;;;;10001;25;;;;;9998.0;0.0
28;19400;INTARIAN_PEPPER_ROOT;41017;9;41016;12;;;41029;9;41030;11;;;41023.5;0.0
28;19500;ASH_COATED_OSMIUM;9993;27;9991;11;;;10009;3;10012;13;;;10001.5;0.0
28;19500;INTARIAN_PEPPER_ROOT;41013;10;41011;8;41008;17;41025;10;41027;9;41029;10;41019.0;0.0
28;19600;ASH_COATED_OSMIUM;9994;24;9991;13;;;10010;13;10011;14;;;10002.5;0.0
28;19600;INTARIAN_PEPPER_ROOT;41011;12;41008;8;;;41023;9;41024;19;;;41017.5;0.0
28;19700;ASH_COATED_OSMIUM;10001;11;9998;12;;;10017;14;10019;11;;;10009.5;0.0
28;19700;INTARIAN_PEPPER_ROOT;41011;12;41008;10;41006;9;41028;10;41031;10;41034;12;41019.5;0.0
28;19800;ASH_COATED_OSMIUM;10002;22;9999;12;9997;10;10018;10;10021;15;10022;14;10010.5;0.0
28;19800;INTARIAN_PEPPER_ROOT;41011;18;;;;;41027;5;;;;;41019.5;0.0
28;19900;ASH_COATED_OSMIUM;10000;15;9998;14;;;10019;11;10022;10;;;10009.5;0.0
28;19900;INTARIAN_PEPPER_ROOT;41013;9;41012;11;;;41025;22;41026;9;;;41019.5;0.0
28;20000;ASH_COATED_OSMIUM;10003;14;10000;13;;;10019;24;10022;2;;;10011.0;0.0
28;20000;INTARIAN_PEPPER_ROOT;41014;19;41013;9;41010;9;41030;24;41031;10;41032;9;41022.0;0.0
28;20100;ASH_COATED_OSMIUM;9998;10;9996;12;9994;24;10014;13;10016;14;10017;11;10006.0;0.0
28;20100;INTARIAN_PEPPER_ROOT;41015;11;41013;23;41010;9;41029;10;41032;12;41034;10;41022.5;0.0
28;20200;ASH_COATED_OSMIUM;9995;12;;;;;10011;11;;;;;10003.0;0.0
28;20200;INTARIAN_PEPPER_ROOT;41017;11;41014;24;;;41025;8;41027;6;;;41021.5;0.0
28;20300;ASH_COATED_OSMIUM;9988;10;9987;21;9984;11;10004;10;10005;10;10007;10;9996.5;0.0
28;20300;INTARIAN_PEPPER_ROOT;41011;12;41008;10;41006;9;41024;11;41026;25;41028;8;41017.5;0.0
28;20400;ASH_COATED_OSMIUM;9996;15;9993;30;9990;13;10002;12;10003;15;10005;14;9999.0;0.0
28;20400;INTARIAN_PEPPER_ROOT;41014;10;41013;15;;;41026;10;41029;22;;;41020.0;0.0
28;20500;ASH_COATED_OSMIUM;9991;14;9988;9;;;10007;14;10008;13;;;9999.5;0.0
28;20500;INTARIAN_PEPPER_ROOT;41013;10;41012;21;;;41025;11;41028;9;;;41019.0;0.0
28;20600;ASH_COATED_OSMIUM;9996;15;;;;;10012;11;;;;;10004.0;0.0
28;20600;INTARIAN_PEPPER_ROOT;41019;11;;;;;41022;12;;;;;41020.5;0.0
28;20700;ASH_COATED_OSMIUM;9995;11;9992;15;9990;13;10011;6;10012;12;10015;12;10003.0;0.0
28;20700;INTARIAN_PEPPER_ROOT;41017;11;41014;8;;;41029;10;41032;9;;;41023.5;0.0
28;20800;ASH_COATED_OSMIUM;9994;3;9991;11;;;10010;11;10013;12;;;10002.0;0.0
28;20800;INTARIAN_PEPPER_ROOT;41014;17;41013;23;41010;12;41026;18;41028;9;41030;9;41020.0;0.0
28;20900;ASH_COATED_OSMIUM;9997;10;9994;29;9993;3;10013;11;10015;13;10018;25;10005.0;0.0
28;20900;INTARIAN_PEPPER_ROOT;41012;9;41011;8;41008;10;41029;9;41032;8;41034;11;41021.0;0.0
28;21000;ASH_COATED_OSMIUM;9994;10;;;;;10013;12;;;;;10003.5;0.0
28;21000;INTARIAN_PEPPER_ROOT;41015;8;41013;10;;;41028;11;41029;10;;;41021.5;0.0
28;21100;ASH_COATED_OSMIUM;9996;10;9995;11;9992;15;10012;21;10014;12;10015;15;10004.0;0.0
28;21100;INTARIAN_PEPPER_ROOT;41017;11;41016;8;41013;21;41028;11;41030;8;41031;11;41022.5;0.0
28;21200;ASH_COATED_OSMIUM;9996;11;;;;;10012;12;;;;;10004.0;0.0
28;21200;INTARIAN_PEPPER_ROOT;41013;8;41010;10;;;41026;11;41027;11;;;41020.0;0.0
28;21300;ASH_COATED_OSMIUM;9993;11;9990;14;9989;13;10009;12;10010;12;10011;13;10001.5;0.0
28;21300;INTARIAN_PEPPER_ROOT;41015;10;41014;20;41012;8;41028;9;41030;9;41033;8;41021.5;0.0
28;21400;ASH_COATED_OSMIUM;9992;14;9990;12;9988;9;10008;10;10009;15;10011;3;10000.5;0.0
28;21400;INTARIAN_PEPPER_ROOT;41012;9;41010;9;;;41026;10;41027;10;;;41019.5;0.0
28;21500;ASH_COATED_OSMIUM;10002;11;10000;14;9999;25;10018;28;10020;12;10023;11;10010.0;0.0
28;21500;INTARIAN_PEPPER_ROOT;41009;9;41007;9;41004;23;41026;25;41028;9;41029;12;41018.0;0.0
28;21600;ASH_COATED_OSMIUM;9998;13;9996;25;9993;26;10014;13;10017;14;10020;11;10006.5;0.0
28;21600;INTARIAN_PEPPER_ROOT;41017;9;;;;;41029;11;;;;;41023.0;0.0
28;21700;ASH_COATED_OSMIUM;10000;26;;;;;10016;13;;;;;10008.5;0.0
28;21700;INTARIAN_PEPPER_ROOT;41013;10;;;;;41026;15;;;;;41020.0;0.0
28;21800;ASH_COATED_OSMIUM;9995;23;;;;;10011;12;;;;;10003.5;0.0
28;21800;INTARIAN_PEPPER_ROOT;41023;9;41020;10;;;41025;12;41027;23;;;41024.0;0.0
28;21900;ASH_COATED_OSMIUM;9998;15;;;;;10014;12;;;;;10006.0;0.0
28;21900;INTARIAN_PEPPER_ROOT;41015;12;41014;9;41011;21;41027;11;41028;10;41029;8;41021.0;0.0
28;22000;ASH_COATED_OSMIUM;9993;13;9991;13;9988;14;10012;15;10013;15;10016;14;10002.5;0.0
28;22000;INTARIAN_PEPPER_ROOT;41016;12;41014;12;41013;8;41030;9;41031;11;41032;10;41023.5;0.0
28;22100;ASH_COATED_OSMIUM;9993;14;9991;14;;;10009;11;10012;24;;;10001.0;0.0
28;22100;INTARIAN_PEPPER_ROOT;41009;11;;;;;41027;10;;;;;41018.5;0.0
28;22200;ASH_COATED_OSMIUM;9993;30;;;;;10009;11;;;;;10001.5;0.0
28;22200;INTARIAN_PEPPER_ROOT;41016;10;;;;;41028;10;;;;;41022.0;0.0
28;22300;ASH_COATED_OSMIUM;9997;14;9995;13;;;10006;12;10007;13;;;10001.5;0.0
28;22300;INTARIAN_PEPPER_ROOT;41020;8;;;;;41023;8;;;;;41022.0;0.0
28;22400;ASH_COATED_OSMIUM;9995;11;;;;;10011;13;;;;;10003.5;0.0
28;22400;INTARIAN_PEPPER_ROOT;41013;18;;;;;41025;9;;;;;41019.0;0.0
28;22500;ASH_COATED_OSMIUM;9996;10;9995;14;;;10012;13;10014;14;;;10004.5;0.0
28;22500;INTARIAN_PEPPER_ROOT;41012;9;41009;10;;;41025;10;41028;11;;;41018.5;0.0
28;22600;ASH_COATED_OSMIUM;10001;10;10000;10;;;10017;10;10020;12;;;10009.5;0.0
28;22600;INTARIAN_PEPPER_ROOT;41017;8;41016;24;41015;12;41030;8;41032;9;41033;11;41023.5;0.0
28;22700;ASH_COATED_OSMIUM;9995;25;9994;11;;;10011;10;10014;13;;;10003.5;0.0
28;22700;INTARIAN_PEPPER_ROOT;41017;12;;;;;41032;12;;;;;41025.0;0.0
28;22800;ASH_COATED_OSMIUM;9991;13;9988;10;9986;12;10010;11;10012;11;10014;10;10001.0;0.0
28;22800;INTARIAN_PEPPER_ROOT;41014;23;;;;;41029;16;;;;;41022.0;0.0
28;22900;ASH_COATED_OSMIUM;9994;11;9991;29;;;10010;15;10012;14;;;10002.0;0.0
28;22900;INTARIAN_PEPPER_ROOT;41016;8;41013;9;41011;11;41032;9;41034;12;41036;9;41024.0;0.0
28;23000;ASH_COATED_OSMIUM;9994;10;;;;;10012;11;;;;;10003.5;0.0
28;23000;INTARIAN_PEPPER_ROOT;41016;8;;;;;41029;11;;;;;41023.0;0.0
28;23100;ASH_COATED_OSMIUM;9993;10;9991;10;;;10011;10;10012;28;;;10002.0;0.0
28;23100;INTARIAN_PEPPER_ROOT;41021;10;41020;11;41017;8;41032;20;41035;11;41038;8;41027.0;0.0
28;23200;ASH_COATED_OSMIUM;9989;12;9988;10;;;10008;14;10010;14;;;9999.0;0.0
28;23200;INTARIAN_PEPPER_ROOT;41016;11;;;;;41028;19;;;;;41022.5;0.0
28;23300;ASH_COATED_OSMIUM;9993;12;9990;15;;;10012;14;10014;15;;;10003.0;0.0
28;23300;INTARIAN_PEPPER_ROOT;41015;9;41014;9;;;41029;11;41032;10;;;41022.5;0.0
28;23400;ASH_COATED_OSMIUM;9993;14;9990;13;;;10011;15;10014;12;;;10002.5;0.0
28;23400;INTARIAN_PEPPER_ROOT;41021;10;;;;;41034;8;;;;;41027.5;0.0
28;23500;ASH_COATED_OSMIUM;9994;14;9992;13;9991;14;10004;30;10005;10;10006;14;9999.5;0.0
28;23500;INTARIAN_PEPPER_ROOT;41017;12;;;;;41029;25;;;;;41023.5;0.0
28;23600;ASH_COATED_OSMIUM;9993;8;9990;13;9987;15;10009;11;10012;22;10013;14;10001.0;0.0
28;23600;INTARIAN_PEPPER_ROOT;41015;10;41012;11;;;41029;9;41032;8;;;41022.5;0.0
28;23700;ASH_COATED_OSMIUM;9988;10;;;;;10004;14;;;;;9996.5;0.0
28;23700;INTARIAN_PEPPER_ROOT;41017;12;41015;8;;;41030;9;41032;11;;;41024.0;0.0
28;23800;ASH_COATED_OSMIUM;9992;15;9989;14;;;10005;15;10006;10;;;9999.0;0.0
28;23800;INTARIAN_PEPPER_ROOT;41018;12;41017;11;41015;11;41032;11;41033;8;41034;12;41025.5;0.0
28;23900;ASH_COATED_OSMIUM;9990;14;9989;12;;;10006;21;10008;12;;;9998.5;0.0
28;23900;INTARIAN_PEPPER_ROOT;41013;12;;;;;41031;10;;;;;41022.5;0.0
28;24000;ASH_COATED_OSMIUM;9989;10;9987;11;9984;11;10005;15;10006;12;10007;21;9997.5;0.0
28;24000;INTARIAN_PEPPER_ROOT;41016;9;;;;;41033;19;;;;;41024.5;0.0
28;24100;ASH_COATED_OSMIUM;9991;13;;;;;10010;13;;;;;10001.0;0.0
28;24100;INTARIAN_PEPPER_ROOT;41020;19;41018;9;;;41032;10;41033;9;;;41026.0;0.0
28;24200;ASH_COATED_OSMIUM;9996;12;;;;;10012;14;;;;;10004.5;0.0
28;24200;INTARIAN_PEPPER_ROOT;41016;9;;;;;41030;10;;;;;41023.0;0.0
28;24300;ASH_COATED_OSMIUM;9997;15;9996;13;9994;12;10016;13;10018;13;10019;10;10006.5;0.0
28;24300;INTARIAN_PEPPER_ROOT;41017;9;41014;10;;;41033;8;41034;23;;;41025.5;0.0
28;24400;ASH_COATED_OSMIUM;9997;13;9994;12;9991;2;10013;12;10015;10;10018;11;10005.5;0.0
28;24400;INTARIAN_PEPPER_ROOT;41017;10;41015;10;;;41032;9;41034;12;;;41025.0;0.0
28;24500;ASH_COATED_OSMIUM;9988;13;9985;13;;;10004;12;10005;10;;;9996.5;0.0
28;24500;INTARIAN_PEPPER_ROOT;41021;8;41019;8;;;41033;10;41035;11;;;41027.0;0.0
28;24600;ASH_COATED_OSMIUM;9987;15;9986;11;;;10003;5;10004;11;;;9995.0;0.0
28;24600;INTARIAN_PEPPER_ROOT;41018;20;41016;12;41015;8;41032;11;41035;11;41036;18;41025.0;0.0
28;24700;ASH_COATED_OSMIUM;9990;13;;;;;10006;10;;;;;9998.0;0.0
28;24700;INTARIAN_PEPPER_ROOT;41016;11;41015;24;;;41032;8;41034;10;;;41024.5;0.0
28;24800;ASH_COATED_OSMIUM;9996;11;9994;14;;;10012;3;10014;22;;;10004.0;0.0
28;24800;INTARIAN_PEPPER_ROOT;41021;8;;;;;41034;11;;;;;41028.0;0.0
28;24900;ASH_COATED_OSMIUM;9997;10;9996;11;9994;3;10013;11;10014;14;10015;14;10005.5;0.0
28;24900;INTARIAN_PEPPER_ROOT;41013;9;41010;12;41007;10;41028;8;41031;11;41033;10;41021.0;0.0
28;25000;ASH_COATED_OSMIUM;9996;13;9994;22;;;10015;14;10017;23;;;10005.5;0.0
28;25000;INTARIAN_PEPPER_ROOT;41022;11;;;;;41033;12;;;;;41027.5;0.0
28;25100;ASH_COATED_OSMIUM;9991;14;9990;13;;;10012;22;10014;3;;;10001.5;0.0
28;25100;INTARIAN_PEPPER_ROOT;41018;9;41015;8;;;41032;9;41035;9;;;41025.0;0.0
28;25200;ASH_COATED_OSMIUM;9991;10;9988;13;;;10007;14;10010;26;;;9999.0;0.0
28;25200;INTARIAN_PEPPER_ROOT;41017;9;41016;24;;;41032;8;41034;12;;;41025.0;0.0
28;25300;ASH_COATED_OSMIUM;9985;11;9983;13;;;10004;13;10007;14;;;9994.5;0.0
28;25300;INTARIAN_PEPPER_ROOT;41017;9;41016;9;41014;11;41033;8;41036;11;41037;16;41025.5;0.0
28;25400;ASH_COATED_OSMIUM;9987;15;9984;20;;;10003;8;10006;10;;;9995.0;0.0
28;25400;INTARIAN_PEPPER_ROOT;41019;12;41018;9;41016;8;41032;8;41035;10;41036;10;41026.0;0.0
28;25500;ASH_COATED_OSMIUM;9989;12;9986;12;9985;10;10005;27;10008;13;10009;20;9997.0;0.0
28;25500;INTARIAN_PEPPER_ROOT;41018;8;41016;10;;;41031;9;41034;9;;;41024.5;0.0
28;25600;ASH_COATED_OSMIUM;9988;15;9987;10;;;10006;29;10008;15;;;9997.5;0.0
28;25600;INTARIAN_PEPPER_ROOT;41022;9;41019;10;41017;8;41035;12;41038;8;41040;10;41028.5;0.0
28;25700;ASH_COATED_OSMIUM;9990;14;9987;23;9985;12;10008;10;10009;25;10011;11;9999.5;0.0
28;25700;INTARIAN_PEPPER_ROOT;41021;9;41018;16;;;41033;12;41034;9;;;41027.5;0.0
28;25800;ASH_COATED_OSMIUM;9993;14;9990;15;;;10009;10;10011;14;;;10001.0;0.0
28;25800;INTARIAN_PEPPER_ROOT;41022;12;41020;12;;;41034;11;41037;10;;;41028.0;0.0
28;25900;ASH_COATED_OSMIUM;9994;8;;;;;10010;15;;;;;10002.0;0.0
28;25900;INTARIAN_PEPPER_ROOT;41015;25;41014;16;;;41034;8;41035;12;;;41025.0;0.0
28;26000;ASH_COATED_OSMIUM;9991;12;9990;15;9988;15;10007;13;10009;11;10011;12;9999.5;0.0
28;26000;INTARIAN_PEPPER_ROOT;41017;12;;;;;41031;12;;;;;41024.5;0.0
28;26100;ASH_COATED_OSMIUM;9992;9;9990;15;;;10008;14;10010;14;;;10000.0;0.0
28;26100;INTARIAN_PEPPER_ROOT;41020;18;41019;10;;;41033;23;41035;8;;;41026.5;0.0
28;26200;ASH_COATED_OSMIUM;9995;11;;;;;10011;14;;;;;10003.5;0.0
28;26200;INTARIAN_PEPPER_ROOT;41018;9;41016;11;41013;11;41030;9;41033;12;41035;12;41024.0;0.0
28;26300;ASH_COATED_OSMIUM;9993;11;9990;26;;;10009;14;10010;10;;;10001.0;0.0
28;26300;INTARIAN_PEPPER_ROOT;41021;10;41020;20;41018;9;41035;12;41036;9;41038;8;41028.0;0.0
28;26400;ASH_COATED_OSMIUM;9990;27;9988;13;9986;11;10006;4;10008;21;10011;22;9998.0;0.0
28;26400;INTARIAN_PEPPER_ROOT;41019;9;;;;;41031;12;;;;;41025.0;0.0
28;26500;ASH_COATED_OSMIUM;9990;13;9988;14;;;10006;30;10007;12;;;9998.5;0.0
28;26500;INTARIAN_PEPPER_ROOT;41021;10;;;;;41033;11;;;;;41027.5;0.0
28;26600;ASH_COATED_OSMIUM;9993;13;;;;;10009;13;;;;;10001.5;0.0
28;26600;INTARIAN_PEPPER_ROOT;41018;11;41015;12;;;41033;12;41035;11;;;41025.5;0.0
28;26700;ASH_COATED_OSMIUM;9992;10;;;;;10008;12;;;;;10000.0;0.0
28;26700;INTARIAN_PEPPER_ROOT;41019;19;;;;;41031;10;;;;;41025.0;0.0
28;26800;ASH_COATED_OSMIUM;9991;14;;;;;10010;27;;;;;10000.5;0.0
28;26800;INTARIAN_PEPPER_ROOT;41022;8;41021;12;;;41036;8;41039;10;;;41029.5;0.0
28;26900;ASH_COATED_OSMIUM;9989;13;9987;15;9986;10;10008;27;10011;13;10013;11;9998.5;0.0
28;26900;INTARIAN_PEPPER_ROOT;41021;8;;;;;41034;23;;;;;41027.5;0.0
28;27000;ASH_COATED_OSMIUM;9987;10;;;;;10003;20;;;;;9995.0;0.0
28;27000;INTARIAN_PEPPER_ROOT;41025;7;41022;6;;;41041;11;41043;9;;;41033.5;0.0
28;27100;ASH_COATED_OSMIUM;9982;10;9979;15;9978;22;9998;14;9999;30;10002;15;9990.5;0.0
28;27100;INTARIAN_PEPPER_ROOT;41025;11;41024;12;;;41037;8;41040;12;;;41031.0;0.0
28;27200;ASH_COATED_OSMIUM;9986;11;9983;14;;;10005;14;10008;12;;;9996.0;0.0
28;27200;INTARIAN_PEPPER_ROOT;41019;8;;;;;41032;9;;;;;41025.5;0.0
28;27300;ASH_COATED_OSMIUM;9988;24;9986;13;;;10001;15;10002;11;;;9995.0;0.0
28;27300;INTARIAN_PEPPER_ROOT;41021;8;41019;12;41018;22;41037;17;41038;20;41039;11;41029.0;0.0
28;27400;ASH_COATED_OSMIUM;9985;14;;;;;10001;11;;;;;9993.0;0.0
28;27400;INTARIAN_PEPPER_ROOT;41019;10;;;;;41034;12;;;;;41027.0;0.0
28;27500;ASH_COATED_OSMIUM;9981;11;;;;;10000;13;;;;;9991.0;0.0
28;27500;INTARIAN_PEPPER_ROOT;41026;10;41025;11;;;41039;9;41040;15;;;41032.5;0.0
28;27600;ASH_COATED_OSMIUM;9988;11;9987;13;9984;12;10004;13;10007;14;10009;13;9996.0;0.0
28;27600;INTARIAN_PEPPER_ROOT;41020;8;41017;9;;;41034;8;41036;11;;;41027.5;0.0
28;27700;ASH_COATED_OSMIUM;9989;15;9986;2;;;10005;11;10008;12;;;9997.0;0.0
28;27700;INTARIAN_PEPPER_ROOT;41018;8;41016;11;41014;10;41032;17;41034;9;41037;9;41025.0;0.0
28;27800;ASH_COATED_OSMIUM;9982;13;9979;13;;;9998;4;9999;13;;;9990.5;0.0
28;27800;INTARIAN_PEPPER_ROOT;41016;10;41014;10;;;41029;11;41030;8;;;41023.0;0.0
28;27900;ASH_COATED_OSMIUM;9982;14;9979;10;;;9998;2;10001;11;;;9990.5;0.0
28;27900;INTARIAN_PEPPER_ROOT;41016;20;;;;;41031;12;;;;;41024.0;0.0
28;28000;ASH_COATED_OSMIUM;9983;15;9980;15;;;9999;15;10001;10;;;9991.5;0.0
28;28000;INTARIAN_PEPPER_ROOT;41020;8;41019;9;41017;12;41036;23;41037;8;41038;21;41028.5;0.0
28;28100;ASH_COATED_OSMIUM;9986;12;;;;;10004;12;;;;;9995.5;0.0
28;28100;INTARIAN_PEPPER_ROOT;41025;9;41022;12;;;41038;10;41041;8;;;41031.5;0.0
28;28200;ASH_COATED_OSMIUM;9987;12;9984;10;;;10003;10;10005;28;;;9995.0;0.0
28;28200;INTARIAN_PEPPER_ROOT;41017;9;41015;11;41014;10;41032;12;41035;8;41038;11;41025.0;0.0
28;28300;ASH_COATED_OSMIUM;9988;10;9985;14;;;10004;12;10007;12;;;9996.0;0.0
28;28300;INTARIAN_PEPPER_ROOT;41018;12;41016;12;41015;12;41030;16;41033;3;41034;9;41024.5;0.0
28;28400;ASH_COATED_OSMIUM;9999;15;9997;11;;;10005;13;10008;5;;;10002.5;0.0
28;28400;INTARIAN_PEPPER_ROOT;41020;10;41019;10;;;41034;10;41036;10;;;41027.5;0.0
28;28500;ASH_COATED_OSMIUM;9996;10;;;;;10012;26;;;;;10004.0;0.0
28;28500;INTARIAN_PEPPER_ROOT;41019;8;41018;22;41015;11;41035;8;41037;12;41040;10;41027.5;0.0
28;28600;ASH_COATED_OSMIUM;9989;20;9988;6;;;10005;11;10006;15;;;9997.5;0.0
28;28600;INTARIAN_PEPPER_ROOT;41021;11;41020;22;41017;12;41034;11;41035;19;41036;9;41028.0;0.0
28;28700;ASH_COATED_OSMIUM;9994;3;9991;15;;;10010;15;10012;12;;;10002.5;0.0
28;28700;INTARIAN_PEPPER_ROOT;41026;9;;;;;41038;9;;;;;41032.0;0.0
28;28800;ASH_COATED_OSMIUM;9991;20;9990;12;;;10010;10;10011;15;;;10000.5;0.0
28;28800;INTARIAN_PEPPER_ROOT;41022;11;41021;10;;;41039;11;41040;12;;;41031.0;0.0
28;28900;ASH_COATED_OSMIUM;9996;13;;;;;10012;28;;;;;10004.5;0.0
28;28900;INTARIAN_PEPPER_ROOT;41023;12;41021;12;41018;9;41036;19;41037;11;41038;11;41030.0;0.0
28;29000;ASH_COATED_OSMIUM;9992;13;;;;;10008;13;;;;;10000.5;0.0
28;29000;INTARIAN_PEPPER_ROOT;41018;10;41017;9;;;41031;11;41034;18;;;41025.0;0.0
28;29100;ASH_COATED_OSMIUM;9997;12;9994;12;;;10003;11;10005;15;;;10000.0;0.0
28;29100;INTARIAN_PEPPER_ROOT;41024;12;;;;;41036;11;;;;;41030.0;0.0
28;29200;ASH_COATED_OSMIUM;9991;30;9990;12;;;10010;15;10012;11;;;10001.0;0.0
28;29200;INTARIAN_PEPPER_ROOT;41017;11;41016;9;41015;12;41033;9;41036;23;41037;9;41025.5;0.0
28;29300;ASH_COATED_OSMIUM;9994;13;9991;15;9988;12;10010;6;10012;11;10013;10;10002.5;0.0
28;29300;INTARIAN_PEPPER_ROOT;41025;12;41022;25;41019;25;41038;18;41039;11;41041;10;41031.5;0.0
28;29400;ASH_COATED_OSMIUM;9995;12;9993;23;9992;11;10011;14;10014;14;10015;26;10003.5;0.0
28;29400;INTARIAN_PEPPER_ROOT;41025;10;41023;12;41022;12;41041;25;41042;11;41043;10;41033.5;0.0
28;29500;ASH_COATED_OSMIUM;9994;20;9991;23;;;10010;11;10013;13;;;10002.5;0.0
28;29500;INTARIAN_PEPPER_ROOT;41019;8;41017;10;;;41033;23;41036;8;;;41026.5;0.0
28;29600;ASH_COATED_OSMIUM;9998;12;;;;;10014;11;;;;;10006.0;0.0
28;29600;INTARIAN_PEPPER_ROOT;41022;10;41021;15;41020;16;41039;9;41040;10;41042;10;41030.5;0.0
28;29700;ASH_COATED_OSMIUM;9997;10;9994;12;;;10013;12;10016;12;;;10005.0;0.0
28;29700;INTARIAN_PEPPER_ROOT;41026;12;41023;11;41020;12;41037;10;41039;21;41040;11;41031.5;0.0
28;29800;ASH_COATED_OSMIUM;9987;15;9985;14;;;10003;29;10006;10;;;9995.5;0.0
28;29800;INTARIAN_PEPPER_ROOT;41027;12;41026;12;41023;22;41039;10;41042;12;41043;22;41033.0;0.0
28;29900;ASH_COATED_OSMIUM;9990;15;9989;11;;;10006;11;10009;12;;;9998.0;0.0
28;29900;INTARIAN_PEPPER_ROOT;41028;12;41025;11;41023;10;41040;11;41041;24;41044;8;41034.0;0.0
28;30000;ASH_COATED_OSMIUM;9989;11;;;;;10008;11;;;;;9999.0;0.0
28;30000;INTARIAN_PEPPER_ROOT;41025;11;;;;;41038;12;;;;;41031.5;0.0
28;30100;ASH_COATED_OSMIUM;9997;11;;;;;10013;13;;;;;10005.0;0.0
28;30100;INTARIAN_PEPPER_ROOT;41022;11;41020;10;41017;11;41039;10;41040;12;41041;25;41030.5;0.0
28;30200;ASH_COATED_OSMIUM;9996;10;9993;13;;;10005;11;10008;11;;;10000.5;0.0
28;30200;INTARIAN_PEPPER_ROOT;41020;10;;;;;41032;9;;;;;41026.0;0.0
28;30300;ASH_COATED_OSMIUM;9988;14;;;;;10004;12;;;;;9996.5;0.0
28;30300;INTARIAN_PEPPER_ROOT;41022;20;41021;10;;;41037;12;41039;8;;;41029.5;0.0
28;30400;ASH_COATED_OSMIUM;9987;10;9985;10;;;10003;10;10005;12;;;9995.0;0.0
28;30400;INTARIAN_PEPPER_ROOT;41026;9;;;;;41037;9;;;;;41031.5;0.0
28;30500;ASH_COATED_OSMIUM;9982;10;9979;11;;;10001;14;10003;12;;;9991.5;0.0
28;30500;INTARIAN_PEPPER_ROOT;41023;20;41020;9;;;41035;9;41037;8;;;41029.5;0.0
28;30600;ASH_COATED_OSMIUM;9986;13;9985;11;9984;10;10005;11;10008;12;10011;14;9995.5;0.0
28;30600;INTARIAN_PEPPER_ROOT;41021;9;41018;11;;;41036;8;41039;10;;;41029.0;0.0
28;30700;ASH_COATED_OSMIUM;9992;14;9991;14;9990;14;10013;15;10015;28;10018;10;10003.0;0.0
28;30700;INTARIAN_PEPPER_ROOT;41024;10;41022;11;41020;21;41036;24;41039;10;41041;10;41030.0;0.0
28;30800;ASH_COATED_OSMIUM;9997;11;9996;14;;;10013;14;10015;13;;;10005.0;0.0
28;30800;INTARIAN_PEPPER_ROOT;41024;12;41023;9;;;41038;17;41041;10;;;41031.5;0.0
28;30900;ASH_COATED_OSMIUM;9998;13;9995;15;;;10016;28;10018;11;;;10007.0;0.0
28;30900;INTARIAN_PEPPER_ROOT;41025;11;41024;9;;;41037;8;41040;11;;;41031.5;0.0
28;31000;ASH_COATED_OSMIUM;9999;12;9997;24;;;10015;11;10018;14;;;10007.5;0.0
28;31000;INTARIAN_PEPPER_ROOT;41025;10;;;;;41039;10;;;;;41032.5;0.0
28;31100;ASH_COATED_OSMIUM;10001;11;10000;15;;;10017;12;10018;14;;;10009.0;0.0
28;31100;INTARIAN_PEPPER_ROOT;41027;12;41024;9;41022;12;41039;25;41042;11;41044;8;41033.0;0.0
28;31200;ASH_COATED_OSMIUM;9999;20;9998;29;;;10015;10;10018;21;;;10007.0;0.0
28;31200;INTARIAN_PEPPER_ROOT;41025;10;;;;;41036;17;;;;;41031.0;0.0
28;31300;ASH_COATED_OSMIUM;9999;15;9998;25;;;10015;30;10017;10;;;10007.0;0.0
28;31300;INTARIAN_PEPPER_ROOT;41029;9;41028;12;41027;9;41042;9;41043;12;41046;11;41035.5;0.0
28;31400;ASH_COATED_OSMIUM;9996;10;9994;12;9993;13;10012;12;10015;12;10017;14;10004.5;0.0
28;31400;INTARIAN_PEPPER_ROOT;41023;19;41020;12;41018;10;41037;11;41040;10;41042;10;41030.5;0.0
28;31500;ASH_COATED_OSMIUM;9998;14;;;;;10016;14;;;;;10007.0;0.0
28;31500;INTARIAN_PEPPER_ROOT;41025;24;41024;12;41022;8;41038;12;41041;9;41044;7;41031.5;0.0
28;31600;ASH_COATED_OSMIUM;9994;11;;;;;10015;15;;;;;10004.5;0.0
28;31600;INTARIAN_PEPPER_ROOT;41032;9;;;;;41044;24;;;;;41038.0;0.0
28;31700;ASH_COATED_OSMIUM;9996;10;9993;14;9990;13;10012;11;10013;12;10015;24;10004.0;0.0
28;31700;INTARIAN_PEPPER_ROOT;41027;12;41025;12;;;41039;8;41041;8;;;41033.0;0.0
28;31800;ASH_COATED_OSMIUM;9994;29;9993;15;9992;14;10010;27;10011;15;10013;12;10002.5;0.0
28;31800;INTARIAN_PEPPER_ROOT;41026;17;;;;;41040;8;;;;;41033.5;0.0
28;31900;ASH_COATED_OSMIUM;9999;12;9996;13;;;10008;23;10009;10;;;10004.0;0.0
28;31900;INTARIAN_PEPPER_ROOT;41026;8;41025;11;;;41039;10;41040;10;;;41032.5;0.0
28;32000;ASH_COATED_OSMIUM;9986;26;9983;15;;;10004;15;10005;27;;;9995.5;0.0
28;32000;INTARIAN_PEPPER_ROOT;41025;8;41024;10;;;41042;10;41044;11;;;41033.5;0.0
28;32100;ASH_COATED_OSMIUM;9988;12;;;;;10004;13;;;;;9996.0;0.0
28;32100;INTARIAN_PEPPER_ROOT;41029;16;41026;11;;;41031;12;41033;10;;;41030.0;0.0
28;32200;ASH_COATED_OSMIUM;9985;14;9982;14;;;10001;11;10003;14;;;9993.0;0.0
28;32200;INTARIAN_PEPPER_ROOT;41025;8;;;;;41040;18;;;;;41032.5;0.0
28;32300;ASH_COATED_OSMIUM;9984;29;;;;;10000;13;;;;;9992.0;0.0
28;32300;INTARIAN_PEPPER_ROOT;41023;10;;;;;41037;11;;;;;41030.0;0.0
28;32400;ASH_COATED_OSMIUM;9985;13;9984;10;;;10001;14;10002;14;;;9993.5;0.0
28;32400;INTARIAN_PEPPER_ROOT;41028;9;;;;;41040;12;;;;;41034.5;0.0
28;32500;ASH_COATED_OSMIUM;9989;20;;;;;10007;14;;;;;9998.0;0.0
28;32500;INTARIAN_PEPPER_ROOT;41026;9;41024;11;41022;8;41039;8;41041;11;41043;12;41032.5;0.0
28;32600;ASH_COATED_OSMIUM;9993;13;;;;;10009;11;;;;;10001.0;0.0
28;32600;INTARIAN_PEPPER_ROOT;41025;8;41022;24;41020;10;41037;10;41039;12;41042;8;41031.0;0.0
28;32700;ASH_COATED_OSMIUM;9998;12;9996;11;9995;12;10014;10;10016;10;10019;15;10006.0;0.0
28;32700;INTARIAN_PEPPER_ROOT;41031;11;;;;;41045;20;;;;;41038.5;0.0
28;32800;ASH_COATED_OSMIUM;9995;14;9992;15;;;10011;26;10013;11;;;10003.5;0.0
28;32800;INTARIAN_PEPPER_ROOT;41027;10;41024;8;;;41039;8;41040;12;;;41033.0;0.0
28;32900;ASH_COATED_OSMIUM;9997;11;9995;11;;;10013;24;10015;12;;;10005.0;0.0
28;32900;INTARIAN_PEPPER_ROOT;41025;8;41022;11;41020;16;41038;11;41039;8;41040;9;41031.5;0.0
28;33000;ASH_COATED_OSMIUM;9999;11;9996;15;;;10015;13;10017;15;;;10007.0;0.0
28;33000;INTARIAN_PEPPER_ROOT;41027;9;41025;9;41024;10;41040;9;41042;11;41044;23;41034.0;0.0
28;33100;ASH_COATED_OSMIUM;9995;12;9994;13;9991;23;10011;11;10014;11;10017;15;10003.5;0.0
28;33100;INTARIAN_PEPPER_ROOT;41030;10;;;;;41044;12;;;;;41037.5;0.0
28;33200;ASH_COATED_OSMIUM;9998;21;;;;;10014;24;;;;;10006.0;0.0
28;33200;INTARIAN_PEPPER_ROOT;41027;9;41024;12;;;41038;12;41040;9;;;41032.5;0.0
28;33300;ASH_COATED_OSMIUM;9995;12;9994;10;9992;15;10014;14;10017;14;10019;28;10005.0;0.0
28;33300;INTARIAN_PEPPER_ROOT;41030;11;41028;8;;;41045;8;41047;15;;;41037.5;0.0
28;33400;ASH_COATED_OSMIUM;10005;12;10004;5;;;10015;15;10018;27;;;10010.5;0.0
28;33400;INTARIAN_PEPPER_ROOT;41025;8;;;;;41040;25;;;;;41033.0;0.0
28;33500;ASH_COATED_OSMIUM;10004;12;10003;10;;;10020;9;10023;12;;;10012.0;0.0
28;33500;INTARIAN_PEPPER_ROOT;41022;8;41020;10;;;41036;21;41037;9;;;41029.5;0.0
28;33600;ASH_COATED_OSMIUM;9994;14;;;;;10012;24;;;;;10003.5;0.0
28;33600;INTARIAN_PEPPER_ROOT;41029;11;41027;10;41026;9;41041;9;41044;9;41046;8;41035.0;0.0
28;33700;ASH_COATED_OSMIUM;9994;11;9993;11;;;10012;24;10015;13;;;10003.0;0.0
28;33700;INTARIAN_PEPPER_ROOT;41030;22;41029;9;;;41042;20;41043;10;;;41036.5;0.0
28;33800;ASH_COATED_OSMIUM;9988;13;9985;13;;;10004;20;10005;15;;;9996.0;0.0
28;33800;INTARIAN_PEPPER_ROOT;41026;25;;;;;41038;9;;;;;41032.0;0.0
28;33900;ASH_COATED_OSMIUM;9990;11;9989;3;9987;3;10009;10;10011;26;10014;12;10000.0;0.0
28;33900;INTARIAN_PEPPER_ROOT;41029;12;;;;;41042;11;;;;;41035.5;0.0
28;34000;ASH_COATED_OSMIUM;9991;11;9989;11;9987;13;10007;10;10010;14;10013;11;9999.0;0.0
28;34000;INTARIAN_PEPPER_ROOT;41023;8;;;;;41040;11;;;;;41032.0;0.0
28;34100;ASH_COATED_OSMIUM;9996;12;9995;15;;;10007;11;10009;10;;;10001.5;0.0
28;34100;INTARIAN_PEPPER_ROOT;41026;24;;;;;41041;8;;;;;41033.5;0.0
28;34200;ASH_COATED_OSMIUM;9989;15;9988;14;9987;15;10005;11;10006;13;10007;11;9997.0;0.0
28;34200;INTARIAN_PEPPER_ROOT;41027;10;41025;9;;;41039;24;41040;19;;;41033.0;0.0
28;34300;ASH_COATED_OSMIUM;9987;12;9984;27;9982;15;10006;30;10009;10;10011;14;9996.5;0.0
28;34300;INTARIAN_PEPPER_ROOT;41024;17;41022;12;;;41040;8;41041;8;;;41032.0;0.0
28;34400;ASH_COATED_OSMIUM;9985;10;9983;12;;;10001;14;10002;10;;;9993.0;0.0
28;34400;INTARIAN_PEPPER_ROOT;41028;9;;;;;41043;12;;;;;41035.5;0.0
28;34500;ASH_COATED_OSMIUM;9981;10;;;;;10000;12;;;;;9990.5;0.0
28;34500;INTARIAN_PEPPER_ROOT;41026;11;41024;11;;;41041;11;41043;9;;;41033.5;0.0
28;34600;ASH_COATED_OSMIUM;9990;14;;;;;10006;14;;;;;9998.5;0.0
28;34600;INTARIAN_PEPPER_ROOT;41025;12;41024;10;41021;11;41038;16;41039;10;41040;16;41032.0;0.0
28;34700;ASH_COATED_OSMIUM;9989;13;9988;13;;;10005;10;10007;12;;;9997.0;0.0
28;34700;INTARIAN_PEPPER_ROOT;41029;23;41026;10;;;41041;9;41044;22;;;41035.5;0.0
28;34800;ASH_COATED_OSMIUM;9989;10;9988;11;;;10005;26;10008;13;;;9997.0;0.0
28;34800;INTARIAN_PEPPER_ROOT;41028;20;41025;12;41023;12;41040;8;41042;18;41045;9;41034.0;0.0
28;34900;ASH_COATED_OSMIUM;9990;14;;;;;10008;15;;;;;9999.0;0.0
28;34900;INTARIAN_PEPPER_ROOT;41028;12;41026;12;41023;12;41039;18;41041;9;41044;23;41034.0;0.0
28;35000;ASH_COATED_OSMIUM;9990;13;9989;11;;;10006;12;10007;13;;;9998.0;0.0
28;35000;INTARIAN_PEPPER_ROOT;41030;10;41027;9;;;41041;12;41043;21;;;41035.5;0.0
28;35100;ASH_COATED_OSMIUM;9995;11;;;;;10004;10;;;;;9999.5;0.0
28;35100;INTARIAN_PEPPER_ROOT;41031;8;;;;;41043;12;;;;;41037.5;0.0
28;35200;ASH_COATED_OSMIUM;9995;12;;;;;10013;13;;;;;10004.0;0.0
28;35200;INTARIAN_PEPPER_ROOT;41026;11;41025;8;;;41041;24;41043;9;;;41034.0;0.0
28;35300;ASH_COATED_OSMIUM;9987;14;9985;15;9984;14;10006;21;10009;13;10011;11;9996.5;0.0
28;35300;INTARIAN_PEPPER_ROOT;41029;9;;;;;41040;12;;;;;41034.5;0.0
28;35400;ASH_COATED_OSMIUM;9992;27;9989;13;;;10011;12;10013;12;;;10001.5;0.0
28;35400;INTARIAN_PEPPER_ROOT;41030;10;41029;20;41026;11;41045;24;41046;12;41049;10;41037.5;0.0
28;35500;ASH_COATED_OSMIUM;9996;10;9995;11;;;10015;13;10018;12;;;10006.0;0.0
28;35500;INTARIAN_PEPPER_ROOT;41029;10;41028;11;41027;8;41041;9;41044;23;41045;12;41035.0;0.0
28;35600;ASH_COATED_OSMIUM;9991;10;9989;10;9986;26;10007;24;10010;15;10012;13;9999.0;0.0
28;35600;INTARIAN_PEPPER_ROOT;41026;8;;;;;41043;8;;;;;41034.5;0.0
28;35700;ASH_COATED_OSMIUM;9995;15;9992;20;9991;28;10011;13;10012;14;10015;13;10003.0;0.0
28;35700;INTARIAN_PEPPER_ROOT;41028;10;41025;11;;;41040;8;41043;9;;;41034.0;0.0
28;35800;ASH_COATED_OSMIUM;9996;14;;;;;10015;15;;;;;10005.5;0.0
28;35800;INTARIAN_PEPPER_ROOT;41033;24;41031;20;;;41036;10;41038;12;;;41034.5;0.0
28;35900;ASH_COATED_OSMIUM;9991;13;9989;10;;;10007;14;10008;30;;;9999.0;0.0
28;35900;INTARIAN_PEPPER_ROOT;41036;12;41035;10;41034;10;41039;22;41040;10;41043;11;41037.5;0.0
28;36000;ASH_COATED_OSMIUM;10000;12;9998;12;9995;11;10016;11;10019;25;10022;30;10008.0;0.0
28;36000;INTARIAN_PEPPER_ROOT;41026;11;41023;9;41022;12;41043;12;41045;8;41048;10;41034.5;0.0
28;36100;ASH_COATED_OSMIUM;9998;15;9995;5;9992;23;10014;14;10017;14;10018;20;10006.5;0.0
28;36100;INTARIAN_PEPPER_ROOT;41032;12;41030;8;;;41045;8;41046;11;;;41039.0;0.0
28;36200;ASH_COATED_OSMIUM;9989;12;;;;;10007;11;;;;;9998.0;0.0
28;36200;INTARIAN_PEPPER_ROOT;41032;10;41029;18;;;41045;18;41047;12;;;41038.5;0.0
28;36300;ASH_COATED_OSMIUM;9996;13;9994;15;9992;10;10012;11;10014;12;10015;10;10004.5;0.0
28;36300;INTARIAN_PEPPER_ROOT;41032;9;41031;10;;;41049;11;41050;11;;;41040.5;0.0
28;36400;ASH_COATED_OSMIUM;9991;14;9990;14;;;10009;10;10010;27;;;10000.0;0.0
28;36400;INTARIAN_PEPPER_ROOT;41030;10;41028;19;;;41043;8;41044;9;;;41037.0;0.0
28;36500;ASH_COATED_OSMIUM;9992;2;9989;20;9988;14;10008;24;10010;14;10011;13;10000.0;0.0
28;36500;INTARIAN_PEPPER_ROOT;41035;12;;;;;41038;8;;;;;41036.5;0.0
28;36600;ASH_COATED_OSMIUM;9992;27;9991;13;9990;10;10008;12;10011;15;10014;25;10000.5;0.0
28;36600;INTARIAN_PEPPER_ROOT;41028;9;41027;12;;;41041;9;41043;12;;;41034.5;0.0
28;36700;ASH_COATED_OSMIUM;9988;22;9987;10;9986;30;10004;13;10006;10;10009;10;9996.5;0.0
28;36700;INTARIAN_PEPPER_ROOT;41032;11;;;;;41045;12;;;;;41038.5;0.0
28;36800;ASH_COATED_OSMIUM;9990;11;9987;29;9985;12;10006;10;10007;10;10009;13;9998.0;0.0
28;36800;INTARIAN_PEPPER_ROOT;41032;7;;;;;41045;12;;;;;41038.5;0.0
28;36900;ASH_COATED_OSMIUM;9987;14;9985;14;;;10005;11;10006;10;;;9996.0;0.0
28;36900;INTARIAN_PEPPER_ROOT;41034;10;41032;21;41029;11;41037;8;41038;10;41039;11;41036.0;0.0
28;37000;ASH_COATED_OSMIUM;9994;11;9991;14;;;10012;14;10015;10;;;10003.5;0.0
28;37000;INTARIAN_PEPPER_ROOT;41029;9;41026;12;41025;9;41046;11;41047;10;41050;9;41038.0;0.0
28;37100;ASH_COATED_OSMIUM;9986;15;9985;15;;;10007;11;10010;15;;;9997.0;0.0
28;37100;INTARIAN_PEPPER_ROOT;41030;9;41029;11;41027;12;41044;8;41047;12;41049;8;41037.0;0.0
28;37200;ASH_COATED_OSMIUM;9989;13;;;;;10007;15;;;;;9998.0;0.0
28;37200;INTARIAN_PEPPER_ROOT;41031;9;41028;8;;;41044;9;41047;9;;;41038.0;0.0
28;37300;ASH_COATED_OSMIUM;9988;10;9986;11;9984;10;10004;15;10005;29;10006;28;9996.5;0.0
28;37300;INTARIAN_PEPPER_ROOT;41031;9;41030;12;41029;12;41046;23;41047;9;41050;10;41038.5;0.0
28;37400;ASH_COATED_OSMIUM;9985;10;;;;;10004;28;;;;;9994.5;0.0
28;37400;INTARIAN_PEPPER_ROOT;41031;10;;;;;41043;9;;;;;41037.5;0.0
28;37500;ASH_COATED_OSMIUM;9992;11;9991;12;9990;11;10008;13;10010;11;10012;10;10000.0;0.0
28;37500;INTARIAN_PEPPER_ROOT;41031;9;41029;11;;;41046;23;41048;9;;;41039.0;0.0
28;37600;ASH_COATED_OSMIUM;9988;25;9987;10;9985;12;10004;13;10006;10;10007;12;9996.5;0.0
28;37600;INTARIAN_PEPPER_ROOT;41033;19;41031;8;;;41044;11;41046;9;;;41039.0;0.0
28;37700;ASH_COATED_OSMIUM;9987;11;9985;11;9984;15;10003;12;10004;22;10006;13;9995.0;0.0
28;37700;INTARIAN_PEPPER_ROOT;41037;9;41034;11;;;41039;12;41041;11;;;41038.5;0.0
28;37800;ASH_COATED_OSMIUM;9987;30;9984;14;;;10003;12;10004;14;;;9995.5;0.0
28;37800;INTARIAN_PEPPER_ROOT;41032;10;;;;;41045;9;;;;;41039.0;0.0
28;37900;ASH_COATED_OSMIUM;9990;11;9988;10;9987;26;10006;14;10007;14;10008;11;9998.0;0.0
28;37900;INTARIAN_PEPPER_ROOT;41028;10;;;;;41042;10;;;;;41035.5;0.0
28;38000;ASH_COATED_OSMIUM;9988;11;;;;;10004;12;;;;;9996.0;0.0
28;38000;INTARIAN_PEPPER_ROOT;41034;9;;;;;41045;12;;;;;41040.0;0.0
28;38100;ASH_COATED_OSMIUM;9989;11;9988;10;;;10005;12;10008;23;;;9997.0;0.0
28;38100;INTARIAN_PEPPER_ROOT;41032;9;41031;12;;;41049;10;41050;11;;;41040.5;0.0
28;38200;ASH_COATED_OSMIUM;9987;11;;;;;10003;20;;;;;9995.0;0.0
28;38200;INTARIAN_PEPPER_ROOT;41033;11;;;;;41044;12;;;;;41039.0;0.0
28;38300;ASH_COATED_OSMIUM;9992;25;;;;;10008;15;;;;;10000.0;0.0
28;38300;INTARIAN_PEPPER_ROOT;41027;23;41026;10;41024;9;41044;25;41047;11;41050;8;41035.5;0.0
28;38400;ASH_COATED_OSMIUM;9990;13;9989;24;;;10009;14;10012;5;;;9999.5;0.0
28;38400;INTARIAN_PEPPER_ROOT;41030;12;41027;10;41024;10;41045;12;41047;22;41049;9;41038.0;0.0
28;38500;ASH_COATED_OSMIUM;9996;13;9995;12;;;10012;15;10014;26;;;10004.5;0.0
28;38500;INTARIAN_PEPPER_ROOT;41027;12;41025;16;41022;23;41044;12;41046;8;41049;9;41035.5;0.0
28;38600;ASH_COATED_OSMIUM;9987;13;9984;3;;;10003;14;10004;10;;;9995.0;0.0
28;38600;INTARIAN_PEPPER_ROOT;41032;19;;;;;41045;10;;;;;41039.0;0.0
28;38700;ASH_COATED_OSMIUM;9992;15;;;;;10008;15;;;;;10000.0;0.0
28;38700;INTARIAN_PEPPER_ROOT;41033;11;;;;;41044;12;;;;;41039.0;0.0
28;38800;ASH_COATED_OSMIUM;9992;27;9990;12;9988;14;10010;24;10013;12;10014;14;10001.5;0.0
28;38800;INTARIAN_PEPPER_ROOT;41036;12;;;;;41047;8;;;;;41041.5;0.0
28;38900;ASH_COATED_OSMIUM;9990;12;9989;22;;;10006;13;10007;14;;;9998.5;0.0
28;38900;INTARIAN_PEPPER_ROOT;41034;10;41031;16;;;41051;8;41052;10;;;41042.5;0.0
28;39000;ASH_COATED_OSMIUM;9997;14;9995;5;9992;25;10013;9;10016;6;10017;26;10005.5;0.0
28;39000;INTARIAN_PEPPER_ROOT;41039;8;41038;8;;;41053;9;41054;10;;;41046.5;0.0
28;39100;ASH_COATED_OSMIUM;9997;15;9994;14;9993;12;10013;10;10016;14;10019;14;10005.0;0.0
28;39100;INTARIAN_PEPPER_ROOT;41034;8;41032;10;41029;24;41047;11;41048;12;41049;9;41041.0;0.0
28;39200;ASH_COATED_OSMIUM;9993;23;9991;28;9989;6;10009;30;10012;10;10015;12;10001.5;0.0
28;39200;INTARIAN_PEPPER_ROOT;41037;25;41034;9;41033;10;41049;11;41051;12;41052;11;41043.0;0.0
28;39300;ASH_COATED_OSMIUM;9988;4;;;;;10004;12;;;;;9996.5;0.0
28;39300;INTARIAN_PEPPER_ROOT;41029;10;41027;9;;;41044;10;41046;10;;;41036.5;0.0
28;39400;ASH_COATED_OSMIUM;9991;13;;;;;10012;11;;;;;10001.5;0.0
28;39400;INTARIAN_PEPPER_ROOT;41031;11;41030;12;;;41044;8;41045;10;;;41037.5;0.0
28;39500;ASH_COATED_OSMIUM;9992;20;;;;;10008;13;;;;;10000.5;0.0
28;39500;INTARIAN_PEPPER_ROOT;41031;19;;;;;41043;10;;;;;41037.5;0.0
28;39600;ASH_COATED_OSMIUM;9991;7;9989;15;;;10007;30;10010;15;;;9999.5;0.0
28;39600;INTARIAN_PEPPER_ROOT;41031;12;41030;20;;;41047;12;41050;11;;;41039.0;0.0
28;39700;ASH_COATED_OSMIUM;9996;15;9993;20;9992;10;10012;11;10014;13;10015;10;10004.0;0.0
28;39700;INTARIAN_PEPPER_ROOT;41032;11;41030;8;;;41049;8;41051;11;;;41041.0;0.0
28;39800;ASH_COATED_OSMIUM;9996;13;9995;12;;;10012;11;10013;10;;;10004.0;0.0
28;39800;INTARIAN_PEPPER_ROOT;41034;9;41033;11;;;41048;12;41050;12;;;41041.5;0.0
28;39900;ASH_COATED_OSMIUM;9996;12;9994;10;9992;14;10012;15;10015;10;10017;15;10004.0;0.0
28;39900;INTARIAN_PEPPER_ROOT;41035;10;41033;12;;;41048;19;41049;9;;;41041.5;0.0
28;40000;ASH_COATED_OSMIUM;9991;15;9988;29;;;10007;15;10010;12;;;9999.5;0.0
28;40000;INTARIAN_PEPPER_ROOT;41032;9;;;;;41048;12;;;;;41040.5;0.0
28;40100;ASH_COATED_OSMIUM;9989;12;9988;11;9985;28;10008;26;10010;12;10013;11;9999.0;0.0
28;40100;INTARIAN_PEPPER_ROOT;41033;11;41032;8;41030;11;41046;9;41048;8;41049;22;41040.0;0.0
28;40200;ASH_COATED_OSMIUM;9995;12;;;;;10014;12;;;;;10004.5;0.0
28;40200;INTARIAN_PEPPER_ROOT;41034;9;41033;11;41031;11;41048;23;41049;15;41050;12;41041.5;0.0
28;40300;ASH_COATED_OSMIUM;9996;20;;;;;10015;11;;;;;10006.0;0.0
28;40300;INTARIAN_PEPPER_ROOT;41033;10;;;;;41047;9;;;;;41040.5;0.0
28;40400;ASH_COATED_OSMIUM;9995;11;;;;;10011;26;;;;;10003.5;0.0
28;40400;INTARIAN_PEPPER_ROOT;41033;24;;;;;41046;12;;;;;41040.0;0.0
28;40500;ASH_COATED_OSMIUM;9996;13;;;;;10012;13;;;;;10004.0;0.0
28;40500;INTARIAN_PEPPER_ROOT;41040;10;41039;11;;;41049;11;41050;9;;;41045.0;0.0
28;40600;ASH_COATED_OSMIUM;9991;10;9988;15;;;10010;27;10013;11;;;10000.5;0.0
28;40600;INTARIAN_PEPPER_ROOT;41035;8;41032;10;41031;12;41046;9;41049;11;41050;11;41040.5;0.0
28;40700;ASH_COATED_OSMIUM;9998;12;9996;20;;;10014;11;10015;15;;;10006.5;0.0
28;40700;INTARIAN_PEPPER_ROOT;41036;10;41033;10;;;41049;8;41051;16;;;41043.0;0.0
28;40800;ASH_COATED_OSMIUM;9993;12;9991;14;9988;11;10009;13;10012;14;10015;15;10001.0;0.0
28;40800;INTARIAN_PEPPER_ROOT;41034;8;41031;24;41030;8;41047;12;41050;9;41052;12;41040.5;0.0
28;40900;ASH_COATED_OSMIUM;9990;21;9987;13;9986;11;10006;10;10009;10;10010;10;9998.5;0.0
28;40900;INTARIAN_PEPPER_ROOT;41036;9;41034;12;;;41048;12;41050;12;;;41042.5;0.0
28;41000;ASH_COATED_OSMIUM;9995;14;;;;;10013;12;;;;;10004.5;0.0
28;41000;INTARIAN_PEPPER_ROOT;41037;11;;;;;41049;10;;;;;41043.5;0.0
28;41100;ASH_COATED_OSMIUM;9992;11;9990;10;;;10011;22;10012;14;;;10002.0;0.0
28;41100;INTARIAN_PEPPER_ROOT;41031;20;;;;;41051;11;;;;;41041.5;0.0
28;41200;ASH_COATED_OSMIUM;9987;11;;;;;10003;27;;;;;9995.5;0.0
28;41200;INTARIAN_PEPPER_ROOT;41034;12;;;;;41046;12;;;;;41040.0;0.0
28;41300;ASH_COATED_OSMIUM;9993;11;9991;28;9990;30;10009;14;10010;26;10011;11;10001.0;0.0
28;41300;INTARIAN_PEPPER_ROOT;41036;17;41034;8;41032;8;41050;10;41051;9;41053;11;41043.0;0.0
28;41400;ASH_COATED_OSMIUM;9988;2;9985;14;9983;12;10004;14;10005;30;10008;15;9996.0;0.0
28;41400;INTARIAN_PEPPER_ROOT;41036;8;41034;8;;;41051;10;41052;10;;;41043.5;0.0
28;41500;ASH_COATED_OSMIUM;9992;26;;;;;10008;10;;;;;10000.5;0.0
28;41500;INTARIAN_PEPPER_ROOT;41032;15;41029;10;;;41046;10;41048;21;;;41039.5;0.0
28;41600;ASH_COATED_OSMIUM;9990;11;;;;;10008;13;;;;;9999.5;0.0
28;41600;INTARIAN_PEPPER_ROOT;41034;10;41033;25;;;41047;10;41048;9;;;41041.0;0.0
28;41700;ASH_COATED_OSMIUM;9991;11;9989;14;9986;15;10010;10;10012;15;10015;14;10000.5;0.0
28;41700;INTARIAN_PEPPER_ROOT;41036;10;41035;10;;;41047;11;41050;11;;;41041.5;0.0
28;41800;ASH_COATED_OSMIUM;9986;10;9983;10;9981;29;10002;30;10004;8;10006;30;9994.0;0.0
28;41800;INTARIAN_PEPPER_ROOT;41033;12;41031;8;;;41045;8;41046;11;;;41039.0;0.0
28;41900;ASH_COATED_OSMIUM;9987;25;9985;12;9984;2;10003;13;10005;10;10007;11;9995.5;0.0
28;41900;INTARIAN_PEPPER_ROOT;41039;12;;;;;41050;10;;;;;41044.5;0.0
28;42000;ASH_COATED_OSMIUM;9985;30;;;;;10004;12;;;;;9995.0;0.0
28;42000;INTARIAN_PEPPER_ROOT;41030;11;41029;12;;;41043;11;41045;10;;;41037.0;0.0
28;42100;ASH_COATED_OSMIUM;9993;15;;;;;10009;13;;;;;10001.5;0.0
28;42100;INTARIAN_PEPPER_ROOT;41038;12;41036;12;41034;5;41051;11;41052;11;41054;9;41044.5;0.0
28;42200;ASH_COATED_OSMIUM;9997;10;9996;14;;;10013;11;10014;15;;;10005.5;0.0
28;42200;INTARIAN_PEPPER_ROOT;41034;10;41031;8;;;41047;10;41048;8;;;41041.0;0.0
28;42300;ASH_COATED_OSMIUM;10003;20;10000;10;;;10013;10;10016;12;;;10008.0;0.0
28;42300;INTARIAN_PEPPER_ROOT;41038;8;;;;;41049;8;;;;;41044.0;0.0
28;42400;ASH_COATED_OSMIUM;9998;11;9996;15;;;10017;10;10018;10;;;10007.5;0.0
28;42400;INTARIAN_PEPPER_ROOT;41038;10;41037;11;41034;11;41051;10;41053;12;41055;18;41044.5;0.0
28;42500;ASH_COATED_OSMIUM;9991;11;;;;;10010;13;;;;;10000.5;0.0
28;42500;INTARIAN_PEPPER_ROOT;41037;8;41034;11;;;41050;9;41051;12;;;41044.0;0.0
28;42600;ASH_COATED_OSMIUM;9991;11;9988;10;9985;15;10007;12;10008;12;10009;12;9999.5;0.0
28;42600;INTARIAN_PEPPER_ROOT;41031;8;41029;11;41028;24;41048;12;41050;12;41053;5;41039.5;0.0
28;42700;ASH_COATED_OSMIUM;9994;12;9991;13;;;10010;14;10011;15;;;10002.0;0.0
28;42700;INTARIAN_PEPPER_ROOT;41037;12;41035;12;41033;8;41051;8;41053;12;41054;20;41044.5;0.0
28;42800;ASH_COATED_OSMIUM;9998;11;9995;11;;;10014;10;10017;29;;;10006.5;0.0
28;42800;INTARIAN_PEPPER_ROOT;41037;25;41034;10;;;41050;8;41052;23;;;41043.5;0.0
28;42900;ASH_COATED_OSMIUM;9999;11;9997;24;;;10017;11;10018;12;;;10008.5;0.0
28;42900;INTARIAN_PEPPER_ROOT;41036;9;;;;;41049;8;;;;;41043.0;0.0
28;43000;ASH_COATED_OSMIUM;10000;28;;;;;10009;15;;;;;10004.5;0.0
28;43000;INTARIAN_PEPPER_ROOT;41041;23;41039;10;41037;8;41052;22;41053;21;41055;12;41046.5;0.0
28;43100;ASH_COATED_OSMIUM;9997;15;9996;10;;;10013;12;10014;10;;;10005.0;0.0
28;43100;INTARIAN_PEPPER_ROOT;41038;10;;;;;41049;5;;;;;41043.5;0.0
28;43200;ASH_COATED_OSMIUM;9996;12;9995;12;9994;29;10012;12;10013;15;10015;13;10004.0;0.0
28;43200;INTARIAN_PEPPER_ROOT;41037;11;41036;12;41034;12;41050;10;41052;8;41053;10;41043.5;0.0
28;43300;ASH_COATED_OSMIUM;9993;11;9991;15;;;10009;10;10010;13;;;10001.0;0.0
28;43300;INTARIAN_PEPPER_ROOT;41037;10;41035;12;;;41048;4;41050;8;;;41043.0;0.0
28;43400;ASH_COATED_OSMIUM;9996;14;9993;10;;;10012;10;10014;12;;;10004.5;0.0
28;43400;INTARIAN_PEPPER_ROOT;41031;11;41028;9;;;41044;8;41047;12;;;41038.0;0.0
28;43500;ASH_COATED_OSMIUM;9993;10;9990;15;;;10009;14;10012;10;;;10001.5;0.0
28;43500;INTARIAN_PEPPER_ROOT;41036;11;41034;8;;;41054;9;41056;17;;;41045.0;0.0
28;43600;ASH_COATED_OSMIUM;9987;10;9985;10;;;10008;14;10011;15;;;9998.0;0.0
28;43600;INTARIAN_PEPPER_ROOT;41034;19;;;;;41050;9;;;;;41042.5;0.0
28;43700;ASH_COATED_OSMIUM;9989;14;9986;11;;;10008;13;10011;12;;;9999.0;0.0
28;43700;INTARIAN_PEPPER_ROOT;41036;10;;;;;41047;18;;;;;41042.0;0.0
28;43800;ASH_COATED_OSMIUM;9996;14;;;;;10012;12;;;;;10004.0;0.0
28;43800;INTARIAN_PEPPER_ROOT;41037;20;41035;9;;;41050;10;41053;9;;;41044.0;0.0
28;43900;ASH_COATED_OSMIUM;9995;14;9992;13;9989;15;10011;27;10014;15;10015;10;10003.5;0.0
28;43900;INTARIAN_PEPPER_ROOT;41034;8;41033;9;;;41050;8;41053;9;;;41042.5;0.0
28;44000;ASH_COATED_OSMIUM;9993;12;;;;;10009;14;;;;;10001.5;0.0
28;44000;INTARIAN_PEPPER_ROOT;41039;11;41036;20;;;41051;19;41053;12;;;41045.5;0.0
28;44100;ASH_COATED_OSMIUM;9998;26;9995;15;;;10014;14;10015;10;;;10006.0;0.0
28;44100;INTARIAN_PEPPER_ROOT;41030;25;;;;;41050;10;;;;;41040.5;0.0
28;44200;ASH_COATED_OSMIUM;9991;20;;;;;10007;12;;;;;9999.5;0.0
28;44200;INTARIAN_PEPPER_ROOT;41040;9;41039;8;;;41053;8;41054;11;;;41047.0;0.0
28;44300;ASH_COATED_OSMIUM;9988;12;9985;12;9983;13;10004;12;10007;14;10010;29;9996.5;0.0
28;44300;INTARIAN_PEPPER_ROOT;41039;21;41036;11;41034;12;41052;10;41054;8;41056;20;41045.5;0.0
28;44400;ASH_COATED_OSMIUM;9993;11;;;;;10011;15;;;;;10002.0;0.0
28;44400;INTARIAN_PEPPER_ROOT;41038;10;;;;;41050;8;;;;;41044.5;0.0
28;44500;ASH_COATED_OSMIUM;9993;13;9990;11;9987;13;10009;12;10010;14;10012;10;10001.5;0.0
28;44500;INTARIAN_PEPPER_ROOT;41038;11;;;;;41055;11;;;;;41046.5;0.0
28;44600;ASH_COATED_OSMIUM;9994;14;;;;;10010;21;;;;;10002.0;0.0
28;44600;INTARIAN_PEPPER_ROOT;41033;11;41031;18;41029;10;41048;10;41049;25;41050;11;41041.0;0.0
28;44700;ASH_COATED_OSMIUM;9988;26;9985;10;;;10004;13;10005;15;;;9996.0;0.0
28;44700;INTARIAN_PEPPER_ROOT;41040;8;41038;11;;;41052;23;41055;24;;;41046.5;0.0
28;44800;ASH_COATED_OSMIUM;9989;12;;;;;10005;11;;;;;9997.0;0.0
28;44800;INTARIAN_PEPPER_ROOT;41038;10;;;;;41051;5;;;;;41045.0;0.0
28;44900;ASH_COATED_OSMIUM;9987;15;9984;29;;;10006;13;10009;13;;;9996.5;0.0
28;44900;INTARIAN_PEPPER_ROOT;41037;20;41034;12;;;41050;10;41052;17;;;41043.5;0.0
28;45000;ASH_COATED_OSMIUM;9986;10;9984;15;;;10005;14;10007;14;;;9996.0;0.0
28;45000;INTARIAN_PEPPER_ROOT;41040;11;41038;8;;;41052;22;41055;20;;;41046.0;0.0
28;45100;ASH_COATED_OSMIUM;9988;27;9986;14;9983;24;10004;14;10005;10;10008;27;9996.5;0.0
28;45100;INTARIAN_PEPPER_ROOT;41041;8;41040;10;;;41058;18;41059;9;;;41050.0;0.0
28;45200;ASH_COATED_OSMIUM;9990;13;9988;3;;;10008;10;10009;14;;;9999.5;0.0
28;45200;INTARIAN_PEPPER_ROOT;41041;23;41038;9;;;41053;10;41056;11;;;41047.0;0.0
28;45300;ASH_COATED_OSMIUM;9989;15;;;;;10008;13;;;;;9998.5;0.0
28;45300;INTARIAN_PEPPER_ROOT;41040;15;41037;11;;;41052;9;41053;10;;;41046.5;0.0
28;45400;ASH_COATED_OSMIUM;9992;12;;;;;10011;11;;;;;10001.5;0.0
28;45400;INTARIAN_PEPPER_ROOT;41034;9;41032;8;41029;12;41051;10;41052;10;41053;18;41043.0;0.0
28;45500;ASH_COATED_OSMIUM;9991;10;9990;14;;;10010;14;10011;13;;;10000.5;0.0
28;45500;INTARIAN_PEPPER_ROOT;41039;8;41038;8;;;41054;12;41057;12;;;41047.0;0.0
28;45600;ASH_COATED_OSMIUM;10002;25;10000;13;9999;13;10007;14;10009;27;10010;21;10005.0;0.0
28;45600;INTARIAN_PEPPER_ROOT;41042;9;41040;12;;;41055;9;41058;10;;;41049.0;0.0
28;45700;ASH_COATED_OSMIUM;9992;13;9991;15;9989;12;10008;12;10011;14;10013;29;10000.5;0.0
28;45700;INTARIAN_PEPPER_ROOT;41038;9;41035;12;;;41054;23;41055;8;;;41046.0;0.0
28;45800;ASH_COATED_OSMIUM;9998;10;9995;13;;;10016;10;10018;15;;;10007.5;0.0
28;45800;INTARIAN_PEPPER_ROOT;41040;10;41038;11;41037;9;41052;10;41053;12;41054;8;41046.0;0.0
28;45900;ASH_COATED_OSMIUM;9991;11;9989;12;9988;11;10012;10;10014;10;10017;14;10002.0;0.0
28;45900;INTARIAN_PEPPER_ROOT;41038;11;41036;12;41033;12;41053;8;41054;16;41057;21;41046.0;0.0
28;46000;ASH_COATED_OSMIUM;9987;13;9986;14;9985;14;10006;22;10008;12;10010;15;9996.5;0.0
28;46000;INTARIAN_PEPPER_ROOT;41042;12;;;;;41055;11;;;;;41049.0;0.0
28;46100;ASH_COATED_OSMIUM;9990;13;;;;;10009;11;;;;;10000.0;0.0
28;46100;INTARIAN_PEPPER_ROOT;41040;23;;;;;41053;10;;;;;41047.0;0.0
28;46200;ASH_COATED_OSMIUM;9995;10;9994;12;;;10011;14;10012;15;;;10003.5;0.0
28;46200;INTARIAN_PEPPER_ROOT;41040;8;;;;;41055;12;;;;;41048.0;0.0
28;46300;ASH_COATED_OSMIUM;9995;13;9992;26;;;10005;13;10007;10;;;10000.5;0.0
28;46300;INTARIAN_PEPPER_ROOT;41042;9;41040;8;;;41058;10;41060;18;;;41050.0;0.0
28;46400;ASH_COATED_OSMIUM;9985;2;;;;;10001;12;;;;;9993.0;0.0
28;46400;INTARIAN_PEPPER_ROOT;41040;9;;;;;41052;12;;;;;41046.0;0.0
28;46500;ASH_COATED_OSMIUM;9987;10;9986;12;;;10006;15;10007;14;;;9997.0;0.0
28;46500;INTARIAN_PEPPER_ROOT;41038;18;41036;24;41033;12;41052;12;41055;11;41058;24;41045.0;0.0
28;46600;ASH_COATED_OSMIUM;9985;25;;;;;10004;10;;;;;9995.0;0.0
28;46600;INTARIAN_PEPPER_ROOT;41039;8;41037;17;;;41052;11;41054;8;;;41046.0;0.0
28;46700;ASH_COATED_OSMIUM;9992;12;9991;12;9988;14;10008;13;10010;10;10013;15;10000.5;0.0
28;46700;INTARIAN_PEPPER_ROOT;41038;10;41036;10;41035;9;41052;9;41053;12;41054;18;41045.5;0.0
28;46800;ASH_COATED_OSMIUM;9989;25;;;;;10005;26;;;;;9997.0;0.0
28;46800;INTARIAN_PEPPER_ROOT;41044;10;;;;;41058;10;;;;;41051.5;0.0
28;46900;ASH_COATED_OSMIUM;9990;13;;;;;10006;14;;;;;9998.0;0.0
28;46900;INTARIAN_PEPPER_ROOT;41042;9;41040;10;41038;11;41055;12;41058;9;41060;12;41048.5;0.0
28;47000;ASH_COATED_OSMIUM;9991;11;;;;;10007;14;;;;;9999.0;0.0
28;47000;INTARIAN_PEPPER_ROOT;41040;9;;;;;41054;9;;;;;41047.0;0.0
28;47100;ASH_COATED_OSMIUM;9992;15;9989;28;;;10008;12;10009;14;;;10000.0;0.0
28;47100;INTARIAN_PEPPER_ROOT;41041;15;;;;;41053;8;;;;;41047.0;0.0
28;47200;ASH_COATED_OSMIUM;9988;14;;;;;10006;14;;;;;9997.5;0.0
28;47200;INTARIAN_PEPPER_ROOT;41046;12;;;;;41049;23;;;;;41047.5;0.0
28;47300;ASH_COATED_OSMIUM;9989;10;;;;;10008;13;;;;;9999.0;0.0
28;47300;INTARIAN_PEPPER_ROOT;41041;11;41038;9;;;41055;9;41056;12;;;41048.5;0.0
28;47400;ASH_COATED_OSMIUM;9993;15;;;;;10012;15;;;;;10002.5;0.0
28;47400;INTARIAN_PEPPER_ROOT;41046;9;;;;;41057;11;;;;;41052.0;0.0
28;47500;ASH_COATED_OSMIUM;9990;15;;;;;10006;14;;;;;9998.5;0.0
28;47500;INTARIAN_PEPPER_ROOT;41045;12;41044;8;;;41057;12;41058;9;;;41051.0;0.0
28;47600;ASH_COATED_OSMIUM;9991;13;;;;;10009;12;;;;;10000.0;0.0
28;47600;INTARIAN_PEPPER_ROOT;41047;11;41046;9;;;41050;24;41052;11;;;41049.0;0.0
28;47700;ASH_COATED_OSMIUM;9995;14;9992;14;;;10013;27;10015;15;;;10004.0;0.0
28;47700;INTARIAN_PEPPER_ROOT;41042;11;41040;18;;;41053;12;41054;11;;;41048.0;0.0
28;47800;ASH_COATED_OSMIUM;9994;15;9991;12;;;10010;13;10012;15;;;10002.5;0.0
28;47800;INTARIAN_PEPPER_ROOT;41038;10;41036;9;;;41052;8;41053;11;;;41045.0;0.0
28;47900;ASH_COATED_OSMIUM;9996;10;;;;;10015;11;;;;;10006.0;0.0
28;47900;INTARIAN_PEPPER_ROOT;41042;12;;;;;41056;8;;;;;41049.0;0.0
28;48000;ASH_COATED_OSMIUM;9999;12;9997;15;;;10015;15;10016;10;;;10007.0;0.0
28;48000;INTARIAN_PEPPER_ROOT;41041;12;41039;10;;;41056;11;41059;8;;;41048.5;0.0
28;48100;ASH_COATED_OSMIUM;9993;13;9990;12;9989;14;10011;11;10014;15;10016;14;10002.0;0.0
28;48100;INTARIAN_PEPPER_ROOT;41041;10;;;;;41055;11;;;;;41048.5;0.0
28;48200;ASH_COATED_OSMIUM;9989;13;9988;15;;;10005;20;10008;15;;;9997.5;0.0
28;48200;INTARIAN_PEPPER_ROOT;41041;8;41039;12;;;41055;18;41057;11;;;41048.5;0.0
28;48300;ASH_COATED_OSMIUM;9985;14;;;;;10003;10;;;;;9994.0;0.0
28;48300;INTARIAN_PEPPER_ROOT;41041;11;41039;12;41037;4;41053;11;41055;10;41058;8;41047.5;0.0
28;48400;ASH_COATED_OSMIUM;9984;10;9981;14;;;10000;11;10002;14;;;9992.0;0.0
28;48400;INTARIAN_PEPPER_ROOT;41044;9;;;;;41056;8;;;;;41050.5;0.0
28;48500;ASH_COATED_OSMIUM;9983;2;9980;12;9977;14;10004;23;10006;11;10008;14;9993.5;0.0
28;48500;INTARIAN_PEPPER_ROOT;41044;9;;;;;41055;12;;;;;41049.5;0.0
28;48600;ASH_COATED_OSMIUM;9986;12;9984;20;;;10002;12;10004;13;;;9994.5;0.0
28;48600;INTARIAN_PEPPER_ROOT;41038;10;;;;;41053;9;;;;;41045.5;0.0
28;48700;ASH_COATED_OSMIUM;9988;15;9986;15;;;9998;14;10001;12;;;9993.5;0.0
28;48700;INTARIAN_PEPPER_ROOT;41048;9;41046;9;;;41059;10;41061;8;;;41053.5;0.0
28;48800;ASH_COATED_OSMIUM;9985;14;;;;;10001;20;;;;;9993.0;0.0
28;48800;INTARIAN_PEPPER_ROOT;41045;24;41042;9;;;41057;8;41059;12;;;41051.5;0.0
28;48900;ASH_COATED_OSMIUM;9980;14;9977;15;;;9998;4;9999;24;;;9989.5;0.0
28;48900;INTARIAN_PEPPER_ROOT;41042;10;;;;;41056;11;;;;;41049.0;0.0
28;49000;ASH_COATED_OSMIUM;9983;29;9981;14;9978;13;10001;24;10003;11;10005;13;9992.0;0.0
28;49000;INTARIAN_PEPPER_ROOT;41044;8;;;;;41057;15;;;;;41050.5;0.0
28;49100;ASH_COATED_OSMIUM;9988;14;9987;14;9984;15;10004;13;10005;11;10007;13;9996.5;0.0
28;49100;INTARIAN_PEPPER_ROOT;41044;10;;;;;41055;21;;;;;41049.5;0.0
28;49200;ASH_COATED_OSMIUM;9988;12;9985;11;9983;11;10004;2;10007;12;10010;14;9996.5;0.0
28;49200;INTARIAN_PEPPER_ROOT;41041;11;41038;12;;;41052;10;41055;10;;;41046.5;0.0
28;49300;ASH_COATED_OSMIUM;9988;14;9986;7;;;10006;15;10008;27;;;9997.0;0.0
28;49300;INTARIAN_PEPPER_ROOT;41041;12;41039;9;41036;8;41055;10;41057;8;41060;8;41048.5;0.0
28;49400;ASH_COATED_OSMIUM;9989;11;9988;10;9985;30;10005;11;10008;13;10009;13;9997.0;0.0
28;49400;INTARIAN_PEPPER_ROOT;41050;9;41049;8;;;41053;10;41056;11;;;41051.5;0.0
28;49500;ASH_COATED_OSMIUM;9986;13;;;;;10002;15;;;;;9994.5;0.0
28;49500;INTARIAN_PEPPER_ROOT;41042;8;41039;10;41037;9;41059;12;41062;11;41064;9;41050.5;0.0
28;49600;ASH_COATED_OSMIUM;9989;10;9986;6;;;10005;14;10007;12;;;9997.5;0.0
28;49600;INTARIAN_PEPPER_ROOT;41043;16;41040;11;;;41057;11;41058;9;;;41050.0;0.0
28;49700;ASH_COATED_OSMIUM;9993;12;9992;10;;;10009;10;10010;13;;;10001.0;0.0
28;49700;INTARIAN_PEPPER_ROOT;41041;12;41040;10;;;41058;9;41060;11;;;41050.0;0.0
28;49800;ASH_COATED_OSMIUM;9992;15;9991;12;9990;27;10010;10;10013;13;10014;14;10001.5;0.0
28;49800;INTARIAN_PEPPER_ROOT;41042;11;;;;;41057;8;;;;;41049.5;0.0
28;49900;ASH_COATED_OSMIUM;9991;13;9989;13;9988;10;10010;10;10012;11;10015;12;10001.0;0.0
28;49900;INTARIAN_PEPPER_ROOT;41042;24;;;;;41054;8;;;;;41048.0;0.0
28;50000;ASH_COATED_OSMIUM;9985;13;9983;14;;;10001;15;10004;14;;;9993.5;0.0
28;50000;INTARIAN_PEPPER_ROOT;41041;12;41038;12;;;41052;11;41053;23;;;41046.5;0.0
28;50100;ASH_COATED_OSMIUM;9987;13;9984;13;9983;12;10003;23;10005;10;10008;12;9995.5;0.0
28;50100;INTARIAN_PEPPER_ROOT;41043;11;41041;12;41038;11;41058;24;41060;12;41061;23;41050.5;0.0
28;50200;ASH_COATED_OSMIUM;9990;14;9987;28;;;10006;14;10008;13;;;9998.5;0.0
28;50200;INTARIAN_PEPPER_ROOT;41043;12;41041;12;;;41055;12;41058;8;;;41049.0;0.0
28;50300;ASH_COATED_OSMIUM;9989;13;9986;22;;;9999;12;10000;13;;;9994.5;0.0
28;50300;INTARIAN_PEPPER_ROOT;41044;8;;;;;41058;8;;;;;41051.0;0.0
28;50400;ASH_COATED_OSMIUM;9991;13;9988;11;;;10007;10;10010;28;;;9999.5;0.0
28;50400;INTARIAN_PEPPER_ROOT;41044;9;41041;9;;;41058;8;41059;8;;;41051.5;0.0
28;50500;ASH_COATED_OSMIUM;9999;14;9997;15;;;10009;11;10010;13;;;10004.0;0.0
28;50500;INTARIAN_PEPPER_ROOT;41040;10;41039;11;;;41052;8;41054;8;;;41046.5;0.0
28;50600;ASH_COATED_OSMIUM;9992;24;9991;22;;;10010;11;10013;22;;;10001.0;0.0
28;50600;INTARIAN_PEPPER_ROOT;41045;18;41042;20;41041;10;41062;11;41063;9;41065;11;41054.0;0.0
28;50700;ASH_COATED_OSMIUM;9999;12;;;;;10015;14;;;;;10007.0;0.0
28;50700;INTARIAN_PEPPER_ROOT;41042;12;41041;9;;;41059;8;41062;10;;;41050.5;0.0
28;50800;ASH_COATED_OSMIUM;10000;15;9998;12;;;10016;15;10019;13;;;10008.0;0.0
28;50800;INTARIAN_PEPPER_ROOT;41047;9;41044;12;41042;12;41059;5;41061;23;41064;19;41053.5;0.0
28;50900;ASH_COATED_OSMIUM;9996;11;9994;14;;;10012;15;10014;10;;;10004.5;0.0
28;50900;INTARIAN_PEPPER_ROOT;41046;9;41043;10;;;41059;11;41060;9;;;41052.5;0.0
28;51000;ASH_COATED_OSMIUM;9994;15;9992;15;9990;12;10010;11;10011;14;10013;12;10002.5;0.0
28;51000;INTARIAN_PEPPER_ROOT;41047;10;41044;19;41042;11;41059;9;41060;8;41061;11;41053.0;0.0
28;51100;ASH_COATED_OSMIUM;9992;13;9989;11;;;10008;22;10009;10;;;10000.0;0.0
28;51100;INTARIAN_PEPPER_ROOT;41048;9;;;;;41060;20;;;;;41054.0;0.0
28;51200;ASH_COATED_OSMIUM;9992;5;;;;;10008;15;;;;;10000.5;0.0
28;51200;INTARIAN_PEPPER_ROOT;41041;11;41040;12;;;41055;9;41058;9;;;41048.0;0.0
28;51300;ASH_COATED_OSMIUM;9995;12;9992;12;9991;15;10011;12;10014;11;10017;27;10003.0;0.0
28;51300;INTARIAN_PEPPER_ROOT;41045;8;;;;;41057;10;;;;;41051.5;0.0
28;51400;ASH_COATED_OSMIUM;9993;13;;;;;10009;10;;;;;10001.0;0.0
28;51400;INTARIAN_PEPPER_ROOT;41044;25;41043;10;41040;10;41057;9;41060;8;41062;5;41050.5;0.0
28;51500;ASH_COATED_OSMIUM;9999;11;9997;12;9994;11;10015;11;10017;24;10020;10;10007.0;0.0
28;51500;INTARIAN_PEPPER_ROOT;41041;23;41040;10;;;41056;9;41058;23;;;41049.0;0.0
28;51600;ASH_COATED_OSMIUM;10001;11;;;;;10019;4;;;;;10010.0;0.0
28;51600;INTARIAN_PEPPER_ROOT;41046;9;41043;20;;;41060;8;41061;9;;;41053.0;0.0
28;51700;ASH_COATED_OSMIUM;9996;10;;;;;10012;24;;;;;10004.5;0.0
28;51700;INTARIAN_PEPPER_ROOT;41050;8;41047;8;;;41062;17;41063;9;;;41056.5;0.0
28;51800;ASH_COATED_OSMIUM;9994;15;9993;10;9990;15;10010;13;10013;13;10014;12;10002.0;0.0
28;51800;INTARIAN_PEPPER_ROOT;41042;9;41039;12;;;41056;11;41059;12;;;41049.5;0.0
28;51900;ASH_COATED_OSMIUM;9996;13;9993;27;;;10012;14;10013;28;;;10004.5;0.0
28;51900;INTARIAN_PEPPER_ROOT;41053;9;41052;12;;;41057;9;41059;23;;;41055.0;0.0
28;52000;ASH_COATED_OSMIUM;9997;14;;;;;10016;12;;;;;10006.5;0.0
28;52000;INTARIAN_PEPPER_ROOT;41045;21;41043;24;;;41059;25;41061;10;;;41052.0;0.0
28;52100;ASH_COATED_OSMIUM;9995;15;9992;23;9989;13;10011;14;10012;8;10015;4;10003.0;0.0
28;52100;INTARIAN_PEPPER_ROOT;41047;15;41045;21;;;41060;9;41063;11;;;41054.0;0.0
28;52200;ASH_COATED_OSMIUM;9990;10;9988;5;;;10008;15;10010;11;;;9999.0;0.0
28;52200;INTARIAN_PEPPER_ROOT;41045;15;41043;10;;;41058;15;41061;11;;;41052.0;0.0
28;52300;ASH_COATED_OSMIUM;9993;13;;;;;10009;10;;;;;10001.5;0.0
28;52300;INTARIAN_PEPPER_ROOT;41041;21;41039;8;;;41056;8;41058;11;;;41049.0;0.0
28;52400;ASH_COATED_OSMIUM;9996;15;9995;15;9994;14;10015;7;10016;13;10017;11;10005.5;0.0
28;52400;INTARIAN_PEPPER_ROOT;41045;11;;;;;41063;11;;;;;41054.5;0.0
28;52500;ASH_COATED_OSMIUM;9994;13;;;;;10010;13;;;;;10002.0;0.0
28;52500;INTARIAN_PEPPER_ROOT;41044;10;41043;25;;;41056;8;41057;11;;;41050.5;0.0
28;52600;ASH_COATED_OSMIUM;9991;15;9988;27;;;10010;21;10011;13;;;10000.5;0.0
28;52600;INTARIAN_PEPPER_ROOT;41043;11;;;;;41056;12;;;;;41050.0;0.0
28;52700;ASH_COATED_OSMIUM;9993;27;9990;10;;;10009;21;10010;12;;;10001.5;0.0
28;52700;INTARIAN_PEPPER_ROOT;41047;18;41046;17;;;41060;10;41061;8;;;41054.0;0.0
28;52800;ASH_COATED_OSMIUM;9993;10;9992;14;;;10009;11;10010;14;;;10001.5;0.0
28;52800;INTARIAN_PEPPER_ROOT;41042;8;;;;;41056;12;;;;;41049.0;0.0
28;52900;ASH_COATED_OSMIUM;9988;10;9987;14;9985;15;10006;10;10007;24;10010;28;9997.5;0.0
28;52900;INTARIAN_PEPPER_ROOT;41042;10;41040;20;;;41056;12;41059;10;;;41049.5;0.0
28;53000;ASH_COATED_OSMIUM;9992;15;9989;10;9987;15;10008;12;10010;13;10013;10;10000.5;0.0
28;53000;INTARIAN_PEPPER_ROOT;41046;16;;;;;41058;11;;;;;41052.0;0.0
28;53100;ASH_COATED_OSMIUM;9997;24;9994;4;9991;10;10003;9;10005;13;10007;15;10000.5;0.0
28;53100;INTARIAN_PEPPER_ROOT;41049;9;41048;9;;;41061;9;41063;11;;;41055.0;0.0
28;53200;ASH_COATED_OSMIUM;9990;10;9989;15;;;10006;12;10009;13;;;9998.0;0.0
28;53200;INTARIAN_PEPPER_ROOT;41042;11;41041;10;;;41056;9;41059;8;;;41049.5;0.0
28;53300;ASH_COATED_OSMIUM;9981;20;9980;10;9978;11;9997;15;9999;3;10000;14;9989.5;0.0
28;53300;INTARIAN_PEPPER_ROOT;41048;6;41045;16;;;41064;10;41065;8;;;41056.0;0.0
28;53400;ASH_COATED_OSMIUM;9983;15;;;;;9999;10;;;;;9991.0;0.0
28;53400;INTARIAN_PEPPER_ROOT;41047;10;41045;11;41042;24;41054;10;41056;19;41057;11;41051.0;0.0
28;53500;ASH_COATED_OSMIUM;9988;11;9986;10;9985;10;10004;14;10006;14;10009;15;9996.5;0.0
28;53500;INTARIAN_PEPPER_ROOT;41048;11;41047;8;41044;11;41060;19;41062;8;41064;9;41054.5;0.0
28;53600;ASH_COATED_OSMIUM;9984;11;;;;;10002;13;;;;;9993.0;0.0
28;53600;INTARIAN_PEPPER_ROOT;41050;9;;;;;41064;8;;;;;41057.0;0.0
28;53700;ASH_COATED_OSMIUM;9980;13;;;;;9998;14;;;;;9989.5;0.0
28;53700;INTARIAN_PEPPER_ROOT;41052;12;41050;12;41047;8;41054;11;41056;8;41057;11;41053.5;0.0
28;53800;ASH_COATED_OSMIUM;9990;14;9988;23;9986;10;10006;12;10008;12;10009;13;9998.5;0.0
28;53800;INTARIAN_PEPPER_ROOT;41045;9;;;;;41060;10;;;;;41053.0;0.0
28;53900;ASH_COATED_OSMIUM;9987;13;;;;;10006;11;;;;;9997.0;0.0
28;53900;INTARIAN_PEPPER_ROOT;41041;9;;;;;41056;10;;;;;41049.0;0.0
28;54000;ASH_COATED_OSMIUM;9988;10;9986;30;;;10006;27;10009;22;;;9997.0;0.0
28;54000;INTARIAN_PEPPER_ROOT;41044;8;;;;;41059;17;;;;;41051.5;0.0
28;54100;ASH_COATED_OSMIUM;9986;15;9983;13;;;10004;10;10006;24;;;9995.0;0.0
28;54100;INTARIAN_PEPPER_ROOT;41046;20;41043;10;;;41057;8;41058;12;;;41051.5;0.0
28;54200;ASH_COATED_OSMIUM;9984;24;9983;13;9982;30;10003;15;10006;12;10009;15;9994.0;0.0
28;54200;INTARIAN_PEPPER_ROOT;41051;10;;;;;41063;17;;;;;41057.0;0.0
28;54300;ASH_COATED_OSMIUM;9985;10;9982;11;9979;11;10006;23;10009;10;10012;13;9996.0;0.0
28;54300;INTARIAN_PEPPER_ROOT;41049;25;41047;11;;;41061;8;41063;12;;;41055.0;0.0
28;54400;ASH_COATED_OSMIUM;9990;30;;;;;10000;12;;;;;9995.0;0.0
28;54400;INTARIAN_PEPPER_ROOT;41053;8;;;;;41056;12;;;;;41055.0;0.0
28;54500;ASH_COATED_OSMIUM;9988;23;9985;21;;;10004;26;10007;23;;;9996.0;0.0
28;54500;INTARIAN_PEPPER_ROOT;41046;10;41043;9;;;41060;12;41062;9;;;41053.5;0.0
28;54600;ASH_COATED_OSMIUM;9986;15;;;;;10005;12;;;;;9995.5;0.0
28;54600;INTARIAN_PEPPER_ROOT;41049;11;41047;8;;;41061;25;41063;8;;;41055.5;0.0
28;54700;ASH_COATED_OSMIUM;9994;11;;;;;10012;10;;;;;10003.0;0.0
28;54700;INTARIAN_PEPPER_ROOT;41048;8;41045;11;41044;10;41059;12;41060;11;41061;10;41054.0;0.0
28;54800;ASH_COATED_OSMIUM;9997;10;9994;14;9992;9;10015;15;10017;12;10020;28;10006.5;0.0
28;54800;INTARIAN_PEPPER_ROOT;41049;9;;;;;41061;21;;;;;41055.0;0.0
28;54900;ASH_COATED_OSMIUM;9995;14;9993;14;;;10011;11;10014;14;;;10003.0;0.0
28;54900;INTARIAN_PEPPER_ROOT;41048;9;41047;8;;;41060;9;41063;12;;;41054.5;0.0
28;55000;ASH_COATED_OSMIUM;10000;11;9997;10;9995;14;10007;25;10009;14;10010;14;10003.5;0.0
28;55000;INTARIAN_PEPPER_ROOT;41051;9;41048;19;;;41065;6;41067;18;;;41058.5;0.0
28;55100;ASH_COATED_OSMIUM;9997;12;9996;14;;;10016;10;10017;12;;;10007.0;0.0
28;55100;INTARIAN_PEPPER_ROOT;41051;9;41048;8;41046;10;41057;10;41058;10;41060;8;41054.5;0.0
28;55200;ASH_COATED_OSMIUM;9996;13;9993;20;9991;27;10014;14;10016;11;10017;12;10005.5;0.0
28;55200;INTARIAN_PEPPER_ROOT;41047;10;;;;;41061;9;;;;;41054.0;0.0
28;55300;ASH_COATED_OSMIUM;9996;15;9994;14;9991;11;10014;10;10015;10;10016;13;10005.0;0.0
28;55300;INTARIAN_PEPPER_ROOT;41048;24;41047;11;;;41060;16;41062;10;;;41054.0;0.0
28;55400;ASH_COATED_OSMIUM;9997;30;;;;;10016;13;;;;;10006.5;0.0
28;55400;INTARIAN_PEPPER_ROOT;41050;8;41048;11;;;41067;10;41070;22;;;41059.0;0.0
28;55500;ASH_COATED_OSMIUM;9995;11;;;;;10016;10;;;;;10005.5;0.0
28;55500;INTARIAN_PEPPER_ROOT;41048;20;41046;10;;;41062;9;41065;8;;;41055.5;0.0
28;55600;ASH_COATED_OSMIUM;10001;15;9998;11;9996;30;10017;11;10018;10;10019;10;10009.0;0.0
28;55600;INTARIAN_PEPPER_ROOT;41050;11;;;;;41061;20;;;;;41055.5;0.0
28;55700;ASH_COATED_OSMIUM;9996;14;;;;;10015;13;;;;;10006.0;0.0
28;55700;INTARIAN_PEPPER_ROOT;41047;20;;;;;41060;11;;;;;41053.5;0.0
28;55800;ASH_COATED_OSMIUM;9990;30;9988;15;;;10006;28;10008;15;;;9998.0;0.0
28;55800;INTARIAN_PEPPER_ROOT;41050;9;41047;8;;;41063;11;41066;11;;;41056.5;0.0
28;55900;ASH_COATED_OSMIUM;9987;13;;;;;10003;15;;;;;9995.0;0.0
28;55900;INTARIAN_PEPPER_ROOT;41046;22;;;;;41059;9;;;;;41052.5;0.0
28;56000;ASH_COATED_OSMIUM;9984;10;9982;11;;;10003;20;10005;12;;;9993.5;0.0
28;56000;INTARIAN_PEPPER_ROOT;41045;8;41042;8;;;41057;12;41059;11;;;41051.5;0.0
28;56100;ASH_COATED_OSMIUM;9990;12;9988;13;;;10006;21;10009;11;;;9998.5;0.0
28;56100;INTARIAN_PEPPER_ROOT;41052;12;41050;9;;;41059;18;41061;10;;;41056.0;0.0
28;56200;ASH_COATED_OSMIUM;9990;12;;;;;10009;11;;;;;10000.0;0.0
28;56200;INTARIAN_PEPPER_ROOT;41048;8;;;;;41065;4;;;;;41056.5;0.0
28;56300;ASH_COATED_OSMIUM;9990;13;9988;14;9986;12;10006;12;10007;10;10008;11;9998.5;0.0
28;56300;INTARIAN_PEPPER_ROOT;41047;15;41044;8;;;41063;24;41064;10;;;41055.5;0.0
28;56400;ASH_COATED_OSMIUM;9987;28;;;;;9998;5;;;;;9992.5;0.0
28;56400;INTARIAN_PEPPER_ROOT;41051;23;;;;;41064;11;;;;;41057.5;0.0
28;56500;ASH_COATED_OSMIUM;9979;14;;;;;9998;12;;;;;9988.5;0.0
28;56500;INTARIAN_PEPPER_ROOT;41049;11;;;;;41062;23;;;;;41055.5;0.0
28;56600;ASH_COATED_OSMIUM;9987;12;;;;;10005;14;;;;;9996.5;0.0
28;56600;INTARIAN_PEPPER_ROOT;41048;20;;;;;41061;9;;;;;41055.0;0.0
28;56700;ASH_COATED_OSMIUM;9983;10;9981;15;9980;26;10001;11;10004;20;10007;12;9992.5;0.0
28;56700;INTARIAN_PEPPER_ROOT;41052;9;41049;18;;;41063;8;41066;11;;;41057.5;0.0
28;56800;ASH_COATED_OSMIUM;9987;12;9985;15;;;9998;14;10001;15;;;9992.5;0.0
28;56800;INTARIAN_PEPPER_ROOT;41052;11;41049;10;;;41066;12;41069;11;;;41059.0;0.0
28;56900;ASH_COATED_OSMIUM;9988;14;9986;30;9984;13;10007;15;10010;14;10012;11;9997.5;0.0
28;56900;INTARIAN_PEPPER_ROOT;41049;24;41048;10;41047;8;41062;8;41064;8;41067;21;41056.0;0.0
28;57000;ASH_COATED_OSMIUM;9988;13;;;;;10006;12;;;;;9997.0;0.0
28;57000;INTARIAN_PEPPER_ROOT;41055;12;41054;24;41053;8;41066;25;41067;8;41070;21;41060.5;0.0
28;57100;ASH_COATED_OSMIUM;9991;13;9989;20;;;10009;14;10010;12;;;10000.5;0.0
28;57100;INTARIAN_PEPPER_ROOT;41053;9;41052;10;;;41067;16;41069;16;;;41060.5;0.0
28;57200;ASH_COATED_OSMIUM;9991;15;9990;12;;;10009;12;10011;25;;;10000.0;0.0
28;57200;INTARIAN_PEPPER_ROOT;41048;9;41046;9;;;41061;10;41062;8;;;41055.0;0.0
28;57300;ASH_COATED_OSMIUM;9989;14;9987;10;;;10005;12;10007;15;;;9997.0;0.0
28;57300;INTARIAN_PEPPER_ROOT;41049;16;41047;12;;;41065;12;41066;11;;;41057.0;0.0
28;57400;ASH_COATED_OSMIUM;9992;13;;;;;10008;14;;;;;10000.0;0.0
28;57400;INTARIAN_PEPPER_ROOT;41050;8;41049;9;;;41062;19;41065;24;;;41056.0;0.0
28;57500;ASH_COATED_OSMIUM;9983;12;;;;;10002;14;;;;;9992.5;0.0
28;57500;INTARIAN_PEPPER_ROOT;41052;9;41049;10;;;41065;12;41067;8;;;41058.5;0.0
28;57600;ASH_COATED_OSMIUM;9985;14;9984;10;;;10001;11;10003;14;;;9993.0;0.0
28;57600;INTARIAN_PEPPER_ROOT;41052;9;;;;;41066;11;;;;;41059.5;0.0
28;57700;ASH_COATED_OSMIUM;9988;11;9985;15;;;10004;25;10006;10;;;9996.0;0.0
28;57700;INTARIAN_PEPPER_ROOT;41057;12;41056;11;;;41066;11;41067;10;;;41061.5;0.0
28;57800;ASH_COATED_OSMIUM;9999;29;;;;;10015;13;;;;;10007.0;0.0
28;57800;INTARIAN_PEPPER_ROOT;41048;9;41046;16;;;41062;12;41065;8;;;41055.0;0.0
28;57900;ASH_COATED_OSMIUM;9996;11;9993;21;;;10012;11;10013;29;;;10004.5;0.0
28;57900;INTARIAN_PEPPER_ROOT;41048;10;41046;10;41045;9;41062;8;41065;12;41067;9;41055.0;0.0
28;58000;ASH_COATED_OSMIUM;9989;4;9988;11;;;10005;11;10007;26;;;9997.5;0.0
28;58000;INTARIAN_PEPPER_ROOT;41050;9;41047;21;41046;8;41061;12;41064;9;41065;19;41056.0;0.0
28;58100;ASH_COATED_OSMIUM;9988;11;9985;15;;;10004;11;10007;15;;;9996.0;0.0
28;58100;INTARIAN_PEPPER_ROOT;41049;12;41048;9;;;41062;10;41063;10;;;41056.0;0.0
28;58200;ASH_COATED_OSMIUM;9987;11;9984;15;;;10003;12;10006;20;;;9995.5;0.0
28;58200;INTARIAN_PEPPER_ROOT;41051;10;41050;9;;;41067;8;41068;11;;;41059.5;0.0
28;58300;ASH_COATED_OSMIUM;9988;14;9986;12;;;10004;11;10007;13;;;9996.0;0.0
28;58300;INTARIAN_PEPPER_ROOT;41050;8;;;;;41063;12;;;;;41057.0;0.0
28;58400;ASH_COATED_OSMIUM;9990;15;9988;10;;;10006;26;10007;10;;;9998.0;0.0
28;58400;INTARIAN_PEPPER_ROOT;41058;11;41057;11;;;41062;10;41065;8;;;41060.5;0.0
28;58500;ASH_COATED_OSMIUM;9989;12;9988;24;;;10005;12;10008;11;;;9997.0;0.0
28;58500;INTARIAN_PEPPER_ROOT;41050;9;41048;8;;;41064;8;41065;11;;;41057.5;0.0
28;58600;ASH_COATED_OSMIUM;9989;13;;;;;10005;14;;;;;9997.0;0.0
28;58600;INTARIAN_PEPPER_ROOT;41054;12;41051;10;41049;22;41065;10;41066;9;41068;7;41059.5;0.0
28;58700;ASH_COATED_OSMIUM;9995;13;;;;;10014;4;;;;;10004.5;0.0
28;58700;INTARIAN_PEPPER_ROOT;41052;12;41050;15;41047;16;41068;24;41071;12;41073;8;41060.5;0.0
28;58800;ASH_COATED_OSMIUM;9996;10;9993;15;;;10012;15;10014;15;;;10004.0;0.0
28;58800;INTARIAN_PEPPER_ROOT;41053;8;41052;11;41050;20;41069;11;41072;10;41075;18;41061.0;0.0
28;58900;ASH_COATED_OSMIUM;9991;15;9990;15;9987;11;10007;12;10010;30;10011;11;9999.0;0.0
28;58900;INTARIAN_PEPPER_ROOT;41051;9;41049;11;41046;15;41065;12;41066;9;41069;9;41058.5;0.0
28;59000;ASH_COATED_OSMIUM;9991;13;9988;3;9985;15;10007;13;10008;12;10009;15;9999.5;0.0
28;59000;INTARIAN_PEPPER_ROOT;41051;23;41049;12;41047;10;41064;11;41065;8;41068;8;41057.5;0.0
28;59100;ASH_COATED_OSMIUM;9995;15;9994;12;;;10011;10;10013;11;;;10003.5;0.0
28;59100;INTARIAN_PEPPER_ROOT;41053;11;41051;8;41050;8;41064;17;41067;10;41069;8;41059.0;0.0
28;59200;ASH_COATED_OSMIUM;9993;13;;;;;10012;11;;;;;10003.0;0.0
28;59200;INTARIAN_PEPPER_ROOT;41055;10;41054;10;41052;24;41066;12;41069;18;41070;9;41060.5;0.0
28;59300;ASH_COATED_OSMIUM;9991;10;9989;14;;;10007;15;10008;15;;;9999.0;0.0
28;59300;INTARIAN_PEPPER_ROOT;41056;10;41054;10;;;41069;10;41071;9;;;41062.5;0.0
28;59400;ASH_COATED_OSMIUM;9982;29;9979;23;9976;10;10001;15;10004;4;10007;14;9992.0;0.0
28;59400;INTARIAN_PEPPER_ROOT;41056;19;41054;8;41052;16;41067;10;41068;17;41069;10;41061.5;0.0
28;59500;ASH_COATED_OSMIUM;9986;30;;;;;10005;13;;;;;9996.0;0.0
28;59500;INTARIAN_PEPPER_ROOT;41053;10;41050;23;41049;9;41065;11;41067;11;41069;23;41059.5;0.0
28;59600;ASH_COATED_OSMIUM;9990;11;9987;11;;;10009;14;10010;14;;;9999.5;0.0
28;59600;INTARIAN_PEPPER_ROOT;41056;10;41053;10;;;41071;23;41072;10;;;41063.5;0.0
28;59700;ASH_COATED_OSMIUM;9995;3;;;;;10011;15;;;;;10003.0;0.0
28;59700;INTARIAN_PEPPER_ROOT;41051;9;41049;18;41046;10;41065;18;41066;9;41069;10;41058.0;0.0
28;59800;ASH_COATED_OSMIUM;9992;13;9990;21;;;10008;13;10011;25;;;10000.5;0.0
28;59800;INTARIAN_PEPPER_ROOT;41055;16;41053;15;;;41067;16;41068;25;;;41061.5;0.0
28;59900;ASH_COATED_OSMIUM;9993;26;9992;30;9989;13;10009;14;10011;12;10014;3;10001.5;0.0
28;59900;INTARIAN_PEPPER_ROOT;41053;9;41050;10;;;41067;8;41070;11;;;41060.5;0.0
28;60000;ASH_COATED_OSMIUM;9990;10;9987;14;;;10009;13;10010;12;;;10000.0;0.0
28;60000;INTARIAN_PEPPER_ROOT;41059;9;41058;10;41057;12;41071;9;41072;11;41074;19;41065.5;0.0
28;60100;ASH_COATED_OSMIUM;9992;12;9989;11;;;10010;12;10012;11;;;10001.5;0.0
28;60100;INTARIAN_PEPPER_ROOT;41058;12;;;;;41060;15;;;;;41059.0;0.0
28;60200;ASH_COATED_OSMIUM;9994;22;9992;13;;;10010;20;10012;13;;;10002.0;0.0
28;60200;INTARIAN_PEPPER_ROOT;41055;9;41052;8;;;41068;9;41070;22;;;41062.0;0.0
28;60300;ASH_COATED_OSMIUM;9998;10;9995;13;;;10014;14;10017;2;;;10006.5;0.0
28;60300;INTARIAN_PEPPER_ROOT;41054;9;41051;10;;;41066;10;41069;20;;;41060.0;0.0
28;60400;ASH_COATED_OSMIUM;10000;11;;;;;10010;15;;;;;10005.0;0.0
28;60400;INTARIAN_PEPPER_ROOT;41052;10;41051;8;41049;25;41064;17;41065;9;41066;8;41058.5;0.0
28;60500;ASH_COATED_OSMIUM;9987;15;9986;11;9985;11;10005;14;10008;26;10009;11;9996.5;0.0
28;60500;INTARIAN_PEPPER_ROOT;41055;12;41054;10;41053;10;41068;11;41070;8;41073;10;41062.0;0.0
28;60600;ASH_COATED_OSMIUM;9992;14;9989;10;;;10008;10;10009;27;;;10000.0;0.0
28;60600;INTARIAN_PEPPER_ROOT;41051;8;;;;;41064;11;;;;;41058.0;0.0
28;60700;ASH_COATED_OSMIUM;9993;22;9992;10;;;10011;14;10014;14;;;10002.0;0.0
28;60700;INTARIAN_PEPPER_ROOT;41053;23;;;;;41067;12;;;;;41060.5;0.0
28;60800;ASH_COATED_OSMIUM;9994;13;9993;13;;;10010;12;10011;11;;;10002.5;0.0
28;60800;INTARIAN_PEPPER_ROOT;41052;11;41049;11;;;41065;8;41066;19;;;41058.5;0.0
28;60900;ASH_COATED_OSMIUM;9990;15;9987;12;9986;10;10008;12;10010;10;10012;11;9999.0;0.0
28;60900;INTARIAN_PEPPER_ROOT;41053;11;;;;;41070;9;;;;;41062.0;0.0
28;61000;ASH_COATED_OSMIUM;9993;10;9990;11;;;10003;14;10004;14;;;9998.5;0.0
28;61000;INTARIAN_PEPPER_ROOT;41057;8;41056;12;;;41069;8;41070;18;;;41063.5;0.0
28;61100;ASH_COATED_OSMIUM;9989;10;9988;10;;;9994;10;9996;14;;;9991.5;0.0
28;61100;INTARIAN_PEPPER_ROOT;41052;12;41051;8;41050;12;41068;9;41069;11;41071;9;41060.0;0.0
28;61200;ASH_COATED_OSMIUM;9986;27;;;;;9998;22;;;;;9992.0;0.0
28;61200;INTARIAN_PEPPER_ROOT;41054;9;;;;;41067;12;;;;;41060.5;0.0
28;61300;ASH_COATED_OSMIUM;9984;13;9983;10;9981;30;10000;11;10001;14;10002;12;9992.0;0.0
28;61300;INTARIAN_PEPPER_ROOT;41050;23;41049;11;;;41064;23;41066;10;;;41057.5;0.0
28;61400;ASH_COATED_OSMIUM;9988;15;;;;;10006;15;;;;;9997.5;0.0
28;61400;INTARIAN_PEPPER_ROOT;41055;11;;;;;41073;8;;;;;41064.0;0.0
28;61500;ASH_COATED_OSMIUM;9995;13;;;;;10014;10;;;;;10004.5;0.0
28;61500;INTARIAN_PEPPER_ROOT;41054;20;41052;10;;;41070;9;41072;21;;;41062.0;0.0
28;61600;ASH_COATED_OSMIUM;9998;11;9995;20;;;10014;15;10017;10;;;10006.5;0.0
28;61600;INTARIAN_PEPPER_ROOT;41058;9;41056;12;41055;9;41074;11;41077;10;41078;10;41066.0;0.0
28;61700;ASH_COATED_OSMIUM;10000;12;9999;15;;;10016;14;10019;29;;;10008.5;0.0
28;61700;INTARIAN_PEPPER_ROOT;41055;10;41052;20;41050;8;41066;17;41067;10;41068;8;41060.5;0.0
28;61800;ASH_COATED_OSMIUM;10000;30;9998;6;;;10016;3;10017;13;;;10008.5;0.0
28;61800;INTARIAN_PEPPER_ROOT;41055;10;41054;25;41053;18;41068;9;41071;10;41073;8;41061.5;0.0
28;61900;ASH_COATED_OSMIUM;9994;14;;;;;10010;8;;;;;10002.0;0.0
28;61900;INTARIAN_PEPPER_ROOT;41055;11;41054;8;;;41071;10;41074;20;;;41063.0;0.0
28;62000;ASH_COATED_OSMIUM;9989;2;9988;14;;;10007;30;10010;12;;;9998.0;0.0
28;62000;INTARIAN_PEPPER_ROOT;41054;9;41051;12;41048;12;41066;15;41068;10;41069;10;41060.0;0.0
28;62100;ASH_COATED_OSMIUM;9983;20;9981;14;9979;14;10001;11;10004;23;10005;14;9992.5;0.0
28;62100;INTARIAN_PEPPER_ROOT;41056;10;41053;12;41051;11;41068;11;41070;8;41073;10;41062.5;0.0
28;62200;ASH_COATED_OSMIUM;9990;20;;;;;10006;13;;;;;9998.5;0.0
28;62200;INTARIAN_PEPPER_ROOT;41056;12;41053;8;;;41068;10;41069;9;;;41062.5;0.0
28;62300;ASH_COATED_OSMIUM;9991;13;9988;24;;;10007;29;10010;13;;;9999.5;0.0
28;62300;INTARIAN_PEPPER_ROOT;41056;8;41054;22;;;41069;8;41072;16;;;41063.0;0.0
28;62400;ASH_COATED_OSMIUM;9989;11;9987;14;9984;11;9999;13;10001;13;10002;15;9994.0;0.0
28;62400;INTARIAN_PEPPER_ROOT;41054;10;41051;8;41049;10;41068;11;41070;11;41071;25;41061.5;0.0
28;62500;ASH_COATED_OSMIUM;9991;11;9989;14;9987;12;10009;15;10010;15;10012;13;10000.0;0.0
28;62500;INTARIAN_PEPPER_ROOT;41051;18;41048;11;;;41070;18;41072;10;;;41061.0;0.0
28;62600;ASH_COATED_OSMIUM;9994;12;9993;15;9992;12;10010;4;10012;25;10013;29;10002.0;0.0
28;62600;INTARIAN_PEPPER_ROOT;41058;11;;;;;41073;9;;;;;41066.0;0.0
28;62700;ASH_COATED_OSMIUM;9992;11;9989;15;;;10003;14;10006;12;;;9997.5;0.0
28;62700;INTARIAN_PEPPER_ROOT;41057;8;;;;;41071;10;;;;;41064.0;0.0
28;62800;ASH_COATED_OSMIUM;9989;10;9987;13;9986;5;10010;13;10013;14;10015;10;10000.0;0.0
28;62800;INTARIAN_PEPPER_ROOT;41057;10;41055;21;;;41070;12;41071;8;;;41064.0;0.0
28;62900;ASH_COATED_OSMIUM;9990;15;9988;14;9986;14;10006;13;10009;15;10011;10;9998.5;0.0
28;62900;INTARIAN_PEPPER_ROOT;41057;10;;;;;41068;9;;;;;41063.0;0.0
28;63000;ASH_COATED_OSMIUM;9990;13;9989;11;;;10008;11;10009;10;;;9999.5;0.0
28;63000;INTARIAN_PEPPER_ROOT;41059;8;41057;8;41055;8;41072;12;41073;8;41074;8;41065.5;0.0
28;63100;ASH_COATED_OSMIUM;9995;11;9992;15;;;10011;14;10013;10;;;10003.5;0.0
28;63100;INTARIAN_PEPPER_ROOT;41059;9;41056;11;;;41070;9;41072;10;;;41064.5;0.0
28;63200;ASH_COATED_OSMIUM;9995;13;9993;27;9992;25;10011;11;10014;12;10016;15;10003.5;0.0
28;63200;INTARIAN_PEPPER_ROOT;41054;23;41051;22;;;41066;11;41068;9;;;41060.5;0.0
28;63300;ASH_COATED_OSMIUM;9993;13;9990;10;;;10009;13;10010;3;;;10001.5;0.0
28;63300;INTARIAN_PEPPER_ROOT;41059;10;41058;9;;;41072;10;41073;8;;;41066.0;0.0
28;63400;ASH_COATED_OSMIUM;9994;12;9992;10;;;10010;13;10012;14;;;10002.0;0.0
28;63400;INTARIAN_PEPPER_ROOT;41059;9;41056;17;;;41073;8;41075;9;;;41066.5;0.0
28;63500;ASH_COATED_OSMIUM;9997;4;9994;11;9992;15;10013;13;10015;14;10016;27;10005.0;0.0
28;63500;INTARIAN_PEPPER_ROOT;41052;10;41049;9;;;41067;12;41068;9;;;41059.5;0.0
28;63600;ASH_COATED_OSMIUM;10002;10;10001;4;9998;14;10018;27;10019;11;10022;14;10010.0;0.0
28;63600;INTARIAN_PEPPER_ROOT;41056;10;;;;;41070;12;;;;;41063.0;0.0
28;63700;ASH_COATED_OSMIUM;10006;14;;;;;10022;27;;;;;10014.5;0.0
28;63700;INTARIAN_PEPPER_ROOT;41057;8;41055;21;41054;9;41070;20;41071;11;41074;12;41064.0;0.0
28;63800;ASH_COATED_OSMIUM;10002;12;9999;15;9996;10;10018;13;10019;11;10022;23;10010.0;0.0
28;63800;INTARIAN_PEPPER_ROOT;41055;10;41054;15;;;41066;24;41069;10;;;41061.0;0.0
