day;timestamp;product;bid_price_1;bid_volume_1;bid_price_2;bid_volume_2;bid_price_3;bid_volume_3;ask_price_1;ask_volume_1;ask_price_2;ask_volume_2;ask_price_3;ask_volume_3;mid_price;profit_and_loss
31;0;ASH_COATED_OSMIUM;9997;13;;;;;10016;9;;;;;10006.5;0.0
31;0;INTARIAN_PEPPER_ROOT;43991;12;;;;;44003;11;;;;;43997.0;0.0
31;100;ASH_COATED_OSMIUM;10000;15;;;;;10016;10;;;;;10008.0;0.0
31;100;INTARIAN_PEPPER_ROOT;43992;9;43990;10;;;44005;22;44006;5;;;43998.5;0.0
31;200;ASH_COATED_OSMIUM;9995;14;9992;12;;;10016;10;10019;14;;;10006.0;0.0
31;200;INTARIAN_PEPPER_ROOT;43994;10;;;;;44007;8;;;;;44001.0;0.0
31;300;ASH_COATED_OSMIUM;10002;14;9999;12;;;10011;30;10013;26;;;10007.0;0.0
31;300;INTARIAN_PEPPER_ROOT;43993;11;43991;10;;;44004;10;44005;19;;;43999.0;0.0
31;400;ASH_COATED_OSMIUM;9998;13;9996;11;;;10019;26;10021;10;;;10009.0;0.0
31;400;INTARIAN_PEPPER_ROOT;43992;11;;;;;44003;11;;;;;43997.5;0.0
31;500;ASH_COATED_OSMIUM;10000;14;;;;;10016;3;;;;;10008.5;0.0
31;500;INTARIAN_PEPPER_ROOT;43994;19;43992;12;43991;9;44007;17;44009;8;44012;24;44000.5;0.0
31;600;ASH_COATED_OSMIUM;10002;14;10000;14;9997;15;10018;15;10020;10;10023;14;10010.5;0.0
31;600;INTARIAN_PEPPER_ROOT;43992;12;43990;24;43987;8;44006;18;44007;8;44008;8;43999.5;0.0
31;700;ASH_COATED_OSMIUM;10000;13;;;;;10010;20;;;;;10005.0;0.0
31;700;INTARIAN_PEPPER_ROOT;43998;11;43997;21;43996;8;44011;9;44014;10;44016;12;44004.5;0.0
31;800;ASH_COATED_OSMIUM;9999;10;9997;15;;;10015;15;10017;10;;;10007.0;0.0
31;800;INTARIAN_PEPPER_ROOT;43993;16;;;;;44009;11;;;;;44001.5;0.0
31;900;ASH_COATED_OSMIUM;9997;12;;;;;10013;27;;;;;10005.0;0.0
31;900;INTARIAN_PEPPER_ROOT;43992;8;43990;11;;;44005;11;44006;8;;;43999.0;0.0
31;1000;ASH_COATED_OSMIUM;9993;11;;;;;10009;10;;;;;10001.0;0.0
31;1000;INTARIAN_PEPPER_ROOT;43994;11;43993;22;43990;10;44007;9;44008;9;44011;10;44001.0;0.0
31;1100;ASH_COATED_OSMIUM;9991;11;;;;;10007;14;;;;;9999.0;0.0
31;1100;INTARIAN_PEPPER_ROOT;43995;10;43992;8;;;44009;9;44012;11;;;44002.5;0.0
31;1200;ASH_COATED_OSMIUM;9992;15;9991;14;;;10008;13;10011;12;;;10000.5;0.0
31;1200;INTARIAN_PEPPER_ROOT;43992;11;;;;;44004;17;;;;;43998.0;0.0
31;1300;ASH_COATED_OSMIUM;9991;15;9989;14;;;10007;10;10009;15;;;9999.0;0.0
31;1300;INTARIAN_PEPPER_ROOT;43998;25;43995;8;43992;8;44012;21;44014;9;44017;22;44005.5;0.0
31;1400;ASH_COATED_OSMIUM;9991;25;9989;14;;;10010;11;10013;11;;;10001.0;0.0
31;1400;INTARIAN_PEPPER_ROOT;43998;10;43997;9;;;44009;25;44012;10;;;44003.5;0.0
31;1500;ASH_COATED_OSMIUM;9998;14;9997;11;;;10014;14;10016;4;;;10006.5;0.0
31;1500;INTARIAN_PEPPER_ROOT;43992;10;43989;11;;;44008;8;44009;9;;;44000.0;0.0
31;1600;ASH_COATED_OSMIUM;9998;12;;;;;10016;11;;;;;10007.0;0.0
31;1600;INTARIAN_PEPPER_ROOT;43997;8;;;;;44009;11;;;;;44003.0;0.0
31;1700;ASH_COATED_OSMIUM;9999;11;9996;11;;;10015;10;10017;22;;;10007.0;0.0
31;1700;INTARIAN_PEPPER_ROOT;43989;9;43986;12;;;44006;11;44008;12;;;43997.5;0.0
31;1800;ASH_COATED_OSMIUM;9997;5;;;;;10013;12;;;;;10005.0;0.0
31;1800;INTARIAN_PEPPER_ROOT;43992;25;43990;22;;;44005;23;44008;12;;;43999.0;0.0
31;1900;ASH_COATED_OSMIUM;10000;14;9999;13;;;10016;14;10019;14;;;10008.0;0.0
31;1900;INTARIAN_PEPPER_ROOT;43993;10;;;;;44006;22;;;;;43999.5;0.0
31;2000;ASH_COATED_OSMIUM;10003;11;10000;13;;;10013;14;10016;13;;;10008.5;0.0
31;2000;INTARIAN_PEPPER_ROOT;43996;23;;;;;44009;12;;;;;44003.0;0.0
31;2100;ASH_COATED_OSMIUM;9996;15;;;;;10012;14;;;;;10004.5;0.0
31;2100;INTARIAN_PEPPER_ROOT;43996;9;43994;8;;;44008;8;44010;10;;;44002.0;0.0
31;2200;ASH_COATED_OSMIUM;9989;10;9987;10;;;10007;14;10008;14;;;9998.5;0.0
31;2200;INTARIAN_PEPPER_ROOT;43997;7;43994;8;;;44009;8;44011;12;;;44003.0;0.0
31;2300;ASH_COATED_OSMIUM;9989;27;9986;13;;;10005;10;10007;22;;;9997.5;0.0
31;2300;INTARIAN_PEPPER_ROOT;43995;10;43992;9;;;44009;9;44012;9;;;44002.0;0.0
31;2400;ASH_COATED_OSMIUM;9990;15;9988;15;9986;30;10006;11;10009;22;10010;5;9998.0;0.0
31;2400;INTARIAN_PEPPER_ROOT;43998;9;43997;9;;;44010;19;44012;20;;;44004.5;0.0
31;2500;ASH_COATED_OSMIUM;9987;12;9985;15;;;10003;12;10004;11;;;9995.5;0.0
31;2500;INTARIAN_PEPPER_ROOT;44003;12;44000;19;;;44015;10;44018;11;;;44009.5;0.0
31;2600;ASH_COATED_OSMIUM;9987;12;9985;23;;;10003;13;10004;10;;;9995.0;0.0
31;2600;INTARIAN_PEPPER_ROOT;43994;11;43992;11;;;44010;10;44011;8;;;44002.0;0.0
31;2700;ASH_COATED_OSMIUM;9986;21;9985;13;9984;14;10002;12;10004;4;10005;27;9994.0;0.0
31;2700;INTARIAN_PEPPER_ROOT;43999;12;43997;9;;;44011;8;44014;8;;;44005.5;0.0
31;2800;ASH_COATED_OSMIUM;9983;10;9980;27;9979;11;10002;15;10005;11;10006;12;9993.0;0.0
31;2800;INTARIAN_PEPPER_ROOT;43998;8;;;;;44011;11;;;;;44004.5;0.0
31;2900;ASH_COATED_OSMIUM;9986;10;;;;;10002;12;;;;;9994.5;0.0
31;2900;INTARIAN_PEPPER_ROOT;43996;9;43993;9;43991;19;44013;8;44014;8;44017;17;44005.0;0.0
31;3000;ASH_COATED_OSMIUM;9980;26;9979;15;;;9999;14;10002;11;;;9990.0;0.0
31;3000;INTARIAN_PEPPER_ROOT;43993;17;43991;12;;;44009;11;44011;9;;;44001.0;0.0
31;3100;ASH_COATED_OSMIUM;9991;10;9988;11;;;10007;22;10010;15;;;9999.5;0.0
31;3100;INTARIAN_PEPPER_ROOT;43993;8;43992;15;43990;9;44006;12;44009;11;44011;11;44000.0;0.0
31;3200;ASH_COATED_OSMIUM;9992;21;9989;22;9988;12;10008;13;10009;5;10010;12;10000.0;0.0
31;3200;INTARIAN_PEPPER_ROOT;44001;8;;;;;44015;12;;;;;44008.0;0.0
31;3300;ASH_COATED_OSMIUM;9992;11;;;;;10008;14;;;;;10000.5;0.0
31;3300;INTARIAN_PEPPER_ROOT;43996;8;43993;10;;;44012;8;44014;11;;;44004.5;0.0
31;3400;ASH_COATED_OSMIUM;9991;11;9988;27;;;10007;11;10008;13;;;9999.5;0.0
31;3400;INTARIAN_PEPPER_ROOT;43993;10;43992;10;43991;11;44007;18;44010;24;44012;11;44000.0;0.0
31;3500;ASH_COATED_OSMIUM;9989;15;9988;14;;;10005;13;10008;14;;;9997.5;0.0
31;3500;INTARIAN_PEPPER_ROOT;43995;9;43992;8;43990;17;44009;9;44011;22;44014;8;44002.0;0.0
31;3600;ASH_COATED_OSMIUM;9981;20;9980;14;;;9999;14;10000;15;;;9990.5;0.0
31;3600;INTARIAN_PEPPER_ROOT;43995;9;43993;22;;;44009;9;44012;11;;;44002.5;0.0
31;3700;ASH_COATED_OSMIUM;9984;13;9983;15;9981;15;10002;22;10005;13;10008;14;9993.0;0.0
31;3700;INTARIAN_PEPPER_ROOT;43992;11;;;;;44007;9;;;;;43999.5;0.0
31;3800;ASH_COATED_OSMIUM;9986;15;9983;27;;;10005;15;10008;9;;;9995.5;0.0
31;3800;INTARIAN_PEPPER_ROOT;43995;12;43994;9;;;44010;9;44013;12;;;44003.0;0.0
31;3900;ASH_COATED_OSMIUM;9990;15;9987;12;;;10009;15;10012;13;;;10000.0;0.0
31;3900;INTARIAN_PEPPER_ROOT;43999;10;43998;9;;;44013;18;44015;24;;;44006.0;0.0
31;4000;ASH_COATED_OSMIUM;9994;14;;;;;10010;5;;;;;10002.0;0.0
31;4000;INTARIAN_PEPPER_ROOT;43994;15;43993;10;;;44009;22;44011;9;;;44001.5;0.0
31;4100;ASH_COATED_OSMIUM;9992;5;9991;11;;;10008;12;10009;14;;;10000.0;0.0
31;4100;INTARIAN_PEPPER_ROOT;43998;9;43996;8;43995;8;44012;9;44013;8;44015;9;44005.5;0.0
31;4200;ASH_COATED_OSMIUM;9992;29;9991;14;9990;10;10008;12;10010;15;10011;10;10000.0;0.0
31;4200;INTARIAN_PEPPER_ROOT;43997;12;43996;12;;;44009;19;44012;25;;;44003.0;0.0
31;4300;ASH_COATED_OSMIUM;9992;12;;;;;10008;12;;;;;10000.5;0.0
31;4300;INTARIAN_PEPPER_ROOT;43996;12;43993;11;;;44009;24;44011;12;;;44002.5;0.0
31;4400;ASH_COATED_OSMIUM;9984;15;9983;10;9982;13;10003;15;10006;11;10008;14;9994.0;0.0
31;4400;INTARIAN_PEPPER_ROOT;43995;19;43993;19;43990;11;44011;8;44013;11;44015;9;44003.5;0.0
31;4500;ASH_COATED_OSMIUM;9986;3;9985;12;;;10002;25;10004;15;;;9994.0;0.0
31;4500;INTARIAN_PEPPER_ROOT;43998;12;;;;;44012;11;;;;;44005.0;0.0
31;4600;ASH_COATED_OSMIUM;9983;13;9981;26;9978;11;9999;30;10001;23;10003;12;9991.5;0.0
31;4600;INTARIAN_PEPPER_ROOT;43997;9;43994;8;;;44009;10;44012;9;;;44003.5;0.0
31;4700;ASH_COATED_OSMIUM;9987;10;;;;;9997;30;;;;;9992.0;0.0
31;4700;INTARIAN_PEPPER_ROOT;43997;9;43994;12;;;44014;9;44017;12;;;44006.0;0.0
31;4800;ASH_COATED_OSMIUM;9992;15;9991;12;;;10002;11;10004;14;;;9997.0;0.0
31;4800;INTARIAN_PEPPER_ROOT;43997;9;43996;9;;;44012;8;44014;12;;;44005.0;0.0
31;4900;ASH_COATED_OSMIUM;9994;11;;;;;10005;14;;;;;9999.5;0.0
31;4900;INTARIAN_PEPPER_ROOT;44003;24;;;;;44014;12;;;;;44009.0;0.0
31;5000;ASH_COATED_OSMIUM;9996;25;9993;10;9992;12;10012;15;10014;15;10016;14;10004.0;0.0
31;5000;INTARIAN_PEPPER_ROOT;43999;8;43997;10;;;44010;12;44011;9;;;44004.5;0.0
31;5100;ASH_COATED_OSMIUM;9997;13;9994;15;9991;12;10008;25;10010;13;10012;23;10002.5;0.0
31;5100;INTARIAN_PEPPER_ROOT;44000;24;43999;9;43997;11;44014;20;44017;12;44018;11;44007.0;0.0
31;5200;ASH_COATED_OSMIUM;9999;13;9998;15;;;10015;10;10017;11;;;10007.0;0.0
31;5200;INTARIAN_PEPPER_ROOT;44003;11;44001;21;;;44005;9;44008;9;;;44004.5;0.0
31;5300;ASH_COATED_OSMIUM;9996;6;9995;10;;;10012;10;10014;15;;;10004.0;0.0
31;5300;INTARIAN_PEPPER_ROOT;43997;10;;;;;44010;22;;;;;44003.5;0.0
31;5400;ASH_COATED_OSMIUM;10002;23;;;;;10015;10;;;;;10009.0;0.0
31;5400;INTARIAN_PEPPER_ROOT;43998;8;43997;9;;;44012;12;44013;12;;;44005.0;0.0
31;5500;ASH_COATED_OSMIUM;9996;15;9993;11;;;10012;15;10014;10;;;10004.0;0.0
31;5500;INTARIAN_PEPPER_ROOT;43995;9;43993;22;;;44008;19;44011;12;;;44002.0;0.0
31;5600;ASH_COATED_OSMIUM;10001;15;10000;25;;;10017;7;10019;13;;;10009.0;0.0
31;5600;INTARIAN_PEPPER_ROOT;44000;10;43997;8;43996;8;44011;11;44014;11;44015;12;44006.0;0.0
31;5700;ASH_COATED_OSMIUM;9999;14;9997;15;;;10017;12;10020;15;;;10008.0;0.0
31;5700;INTARIAN_PEPPER_ROOT;43997;11;43995;8;;;44010;10;44013;10;;;44004.0;0.0
31;5800;ASH_COATED_OSMIUM;10001;22;10000;12;9999;23;10017;14;10019;29;10020;14;10009.5;0.0
31;5800;INTARIAN_PEPPER_ROOT;43997;20;43995;9;;;44009;10;44010;9;;;44003.5;0.0
31;5900;ASH_COATED_OSMIUM;9996;10;9994;15;9991;12;10012;29;10013;3;10014;13;10004.5;0.0
31;5900;INTARIAN_PEPPER_ROOT;43998;16;43995;12;;;44010;8;44013;12;;;44004.5;0.0
31;6000;ASH_COATED_OSMIUM;9998;14;;;;;10014;27;;;;;10006.5;0.0
31;6000;INTARIAN_PEPPER_ROOT;44000;12;43998;5;;;44013;11;44014;10;;;44006.5;0.0
31;6100;ASH_COATED_OSMIUM;9993;11;9992;11;;;10012;14;10013;15;;;10003.0;0.0
31;6100;INTARIAN_PEPPER_ROOT;43998;9;;;;;44014;20;;;;;44006.0;0.0
31;6200;ASH_COATED_OSMIUM;9993;11;9992;12;9989;15;10012;10;10015;14;10017;12;10003.0;0.0
31;6200;INTARIAN_PEPPER_ROOT;44000;10;43998;9;43996;11;44013;11;44015;23;44017;12;44006.5;0.0
31;6300;ASH_COATED_OSMIUM;9990;13;9988;22;9987;15;10008;15;10011;11;10013;22;9999.5;0.0
31;6300;INTARIAN_PEPPER_ROOT;43999;16;;;;;44012;10;;;;;44005.5;0.0
31;6400;ASH_COATED_OSMIUM;9987;13;9984;10;;;10006;15;10007;11;;;9997.0;0.0
31;6400;INTARIAN_PEPPER_ROOT;43998;11;43997;8;43995;10;44010;9;44013;9;44014;12;44004.5;0.0
31;6500;ASH_COATED_OSMIUM;9985;29;9983;10;;;10003;14;10006;13;;;9994.0;0.0
31;6500;INTARIAN_PEPPER_ROOT;44001;21;;;;;44017;10;;;;;44009.5;0.0
31;6600;ASH_COATED_OSMIUM;9984;21;9983;11;;;10000;14;10003;13;;;9992.0;0.0
31;6600;INTARIAN_PEPPER_ROOT;44000;10;43999;10;;;44013;24;44015;19;;;44006.5;0.0
31;6700;ASH_COATED_OSMIUM;9985;12;;;;;10001;12;;;;;9993.5;0.0
31;6700;INTARIAN_PEPPER_ROOT;44000;10;43998;12;;;44012;9;44013;12;;;44006.0;0.0
31;6800;ASH_COATED_OSMIUM;9988;29;9985;15;9982;13;10007;11;10009;10;10011;13;9997.5;0.0
31;6800;INTARIAN_PEPPER_ROOT;44000;12;;;;;44012;11;;;;;44006.5;0.0
31;6900;ASH_COATED_OSMIUM;9989;15;;;;;10005;24;;;;;9997.5;0.0
31;6900;INTARIAN_PEPPER_ROOT;44002;6;;;;;44015;8;;;;;44008.5;0.0
31;7000;ASH_COATED_OSMIUM;9985;12;9982;14;;;10001;22;10002;11;;;9993.5;0.0
31;7000;INTARIAN_PEPPER_ROOT;44000;8;43997;12;;;44017;11;44019;17;;;44009.0;0.0
31;7100;ASH_COATED_OSMIUM;9989;12;;;;;10005;13;;;;;9997.0;0.0
31;7100;INTARIAN_PEPPER_ROOT;44002;11;44000;9;;;44014;10;44015;15;;;44008.5;0.0
31;7200;ASH_COATED_OSMIUM;9990;11;;;;;10006;13;;;;;9998.5;0.0
31;7200;INTARIAN_PEPPER_ROOT;43995;21;43993;18;43990;15;44012;11;44014;12;44015;11;44004.0;0.0
31;7300;ASH_COATED_OSMIUM;9998;15;9995;10;;;10005;23;10008;24;;;10002.0;0.0
31;7300;INTARIAN_PEPPER_ROOT;43996;20;43994;11;;;44015;8;44018;10;;;44006.0;0.0
31;7400;ASH_COATED_OSMIUM;9991;13;;;;;10009;12;;;;;10000.5;0.0
31;7400;INTARIAN_PEPPER_ROOT;43999;8;43997;10;;;44010;24;44012;12;;;44005.0;0.0
31;7500;ASH_COATED_OSMIUM;9997;10;;;;;10015;14;;;;;10006.0;0.0
31;7500;INTARIAN_PEPPER_ROOT;43999;10;43997;7;;;44011;10;44014;11;;;44005.0;0.0
31;7600;ASH_COATED_OSMIUM;9994;14;9993;11;;;10012;10;10014;10;;;10003.0;0.0
31;7600;INTARIAN_PEPPER_ROOT;44001;12;;;;;44013;11;;;;;44007.5;0.0
31;7700;ASH_COATED_OSMIUM;9993;14;9991;14;9988;10;10009;13;10012;10;10015;11;10001.5;0.0
31;7700;INTARIAN_PEPPER_ROOT;44001;8;43998;9;;;44012;9;44015;8;;;44006.5;0.0
31;7800;ASH_COATED_OSMIUM;9990;11;9988;14;9986;23;10009;25;10011;14;10013;25;9999.5;0.0
31;7800;INTARIAN_PEPPER_ROOT;44004;9;44001;12;;;44016;10;44019;20;;;44010.0;0.0
31;7900;ASH_COATED_OSMIUM;9988;15;;;;;10004;15;;;;;9996.0;0.0
31;7900;INTARIAN_PEPPER_ROOT;43999;8;43998;8;;;44014;11;44016;11;;;44006.5;0.0
31;8000;ASH_COATED_OSMIUM;9999;13;;;;;10015;5;;;;;10007.5;0.0
31;8000;INTARIAN_PEPPER_ROOT;44001;17;;;;;44016;9;;;;;44009.0;0.0
31;8100;ASH_COATED_OSMIUM;10001;26;;;;;10007;2;;;;;10004.5;0.0
31;8100;INTARIAN_PEPPER_ROOT;44002;12;44000;15;;;44014;6;44017;11;;;44008.0;0.0
31;8200;ASH_COATED_OSMIUM;10000;11;9999;15;;;10016;28;10019;14;;;10008.5;0.0
31;8200;INTARIAN_PEPPER_ROOT;44003;8;;;;;44018;9;;;;;44010.5;0.0
31;8300;ASH_COATED_OSMIUM;9995;10;9992;21;;;10011;14;10012;14;;;10003.5;0.0
31;8300;INTARIAN_PEPPER_ROOT;44008;12;;;;;44011;5;;;;;44010.0;0.0
31;8400;ASH_COATED_OSMIUM;9992;20;9989;11;9988;11;10008;14;10009;10;10012;13;10000.5;0.0
31;8400;INTARIAN_PEPPER_ROOT;44006;8;;;;;44018;9;;;;;44012.0;0.0
31;8500;ASH_COATED_OSMIUM;9990;13;9987;13;;;10006;15;10007;13;;;9998.0;0.0
31;8500;INTARIAN_PEPPER_ROOT;44004;17;44002;12;;;44016;10;44019;9;;;44010.0;0.0
31;8600;ASH_COATED_OSMIUM;9987;11;9984;10;;;10005;13;10006;15;;;9996.0;0.0
31;8600;INTARIAN_PEPPER_ROOT;44001;11;43999;19;;;44013;10;44016;9;;;44007.5;0.0
31;8700;ASH_COATED_OSMIUM;9992;15;9991;15;;;10008;15;10011;11;;;10000.0;0.0
31;8700;INTARIAN_PEPPER_ROOT;44005;10;;;;;44019;12;;;;;44012.5;0.0
31;8800;ASH_COATED_OSMIUM;10001;12;;;;;10017;11;;;;;10009.0;0.0
31;8800;INTARIAN_PEPPER_ROOT;44000;12;43999;8;;;44014;10;44016;22;;;44007.5;0.0
31;8900;ASH_COATED_OSMIUM;10003;10;10001;14;;;10019;11;10020;13;;;10011.5;0.0
31;8900;INTARIAN_PEPPER_ROOT;44001;8;44000;10;;;44015;10;44018;21;;;44008.0;0.0
31;9000;ASH_COATED_OSMIUM;10001;13;9999;26;9998;11;10017;14;10020;14;10022;15;10009.5;0.0
31;9000;INTARIAN_PEPPER_ROOT;44003;17;;;;;44017;8;;;;;44010.5;0.0
31;9100;ASH_COATED_OSMIUM;9997;13;9995;10;9993;5;10013;23;10014;10;10016;14;10005.5;0.0
31;9100;INTARIAN_PEPPER_ROOT;44003;11;44001;10;;;44019;11;44022;8;;;44011.5;0.0
31;9200;ASH_COATED_OSMIUM;9995;15;;;;;10011;12;;;;;10003.0;0.0
31;9200;INTARIAN_PEPPER_ROOT;44006;18;44005;18;;;44009;11;44010;10;;;44007.5;0.0
31;9300;ASH_COATED_OSMIUM;10001;14;;;;;10017;12;;;;;10009.0;0.0
31;9300;INTARIAN_PEPPER_ROOT;43997;9;43995;12;;;44018;11;44019;10;;;44007.5;0.0
31;9400;ASH_COATED_OSMIUM;9989;27;9988;14;9986;26;10005;4;10006;10;10007;24;9997.0;0.0
31;9400;INTARIAN_PEPPER_ROOT;44004;9;44001;20;43999;12;44015;25;44016;12;44019;8;44009.5;0.0
31;9500;ASH_COATED_OSMIUM;9985;25;9982;12;9979;11;10003;11;10005;12;10007;15;9994.5;0.0
31;9500;INTARIAN_PEPPER_ROOT;44006;12;44005;11;44002;9;44019;8;44020;8;44023;18;44013.0;0.0
31;9600;ASH_COATED_OSMIUM;9988;15;9986;12;9984;2;10004;11;10005;10;10008;13;9996.5;0.0
31;9600;INTARIAN_PEPPER_ROOT;44002;9;44001;4;;;44017;12;44018;17;;;44009.5;0.0
31;9700;ASH_COATED_OSMIUM;9989;30;9987;11;9984;23;10002;10;10003;13;10005;11;9996.0;0.0
31;9700;INTARIAN_PEPPER_ROOT;44005;24;44004;9;;;44016;12;44019;11;;;44011.0;0.0
31;9800;ASH_COATED_OSMIUM;9993;12;;;;;10004;13;;;;;9999.0;0.0
31;9800;INTARIAN_PEPPER_ROOT;44003;12;44001;11;;;44019;10;44021;9;;;44011.0;0.0
31;9900;ASH_COATED_OSMIUM;9988;29;;;;;10004;28;;;;;9996.0;0.0
31;9900;INTARIAN_PEPPER_ROOT;44001;11;43998;10;;;44013;12;44016;11;;;44007.5;0.0
31;10000;ASH_COATED_OSMIUM;9986;15;;;;;10004;14;;;;;9995.0;0.0
31;10000;INTARIAN_PEPPER_ROOT;44003;12;44000;12;;;44017;10;44020;12;;;44010.0;0.0
31;10100;ASH_COATED_OSMIUM;9986;5;;;;;10002;13;;;;;9994.0;0.0
31;10100;INTARIAN_PEPPER_ROOT;44001;11;43998;8;43995;10;44014;9;44015;8;44017;10;44008.0;0.0
31;10200;ASH_COATED_OSMIUM;9991;11;9989;15;9987;11;10007;10;10008;14;10009;14;9999.0;0.0
31;10200;INTARIAN_PEPPER_ROOT;44006;11;44005;16;44002;12;44018;9;44019;8;44020;11;44012.0;0.0
31;10300;ASH_COATED_OSMIUM;9989;5;;;;;10005;10;;;;;9997.5;0.0
31;10300;INTARIAN_PEPPER_ROOT;44002;11;44000;12;;;44016;11;44017;8;;;44009.0;0.0
31;10400;ASH_COATED_OSMIUM;9991;13;9988;30;9987;10;10007;14;10008;24;10011;12;9999.5;0.0
31;10400;INTARIAN_PEPPER_ROOT;44007;10;44005;17;;;44023;11;44025;10;;;44015.0;0.0
31;10500;ASH_COATED_OSMIUM;9989;12;;;;;10008;15;;;;;9998.5;0.0
31;10500;INTARIAN_PEPPER_ROOT;44005;11;44004;10;;;44016;9;44018;9;;;44010.5;0.0
31;10600;ASH_COATED_OSMIUM;9991;14;9988;15;;;10007;14;10009;10;;;9999.5;0.0
31;10600;INTARIAN_PEPPER_ROOT;44000;12;43999;9;;;44014;11;44016;11;;;44007.0;0.0
31;10700;ASH_COATED_OSMIUM;9996;13;9995;11;;;10012;14;10013;12;;;10004.5;0.0
31;10700;INTARIAN_PEPPER_ROOT;44006;11;44004;10;;;44018;10;44019;11;;;44012.5;0.0
31;10800;ASH_COATED_OSMIUM;9989;15;9987;11;9984;10;10008;12;10010;15;10011;10;9998.5;0.0
31;10800;INTARIAN_PEPPER_ROOT;44002;9;44000;16;43997;12;44015;23;44016;11;44017;9;44009.0;0.0
31;10900;ASH_COATED_OSMIUM;9992;30;9990;14;;;10011;13;10013;12;;;10001.5;0.0
31;10900;INTARIAN_PEPPER_ROOT;44006;16;44003;12;44001;11;44019;9;44022;9;44023;8;44013.0;0.0
31;11000;ASH_COATED_OSMIUM;9996;13;9993;15;;;10012;10;10015;14;;;10004.5;0.0
31;11000;INTARIAN_PEPPER_ROOT;44007;8;44005;10;;;44019;9;44022;12;;;44013.0;0.0
31;11100;ASH_COATED_OSMIUM;9990;12;9989;26;9987;10;10001;14;10002;10;10005;15;9995.5;0.0
31;11100;INTARIAN_PEPPER_ROOT;44004;10;;;;;44018;10;;;;;44011.0;0.0
31;11200;ASH_COATED_OSMIUM;9990;15;;;;;9996;11;;;;;9993.0;0.0
31;11200;INTARIAN_PEPPER_ROOT;44004;11;44001;10;;;44018;12;44019;21;;;44011.0;0.0
31;11300;ASH_COATED_OSMIUM;9989;11;9988;28;;;10007;13;10008;11;;;9998.5;0.0
31;11300;INTARIAN_PEPPER_ROOT;44001;24;;;;;44020;9;;;;;44010.5;0.0
31;11400;ASH_COATED_OSMIUM;9989;12;9988;10;;;10005;15;10008;15;;;9997.5;0.0
31;11400;INTARIAN_PEPPER_ROOT;44003;9;44002;20;43999;15;44020;11;44021;9;44022;11;44012.0;0.0
31;11500;ASH_COATED_OSMIUM;9991;12;9989;10;9986;12;9997;15;10000;11;10002;13;9994.0;0.0
31;11500;INTARIAN_PEPPER_ROOT;44005;10;44003;11;44002;10;44017;25;44020;11;44023;11;44011.5;0.0
31;11600;ASH_COATED_OSMIUM;9992;10;9990;28;9988;15;10011;11;10014;12;10015;30;10001.5;0.0
31;11600;INTARIAN_PEPPER_ROOT;44002;12;44001;9;;;44015;11;44016;9;;;44009.0;0.0
31;11700;ASH_COATED_OSMIUM;9992;13;;;;;10013;14;;;;;10002.5;0.0
31;11700;INTARIAN_PEPPER_ROOT;44006;10;44003;9;44002;12;44017;9;44018;8;44021;6;44011.5;0.0
31;11800;ASH_COATED_OSMIUM;9991;21;9988;14;9986;20;10007;21;10009;14;10011;11;9999.0;0.0
31;11800;INTARIAN_PEPPER_ROOT;44005;8;44002;15;;;44016;11;44017;8;;;44011.0;0.0
31;11900;ASH_COATED_OSMIUM;9994;22;9993;10;;;10010;14;10013;13;;;10002.5;0.0
31;11900;INTARIAN_PEPPER_ROOT;44004;12;44003;8;;;44017;9;44020;8;;;44010.5;0.0
31;12000;ASH_COATED_OSMIUM;9994;12;;;;;10012;10;;;;;10003.0;0.0
31;12000;INTARIAN_PEPPER_ROOT;44007;12;44004;9;44002;23;44022;12;44024;10;44026;10;44015.0;0.0
31;12100;ASH_COATED_OSMIUM;9996;13;9994;14;;;10012;15;10013;11;;;10004.0;0.0
31;12100;INTARIAN_PEPPER_ROOT;44009;9;;;;;44021;8;;;;;44015.5;0.0
31;12200;ASH_COATED_OSMIUM;9997;15;9996;13;;;10007;14;10008;29;;;10002.5;0.0
31;12200;INTARIAN_PEPPER_ROOT;44003;10;44002;23;44001;10;44015;18;44016;10;44018;10;44009.5;0.0
31;12300;ASH_COATED_OSMIUM;9997;12;9996;13;;;10013;21;10014;12;;;10005.0;0.0
31;12300;INTARIAN_PEPPER_ROOT;44007;10;;;;;44020;10;;;;;44014.0;0.0
31;12400;ASH_COATED_OSMIUM;9993;13;9992;11;;;10009;15;10012;11;;;10001.0;0.0
31;12400;INTARIAN_PEPPER_ROOT;44014;12;44013;9;44012;17;44018;11;44021;12;44023;8;44016.0;0.0
31;12500;ASH_COATED_OSMIUM;9995;12;9992;13;9991;11;10011;20;10012;26;10013;21;10003.0;0.0
31;12500;INTARIAN_PEPPER_ROOT;44000;24;43997;12;43994;12;44016;9;44019;8;44021;12;44008.5;0.0
31;12600;ASH_COATED_OSMIUM;9998;11;9997;10;;;10014;11;10016;14;;;10006.0;0.0
31;12600;INTARIAN_PEPPER_ROOT;44007;23;44005;12;44003;8;44022;8;44024;8;44025;11;44015.0;0.0
31;12700;ASH_COATED_OSMIUM;9995;12;9992;15;;;10011;15;10014;20;;;10003.0;0.0
31;12700;INTARIAN_PEPPER_ROOT;44006;9;;;;;44018;11;;;;;44012.5;0.0
31;12800;ASH_COATED_OSMIUM;9992;14;9991;12;;;10003;13;10006;11;;;9997.5;0.0
31;12800;INTARIAN_PEPPER_ROOT;44008;10;44005;9;;;44019;10;44020;17;;;44013.5;0.0
31;12900;ASH_COATED_OSMIUM;9991;11;9990;15;;;10007;26;10010;10;;;9999.0;0.0
31;12900;INTARIAN_PEPPER_ROOT;44003;18;44000;9;43999;11;44017;19;44018;10;44020;8;44010.5;0.0
31;13000;ASH_COATED_OSMIUM;9988;13;;;;;10006;13;;;;;9997.0;0.0
31;13000;INTARIAN_PEPPER_ROOT;44005;10;44002;9;;;44019;24;44021;11;;;44012.0;0.0
31;13100;ASH_COATED_OSMIUM;9985;10;9982;10;;;10001;15;10002;9;;;9993.5;0.0
31;13100;INTARIAN_PEPPER_ROOT;44005;9;;;;;44018;9;;;;;44012.0;0.0
31;13200;ASH_COATED_OSMIUM;9988;12;9986;3;;;10007;3;10010;10;;;9998.0;0.0
31;13200;INTARIAN_PEPPER_ROOT;44005;10;44002;8;;;44021;11;44022;11;;;44013.5;0.0
31;13300;ASH_COATED_OSMIUM;9988;26;9987;14;;;10004;10;10006;13;;;9996.5;0.0
31;13300;INTARIAN_PEPPER_ROOT;44007;12;44005;11;;;44020;11;44023;11;;;44013.5;0.0
31;13400;ASH_COATED_OSMIUM;9990;7;9988;2;;;10006;13;10009;14;;;9998.0;0.0
31;13400;INTARIAN_PEPPER_ROOT;44006;21;;;;;44019;9;;;;;44012.5;0.0
31;13500;ASH_COATED_OSMIUM;9993;27;9991;13;;;9999;12;10001;13;;;9996.0;0.0
31;13500;INTARIAN_PEPPER_ROOT;44006;25;44005;24;;;44019;8;44020;10;;;44012.5;0.0
31;13600;ASH_COATED_OSMIUM;9990;12;9988;11;9987;10;10006;15;10009;11;10012;11;9998.5;0.0
31;13600;INTARIAN_PEPPER_ROOT;44007;20;44005;11;44003;8;44019;10;44021;12;44024;9;44013.5;0.0
31;13700;ASH_COATED_OSMIUM;9992;12;9989;23;;;10008;27;10010;23;;;10000.0;0.0
31;13700;INTARIAN_PEPPER_ROOT;44010;24;44007;25;;;44023;20;44026;12;;;44016.5;0.0
31;13800;ASH_COATED_OSMIUM;9991;15;9989;11;;;10007;10;10009;14;;;9999.5;0.0
31;13800;INTARIAN_PEPPER_ROOT;44009;8;44007;12;;;44022;12;44023;8;;;44016.0;0.0
31;13900;ASH_COATED_OSMIUM;9989;12;;;;;10005;12;;;;;9997.0;0.0
31;13900;INTARIAN_PEPPER_ROOT;44010;19;44009;9;;;44024;9;44026;11;;;44017.5;0.0
31;14000;ASH_COATED_OSMIUM;9986;14;9983;15;;;10002;11;10003;13;;;9994.5;0.0
31;14000;INTARIAN_PEPPER_ROOT;44006;21;44005;9;44004;20;44020;10;44023;9;44026;8;44013.0;0.0
31;14100;ASH_COATED_OSMIUM;9980;13;;;;;9996;23;;;;;9988.0;0.0
31;14100;INTARIAN_PEPPER_ROOT;44005;11;44002;23;44001;12;44022;10;44023;9;44025;21;44013.5;0.0
31;14200;ASH_COATED_OSMIUM;9984;14;9983;11;;;10000;13;10002;15;;;9992.0;0.0
31;14200;INTARIAN_PEPPER_ROOT;44012;8;44009;11;;;44025;11;44027;9;;;44019.0;0.0
31;14300;ASH_COATED_OSMIUM;9989;8;9987;12;9984;10;10005;15;10007;13;10010;23;9997.5;0.0
31;14300;INTARIAN_PEPPER_ROOT;44009;9;44006;10;44003;12;44020;11;44021;12;44024;9;44014.5;0.0
31;14400;ASH_COATED_OSMIUM;9990;10;9987;21;;;9996;14;9997;14;;;9993.5;0.0
31;14400;INTARIAN_PEPPER_ROOT;44011;9;44010;12;;;44022;9;44023;12;;;44016.5;0.0
31;14500;ASH_COATED_OSMIUM;9983;15;9980;13;9977;13;9999;10;10001;11;10002;10;9991.5;0.0
31;14500;INTARIAN_PEPPER_ROOT;44005;8;44002;10;;;44019;12;44022;9;;;44012.0;0.0
31;14600;ASH_COATED_OSMIUM;9985;14;9983;14;9982;14;10001;12;10003;5;10006;14;9993.5;0.0
31;14600;INTARIAN_PEPPER_ROOT;44007;23;44005;12;;;44019;9;44020;10;;;44013.5;0.0
31;14700;ASH_COATED_OSMIUM;9987;14;9985;15;;;10003;10;10006;14;;;9995.5;0.0
31;14700;INTARIAN_PEPPER_ROOT;44006;9;44004;24;;;44018;12;44019;11;;;44012.0;0.0
31;14800;ASH_COATED_OSMIUM;9995;10;;;;;10000;15;;;;;9997.5;0.0
31;14800;INTARIAN_PEPPER_ROOT;44009;12;44007;10;;;44021;12;44023;11;;;44015.0;0.0
31;14900;ASH_COATED_OSMIUM;9984;10;9983;12;9980;14;10003;14;10006;12;10009;15;9994.0;0.0
31;14900;INTARIAN_PEPPER_ROOT;44007;10;44004;10;44001;8;44019;9;44022;10;44023;16;44013.5;0.0
31;15000;ASH_COATED_OSMIUM;9983;13;;;;;9999;15;;;;;9991.5;0.0
31;15000;INTARIAN_PEPPER_ROOT;44004;11;44003;11;;;44017;9;44019;10;;;44010.5;0.0
31;15100;ASH_COATED_OSMIUM;9983;13;;;;;9999;15;;;;;9991.0;0.0
31;15100;INTARIAN_PEPPER_ROOT;44008;12;44005;10;;;44022;10;44025;10;;;44015.0;0.0
31;15200;ASH_COATED_OSMIUM;9980;15;;;;;9996;12;;;;;9988.0;0.0
31;15200;INTARIAN_PEPPER_ROOT;44006;10;;;;;44023;9;;;;;44015.0;0.0
31;15300;ASH_COATED_OSMIUM;9986;30;9985;11;9982;22;10005;14;10006;12;10009;12;9996.0;0.0
31;15300;INTARIAN_PEPPER_ROOT;44010;8;;;;;44023;11;;;;;44016.5;0.0
31;15400;ASH_COATED_OSMIUM;9994;13;9992;11;;;10010;13;10013;10;;;10002.5;0.0
31;15400;INTARIAN_PEPPER_ROOT;44009;22;;;;;44021;17;;;;;44015.5;0.0
31;15500;ASH_COATED_OSMIUM;9994;4;9991;15;;;10010;12;10011;5;;;10002.0;0.0
31;15500;INTARIAN_PEPPER_ROOT;44007;12;;;;;44023;9;;;;;44015.0;0.0
31;15600;ASH_COATED_OSMIUM;9994;30;9993;15;9991;15;10010;10;10011;15;10012;14;10002.0;0.0
31;15600;INTARIAN_PEPPER_ROOT;44009;8;44008;12;;;44022;12;44025;19;;;44016.0;0.0
31;15700;ASH_COATED_OSMIUM;9994;10;9992;15;9991;11;10000;15;10003;11;10004;12;9997.0;0.0
31;15700;INTARIAN_PEPPER_ROOT;44008;9;;;;;44019;12;;;;;44014.0;0.0
31;15800;ASH_COATED_OSMIUM;9990;23;9988;10;;;10006;26;10009;14;;;9998.0;0.0
31;15800;INTARIAN_PEPPER_ROOT;44008;20;44007;11;;;44020;12;44022;16;;;44014.0;0.0
31;15900;ASH_COATED_OSMIUM;9992;14;9990;15;9988;10;10008;22;10011;13;10012;12;10000.5;0.0
31;15900;INTARIAN_PEPPER_ROOT;44010;8;44007;9;;;44024;9;44027;8;;;44017.5;0.0
31;16000;ASH_COATED_OSMIUM;9985;11;9984;14;9982;21;10001;10;10004;10;10005;10;9993.5;0.0
31;16000;INTARIAN_PEPPER_ROOT;44006;8;44003;8;;;44022;11;44023;8;;;44014.5;0.0
31;16100;ASH_COATED_OSMIUM;9990;22;9989;13;9986;12;10006;13;10007;14;10009;13;9998.5;0.0
31;16100;INTARIAN_PEPPER_ROOT;44010;12;44008;11;44007;11;44021;9;44024;8;44027;23;44015.5;0.0
31;16200;ASH_COATED_OSMIUM;9987;14;9985;25;;;10003;11;10004;29;;;9995.5;0.0
31;16200;INTARIAN_PEPPER_ROOT;44006;11;44004;17;;;44023;11;44025;11;;;44014.5;0.0
31;16300;ASH_COATED_OSMIUM;9987;25;;;;;10003;23;;;;;9995.0;0.0
31;16300;INTARIAN_PEPPER_ROOT;44009;12;44007;10;;;44022;11;44023;5;;;44016.0;0.0
31;16400;ASH_COATED_OSMIUM;9992;15;9990;15;9987;12;10010;11;10013;10;10016;25;10001.5;0.0
31;16400;INTARIAN_PEPPER_ROOT;44011;11;44010;9;;;44023;8;44026;11;;;44017.0;0.0
31;16500;ASH_COATED_OSMIUM;9990;11;;;;;10006;27;;;;;9998.5;0.0
31;16500;INTARIAN_PEPPER_ROOT;44008;11;44005;9;44003;12;44025;11;44028;11;44031;15;44017.0;0.0
31;16600;ASH_COATED_OSMIUM;9995;15;;;;;10013;11;;;;;10004.5;0.0
31;16600;INTARIAN_PEPPER_ROOT;44013;8;;;;;44016;8;;;;;44015.0;0.0
31;16700;ASH_COATED_OSMIUM;9994;20;9992;12;;;10012;11;10015;12;;;10003.5;0.0
31;16700;INTARIAN_PEPPER_ROOT;44016;8;44013;22;;;44028;15;44031;12;;;44022.0;0.0
31;16800;ASH_COATED_OSMIUM;10001;14;;;;;10011;14;;;;;10006.5;0.0
31;16800;INTARIAN_PEPPER_ROOT;44006;15;44005;8;;;44019;8;44020;8;;;44013.0;0.0
31;16900;ASH_COATED_OSMIUM;9998;14;;;;;10014;22;;;;;10006.0;0.0
31;16900;INTARIAN_PEPPER_ROOT;44009;11;44006;11;;;44025;10;44027;11;;;44017.0;0.0
31;17000;ASH_COATED_OSMIUM;9990;15;9989;12;;;10006;10;10008;15;;;9998.5;0.0
31;17000;INTARIAN_PEPPER_ROOT;44010;10;;;;;44023;9;;;;;44016.5;0.0
31;17100;ASH_COATED_OSMIUM;9983;20;;;;;9999;15;;;;;9991.0;0.0
31;17100;INTARIAN_PEPPER_ROOT;44009;11;;;;;44025;8;;;;;44017.0;0.0
31;17200;ASH_COATED_OSMIUM;9986;13;;;;;10004;11;;;;;9995.5;0.0
31;17200;INTARIAN_PEPPER_ROOT;44010;9;;;;;44025;12;;;;;44018.0;0.0
31;17300;ASH_COATED_OSMIUM;9992;15;9989;30;;;10008;14;10010;14;;;10000.0;0.0
31;17300;INTARIAN_PEPPER_ROOT;44015;11;44013;20;44011;21;44027;8;44029;12;44031;8;44021.0;0.0
31;17400;ASH_COATED_OSMIUM;9992;30;9989;13;;;10008;15;10009;5;;;10000.0;0.0
31;17400;INTARIAN_PEPPER_ROOT;44009;7;44008;12;;;44025;10;44026;11;;;44017.0;0.0
31;17500;ASH_COATED_OSMIUM;9996;12;;;;;10012;11;;;;;10004.0;0.0
31;17500;INTARIAN_PEPPER_ROOT;44012;25;44011;11;;;44026;22;44027;11;;;44019.5;0.0
31;17600;ASH_COATED_OSMIUM;9996;2;9995;29;;;10012;15;10014;30;;;10004.0;0.0
31;17600;INTARIAN_PEPPER_ROOT;44012;12;44011;10;;;44024;9;44027;9;;;44018.5;0.0
31;17700;ASH_COATED_OSMIUM;9991;15;9989;10;;;10007;24;10008;15;;;9999.5;0.0
31;17700;INTARIAN_PEPPER_ROOT;44013;12;44010;12;;;44028;11;44030;8;;;44020.5;0.0
31;17800;ASH_COATED_OSMIUM;9988;12;;;;;10004;13;;;;;9996.5;0.0
31;17800;INTARIAN_PEPPER_ROOT;44011;12;44010;12;;;44025;10;44027;12;;;44018.5;0.0
31;17900;ASH_COATED_OSMIUM;9988;11;;;;;10004;10;;;;;9996.0;0.0
31;17900;INTARIAN_PEPPER_ROOT;44011;10;44009;9;;;44023;11;44026;9;;;44017.0;0.0
31;18000;ASH_COATED_OSMIUM;9983;15;;;;;9999;14;;;;;9991.0;0.0
31;18000;INTARIAN_PEPPER_ROOT;44014;8;;;;;44025;11;;;;;44020.0;0.0
31;18100;ASH_COATED_OSMIUM;9983;12;9981;13;;;10002;30;10004;13;;;9992.5;0.0
31;18100;INTARIAN_PEPPER_ROOT;44016;9;44013;9;;;44027;8;44029;8;;;44022.0;0.0
31;18200;ASH_COATED_OSMIUM;9982;12;9979;29;9977;12;9998;12;10001;4;10002;11;9990.5;0.0
31;18200;INTARIAN_PEPPER_ROOT;44006;8;44004;10;;;44022;11;44024;10;;;44014.0;0.0
31;18300;ASH_COATED_OSMIUM;9986;13;9984;13;;;10005;10;10006;13;;;9996.0;0.0
31;18300;INTARIAN_PEPPER_ROOT;44011;12;44009;25;;;44025;24;44028;12;;;44018.5;0.0
31;18400;ASH_COATED_OSMIUM;9985;14;9982;12;9979;13;9996;24;9998;12;10000;13;9990.5;0.0
31;18400;INTARIAN_PEPPER_ROOT;44013;8;44011;9;;;44030;12;44033;11;;;44021.5;0.0
31;18500;ASH_COATED_OSMIUM;9985;10;9984;12;9982;15;10001;12;10003;10;10005;11;9993.0;0.0
31;18500;INTARIAN_PEPPER_ROOT;44009;11;44006;12;44005;8;44020;9;44023;10;44025;11;44015.0;0.0
31;18600;ASH_COATED_OSMIUM;9983;11;9980;14;;;9999;10;10001;12;;;9991.5;0.0
31;18600;INTARIAN_PEPPER_ROOT;44010;16;44009;8;44008;10;44027;9;44028;8;44031;10;44019.0;0.0
31;18700;ASH_COATED_OSMIUM;9988;11;9985;8;;;10006;22;10008;11;;;9997.0;0.0
31;18700;INTARIAN_PEPPER_ROOT;44009;11;44008;21;;;44026;11;44029;11;;;44017.5;0.0
31;18800;ASH_COATED_OSMIUM;9996;13;9995;10;9992;15;10012;10;10013;15;10014;11;10004.5;0.0
31;18800;INTARIAN_PEPPER_ROOT;44008;8;44005;11;44002;9;44021;8;44023;8;44025;11;44015.0;0.0
31;18900;ASH_COATED_OSMIUM;9985;10;;;;;10001;10;;;;;9993.0;0.0
31;18900;INTARIAN_PEPPER_ROOT;44017;9;;;;;44029;9;;;;;44023.5;0.0
31;19000;ASH_COATED_OSMIUM;9989;13;9986;12;;;10005;10;10006;11;;;9997.5;0.0
31;19000;INTARIAN_PEPPER_ROOT;44009;10;;;;;44023;9;;;;;44016.0;0.0
31;19100;ASH_COATED_OSMIUM;9988;27;;;;;10006;22;;;;;9997.0;0.0
31;19100;INTARIAN_PEPPER_ROOT;44011;8;;;;;44024;9;;;;;44018.0;0.0
31;19200;ASH_COATED_OSMIUM;9989;13;9986;15;;;10005;25;10007;11;;;9997.0;0.0
31;19200;INTARIAN_PEPPER_ROOT;44011;12;44009;10;;;44023;9;44024;11;;;44017.0;0.0
31;19300;ASH_COATED_OSMIUM;9982;25;9981;11;9978;11;9998;11;9999;11;10001;15;9990.0;0.0
31;19300;INTARIAN_PEPPER_ROOT;44017;9;;;;;44029;10;;;;;44023.5;0.0
31;19400;ASH_COATED_OSMIUM;9986;23;;;;;10002;14;;;;;9994.0;0.0
31;19400;INTARIAN_PEPPER_ROOT;44012;11;;;;;44028;12;;;;;44020.5;0.0
31;19500;ASH_COATED_OSMIUM;9986;11;9985;14;9982;14;10002;11;10005;14;10006;14;9994.0;0.0
31;19500;INTARIAN_PEPPER_ROOT;44010;9;;;;;44026;11;;;;;44018.0;0.0
31;19600;ASH_COATED_OSMIUM;9990;11;9987;10;9985;15;10002;14;10003;15;10005;11;9996.0;0.0
31;19600;INTARIAN_PEPPER_ROOT;44014;9;44011;11;;;44027;9;44029;12;;;44021.0;0.0
31;19700;ASH_COATED_OSMIUM;9989;12;9988;22;;;10008;13;10010;14;;;9999.0;0.0
31;19700;INTARIAN_PEPPER_ROOT;44017;9;;;;;44029;9;;;;;44023.5;0.0
31;19800;ASH_COATED_OSMIUM;9991;11;9990;15;9988;13;10007;5;10008;12;10011;14;9999.5;0.0
31;19800;INTARIAN_PEPPER_ROOT;44013;10;44010;12;;;44024;8;44025;23;;;44019.0;0.0
31;19900;ASH_COATED_OSMIUM;9991;4;9990;13;9989;13;10009;11;10012;24;10015;23;10000.0;0.0
31;19900;INTARIAN_PEPPER_ROOT;44016;9;44013;8;;;44029;10;44030;8;;;44023.0;0.0
31;20000;ASH_COATED_OSMIUM;9989;12;9988;12;;;10005;12;10008;14;;;9997.5;0.0
31;20000;INTARIAN_PEPPER_ROOT;44012;9;44010;8;;;44024;8;44026;11;;;44018.5;0.0
31;20100;ASH_COATED_OSMIUM;9991;11;9990;14;9988;15;10007;10;10009;10;10012;11;9999.5;0.0
31;20100;INTARIAN_PEPPER_ROOT;44017;4;;;;;44031;10;;;;;44024.5;0.0
31;20200;ASH_COATED_OSMIUM;9994;12;;;;;10012;12;;;;;10003.5;0.0
31;20200;INTARIAN_PEPPER_ROOT;44016;9;;;;;44027;19;;;;;44021.5;0.0
31;20300;ASH_COATED_OSMIUM;9996;29;9995;14;9994;14;10003;13;10006;13;10009;11;10000.0;0.0
31;20300;INTARIAN_PEPPER_ROOT;44011;23;;;;;44023;11;;;;;44017.0;0.0
31;20400;ASH_COATED_OSMIUM;9990;10;9989;12;9987;12;10009;14;10011;13;10014;10;10000.0;0.0
31;20400;INTARIAN_PEPPER_ROOT;44008;10;44005;8;44003;9;44024;9;44027;10;44030;8;44016.0;0.0
31;20500;ASH_COATED_OSMIUM;9995;12;9992;5;9990;11;10011;12;10012;14;10013;13;10003.0;0.0
31;20500;INTARIAN_PEPPER_ROOT;44014;9;44012;12;44009;10;44027;10;44030;15;44033;23;44020.5;0.0
31;20600;ASH_COATED_OSMIUM;9988;13;;;;;10006;20;;;;;9997.5;0.0
31;20600;INTARIAN_PEPPER_ROOT;44016;10;44013;11;;;44028;12;44029;8;;;44022.5;0.0
31;20700;ASH_COATED_OSMIUM;9986;11;9984;28;;;10004;15;10005;10;;;9995.0;0.0
31;20700;INTARIAN_PEPPER_ROOT;44010;11;44007;11;;;44024;8;44026;12;;;44017.5;0.0
31;20800;ASH_COATED_OSMIUM;9993;13;9991;11;;;10003;12;10005;12;;;9998.5;0.0
31;20800;INTARIAN_PEPPER_ROOT;44013;10;44011;8;;;44026;11;44027;8;;;44020.0;0.0
31;20900;ASH_COATED_OSMIUM;9992;10;9991;15;;;10010;14;10012;13;;;10001.5;0.0
31;20900;INTARIAN_PEPPER_ROOT;44018;17;;;;;44032;12;;;;;44025.5;0.0
31;21000;ASH_COATED_OSMIUM;10000;15;9997;14;;;10006;13;10008;12;;;10003.5;0.0
31;21000;INTARIAN_PEPPER_ROOT;44012;8;44010;12;;;44023;11;44024;12;;;44018.0;0.0
31;21100;ASH_COATED_OSMIUM;9995;11;;;;;10011;4;;;;;10003.5;0.0
31;21100;INTARIAN_PEPPER_ROOT;44015;11;44012;9;;;44029;19;44031;12;;;44022.0;0.0
31;21200;ASH_COATED_OSMIUM;9995;14;9993;4;9992;11;10011;15;10013;10;10015;13;10003.0;0.0
31;21200;INTARIAN_PEPPER_ROOT;44009;11;;;;;44021;9;;;;;44015.5;0.0
31;21300;ASH_COATED_OSMIUM;9984;11;;;;;10003;11;;;;;9994.0;0.0
31;21300;INTARIAN_PEPPER_ROOT;44017;8;;;;;44028;12;;;;;44023.0;0.0
31;21400;ASH_COATED_OSMIUM;9988;13;;;;;10004;14;;;;;9996.5;0.0
31;21400;INTARIAN_PEPPER_ROOT;44015;10;44013;11;;;44029;12;44031;10;;;44022.0;0.0
31;21500;ASH_COATED_OSMIUM;9982;13;9981;11;;;9995;11;9996;14;;;9989.0;0.0
31;21500;INTARIAN_PEPPER_ROOT;44017;8;44016;10;;;44031;9;44033;6;;;44024.5;0.0
31;21600;ASH_COATED_OSMIUM;9981;11;9980;27;;;9997;12;10000;12;;;9989.0;0.0
31;21600;INTARIAN_PEPPER_ROOT;44014;9;44011;11;;;44028;11;44031;8;;;44021.5;0.0
31;21700;ASH_COATED_OSMIUM;9980;10;;;;;9996;10;;;;;9988.5;0.0
31;21700;INTARIAN_PEPPER_ROOT;44014;8;44011;21;44010;23;44027;11;44030;12;44032;11;44021.0;0.0
31;21800;ASH_COATED_OSMIUM;9980;4;9977;13;;;9999;11;10001;12;;;9990.0;0.0
31;21800;INTARIAN_PEPPER_ROOT;44011;10;44010;9;44008;10;44027;11;44030;11;44032;9;44019.0;0.0
31;21900;ASH_COATED_OSMIUM;9987;11;;;;;10003;12;;;;;9995.0;0.0
31;21900;INTARIAN_PEPPER_ROOT;44015;10;44014;9;;;44028;10;44030;12;;;44021.5;0.0
31;22000;ASH_COATED_OSMIUM;9989;14;;;;;10005;5;;;;;9997.5;0.0
31;22000;INTARIAN_PEPPER_ROOT;44014;21;44011;11;44008;9;44031;10;44034;9;44037;11;44023.0;0.0
31;22100;ASH_COATED_OSMIUM;9995;21;9994;21;;;10011;14;10013;22;;;10003.5;0.0
31;22100;INTARIAN_PEPPER_ROOT;44015;12;;;;;44032;11;;;;;44024.0;0.0
31;22200;ASH_COATED_OSMIUM;9996;12;;;;;10012;10;;;;;10004.5;0.0
31;22200;INTARIAN_PEPPER_ROOT;44015;10;44013;19;44012;8;44026;8;44029;18;44031;11;44020.5;0.0
31;22300;ASH_COATED_OSMIUM;9998;11;9997;15;;;10017;21;10019;13;;;10008.0;0.0
31;22300;INTARIAN_PEPPER_ROOT;44013;11;44012;11;44010;10;44033;11;44034;10;44036;17;44023.5;0.0
31;22400;ASH_COATED_OSMIUM;9997;13;9996;13;9995;11;10013;23;10016;2;10018;13;10005.5;0.0
31;22400;INTARIAN_PEPPER_ROOT;44016;8;;;;;44029;12;;;;;44022.5;0.0
31;22500;ASH_COATED_OSMIUM;9992;12;9991;11;9990;10;10008;20;10011;11;10012;15;10000.0;0.0
31;22500;INTARIAN_PEPPER_ROOT;44015;12;44012;19;44009;11;44031;12;44034;11;44037;9;44023.5;0.0
31;22600;ASH_COATED_OSMIUM;9992;11;;;;;10008;11;;;;;10000.5;0.0
31;22600;INTARIAN_PEPPER_ROOT;44013;10;44010;8;;;44027;8;44028;12;;;44020.5;0.0
31;22700;ASH_COATED_OSMIUM;9992;10;;;;;10008;13;;;;;10000.5;0.0
31;22700;INTARIAN_PEPPER_ROOT;44017;19;44016;9;;;44030;16;44033;9;;;44024.0;0.0
31;22800;ASH_COATED_OSMIUM;9995;24;;;;;10011;21;;;;;10003.0;0.0
31;22800;INTARIAN_PEPPER_ROOT;44014;15;44012;8;;;44026;8;44028;8;;;44020.0;0.0
31;22900;ASH_COATED_OSMIUM;9999;15;9998;14;9995;3;10015;20;10018;10;10019;13;10007.5;0.0
31;22900;INTARIAN_PEPPER_ROOT;44015;10;44013;10;44012;11;44027;11;44029;12;44031;10;44021.5;0.0
31;23000;ASH_COATED_OSMIUM;9996;12;9994;29;9991;11;10015;11;10016;12;10017;22;10005.5;0.0
31;23000;INTARIAN_PEPPER_ROOT;44013;12;44012;8;44009;8;44025;23;44027;11;44028;10;44019.0;0.0
31;23100;ASH_COATED_OSMIUM;10000;15;;;;;10010;12;;;;;10005.0;0.0
31;23100;INTARIAN_PEPPER_ROOT;44015;12;44013;9;;;44032;8;44033;16;;;44023.5;0.0
31;23200;ASH_COATED_OSMIUM;9998;12;;;;;10019;11;;;;;10008.5;0.0
31;23200;INTARIAN_PEPPER_ROOT;44012;22;44010;10;44007;8;44027;9;44029;12;44032;11;44020.0;0.0
31;23300;ASH_COATED_OSMIUM;10000;24;9998;15;9995;14;10010;10;10011;13;10012;15;10005.0;0.0
31;23300;INTARIAN_PEPPER_ROOT;44016;10;44013;8;;;44029;9;44031;11;;;44022.5;0.0
31;23400;ASH_COATED_OSMIUM;9994;14;9992;14;;;10010;12;10011;10;;;10002.0;0.0
31;23400;INTARIAN_PEPPER_ROOT;44016;25;;;;;44029;12;;;;;44023.0;0.0
31;23500;ASH_COATED_OSMIUM;9994;10;9992;11;;;10010;10;10012;11;;;10002.5;0.0
31;23500;INTARIAN_PEPPER_ROOT;44020;10;44017;10;;;44030;9;44033;19;;;44025.0;0.0
31;23600;ASH_COATED_OSMIUM;9999;15;9996;22;9993;3;10010;14;10013;15;10014;14;10005.0;0.0
31;23600;INTARIAN_PEPPER_ROOT;44015;9;44014;17;;;44029;17;44030;11;;;44022.5;0.0
31;23700;ASH_COATED_OSMIUM;9989;10;;;;;10005;29;;;;;9997.5;0.0
31;23700;INTARIAN_PEPPER_ROOT;44018;12;44016;9;;;44032;17;44034;10;;;44025.0;0.0
31;23800;ASH_COATED_OSMIUM;9993;11;9990;23;9989;15;10012;14;10013;13;10016;14;10002.5;0.0
31;23800;INTARIAN_PEPPER_ROOT;44016;10;44015;17;;;44033;10;44034;11;;;44024.5;0.0
31;23900;ASH_COATED_OSMIUM;9990;10;;;;;10006;13;;;;;9998.0;0.0
31;23900;INTARIAN_PEPPER_ROOT;44014;17;44011;8;44008;10;44030;8;44032;10;44033;12;44022.0;0.0
31;24000;ASH_COATED_OSMIUM;9994;15;9993;23;9990;13;10012;15;10014;12;10016;12;10003.0;0.0
31;24000;INTARIAN_PEPPER_ROOT;44021;9;44020;10;44017;9;44033;5;44035;12;44036;10;44027.0;0.0
31;24100;ASH_COATED_OSMIUM;9986;12;9985;12;;;10002;14;10003;11;;;9994.5;0.0
31;24100;INTARIAN_PEPPER_ROOT;44018;25;;;;;44031;22;;;;;44025.0;0.0
31;24200;ASH_COATED_OSMIUM;9984;12;9983;12;9980;15;10000;11;10002;11;10004;15;9992.5;0.0
31;24200;INTARIAN_PEPPER_ROOT;44020;8;;;;;44033;12;;;;;44027.0;0.0
31;24300;ASH_COATED_OSMIUM;9991;21;9990;10;;;10007;11;10008;7;;;9999.0;0.0
31;24300;INTARIAN_PEPPER_ROOT;44015;10;44012;10;44010;10;44031;22;44033;12;44036;9;44023.5;0.0
31;24400;ASH_COATED_OSMIUM;9997;24;9995;10;9993;24;10013;13;10015;13;10018;14;10005.5;0.0
31;24400;INTARIAN_PEPPER_ROOT;44024;17;;;;;44026;6;;;;;44025.0;0.0
31;24500;ASH_COATED_OSMIUM;9995;12;9993;14;9990;22;10011;14;10013;12;10014;11;10003.5;0.0
31;24500;INTARIAN_PEPPER_ROOT;44017;10;44014;10;;;44028;11;44030;17;;;44023.0;0.0
31;24600;ASH_COATED_OSMIUM;9996;13;;;;;10012;10;;;;;10004.0;0.0
31;24600;INTARIAN_PEPPER_ROOT;44019;9;44018;8;;;44033;18;44036;11;;;44026.5;0.0
31;24700;ASH_COATED_OSMIUM;10002;10;9999;13;;;10021;14;10022;10;;;10011.5;0.0
31;24700;INTARIAN_PEPPER_ROOT;44022;23;;;;;44033;8;;;;;44028.0;0.0
31;24800;ASH_COATED_OSMIUM;10004;30;;;;;10020;14;;;;;10012.0;0.0
31;24800;INTARIAN_PEPPER_ROOT;44018;20;44016;8;;;44032;9;44034;10;;;44025.0;0.0
31;24900;ASH_COATED_OSMIUM;10000;13;9999;14;;;10019;15;10022;12;;;10010.0;0.0
31;24900;INTARIAN_PEPPER_ROOT;44023;12;44021;8;44020;9;44034;11;44036;23;44038;21;44029.0;0.0
31;25000;ASH_COATED_OSMIUM;9999;10;9996;13;9995;11;10015;27;10018;23;10019;10;10007.0;0.0
31;25000;INTARIAN_PEPPER_ROOT;44018;11;44017;9;44014;24;44030;22;44031;8;44034;12;44024.0;0.0
31;25100;ASH_COATED_OSMIUM;9991;10;;;;;10012;12;;;;;10001.5;0.0
31;25100;INTARIAN_PEPPER_ROOT;44024;11;;;;;44026;16;;;;;44025.0;0.0
31;25200;ASH_COATED_OSMIUM;9993;12;;;;;10008;15;;;;;10000.5;0.0
31;25200;INTARIAN_PEPPER_ROOT;44021;9;;;;;44033;10;;;;;44027.5;0.0
31;25300;ASH_COATED_OSMIUM;9989;14;;;;;10005;23;;;;;9997.0;0.0
31;25300;INTARIAN_PEPPER_ROOT;44015;8;;;;;44029;9;;;;;44022.5;0.0
31;25400;ASH_COATED_OSMIUM;9994;13;;;;;10004;12;;;;;9999.0;0.0
31;25400;INTARIAN_PEPPER_ROOT;44016;23;44013;11;;;44027;16;44029;10;;;44021.5;0.0
31;25500;ASH_COATED_OSMIUM;9992;14;9989;10;9988;10;10008;11;10010;22;10013;13;10000.5;0.0
31;25500;INTARIAN_PEPPER_ROOT;44024;9;44021;25;;;44035;11;44037;17;;;44029.5;0.0
31;25600;ASH_COATED_OSMIUM;9988;15;9987;20;9984;24;10004;21;10006;13;10008;10;9996.5;0.0
31;25600;INTARIAN_PEPPER_ROOT;44020;8;44018;10;;;44032;11;44033;12;;;44026.5;0.0
31;25700;ASH_COATED_OSMIUM;9984;13;;;;;10000;15;;;;;9992.5;0.0
31;25700;INTARIAN_PEPPER_ROOT;44018;8;44016;11;44014;10;44030;10;44033;23;44035;8;44024.0;0.0
31;25800;ASH_COATED_OSMIUM;9985;15;;;;;10001;13;;;;;9993.5;0.0
31;25800;INTARIAN_PEPPER_ROOT;44021;8;44019;10;44018;11;44035;17;44038;10;44039;24;44028.0;0.0
31;25900;ASH_COATED_OSMIUM;9992;10;9990;14;;;10008;12;10009;14;;;10000.0;0.0
31;25900;INTARIAN_PEPPER_ROOT;44019;9;44016;6;;;44030;10;44031;10;;;44025.0;0.0
31;26000;ASH_COATED_OSMIUM;9985;21;9984;14;9983;11;10003;11;10006;14;10009;13;9994.5;0.0
31;26000;INTARIAN_PEPPER_ROOT;44018;8;;;;;44032;8;;;;;44025.0;0.0
31;26100;ASH_COATED_OSMIUM;9979;15;9976;11;;;9995;14;9996;15;;;9987.5;0.0
31;26100;INTARIAN_PEPPER_ROOT;44017;15;44016;10;;;44029;8;44032;10;;;44023.5;0.0
31;26200;ASH_COATED_OSMIUM;9982;14;;;;;9998;10;;;;;9990.5;0.0
31;26200;INTARIAN_PEPPER_ROOT;44018;25;;;;;44032;16;;;;;44025.5;0.0
31;26300;ASH_COATED_OSMIUM;9986;15;;;;;10004;15;;;;;9995.0;0.0
31;26300;INTARIAN_PEPPER_ROOT;44021;8;44018;10;44016;8;44033;9;44035;8;44038;10;44027.5;0.0
31;26400;ASH_COATED_OSMIUM;9986;4;9984;13;;;10004;11;10005;14;;;9995.0;0.0
31;26400;INTARIAN_PEPPER_ROOT;44019;9;;;;;44031;11;;;;;44025.5;0.0
31;26500;ASH_COATED_OSMIUM;9991;11;9989;12;9986;12;10007;30;10008;27;10009;11;9999.0;0.0
31;26500;INTARIAN_PEPPER_ROOT;44017;9;44016;12;;;44028;9;44031;18;;;44022.5;0.0
31;26600;ASH_COATED_OSMIUM;9988;11;;;;;10004;15;;;;;9996.5;0.0
31;26600;INTARIAN_PEPPER_ROOT;44024;10;44021;9;44018;11;44038;8;44040;8;44042;9;44031.0;0.0
31;26700;ASH_COATED_OSMIUM;9989;11;9987;12;;;10005;23;10007;15;;;9997.0;0.0
31;26700;INTARIAN_PEPPER_ROOT;44017;11;44015;9;;;44030;8;44031;9;;;44024.0;0.0
31;26800;ASH_COATED_OSMIUM;9985;10;9984;10;9982;12;10001;10;10002;12;10004;22;9993.5;0.0
31;26800;INTARIAN_PEPPER_ROOT;44020;9;44018;8;;;44032;10;44033;8;;;44026.0;0.0
31;26900;ASH_COATED_OSMIUM;9988;14;9986;14;;;10004;12;10007;11;;;9996.0;0.0
31;26900;INTARIAN_PEPPER_ROOT;44022;11;44021;8;;;44035;24;44037;19;;;44028.5;0.0
31;27000;ASH_COATED_OSMIUM;9982;29;9980;26;9979;20;10001;26;10004;10;10005;13;9992.0;0.0
31;27000;INTARIAN_PEPPER_ROOT;44022;15;44021;9;;;44033;11;44036;8;;;44027.5;0.0
31;27100;ASH_COATED_OSMIUM;9986;15;9984;12;;;10002;12;10005;13;;;9994.0;0.0
31;27100;INTARIAN_PEPPER_ROOT;44021;9;44019;12;44017;12;44033;5;44035;9;44037;12;44027.5;0.0
31;27200;ASH_COATED_OSMIUM;9985;10;;;;;10004;24;;;;;9995.0;0.0
31;27200;INTARIAN_PEPPER_ROOT;44019;16;;;;;44033;10;;;;;44026.5;0.0
31;27300;ASH_COATED_OSMIUM;9983;10;9981;30;;;9999;13;10001;26;;;9991.5;0.0
31;27300;INTARIAN_PEPPER_ROOT;44019;10;44018;9;;;44032;8;44033;21;;;44026.0;0.0
31;27400;ASH_COATED_OSMIUM;9979;14;9978;12;9975;15;9995;10;9996;23;9997;15;9987.5;0.0
31;27400;INTARIAN_PEPPER_ROOT;44018;10;44016;12;;;44033;9;44034;9;;;44025.5;0.0
31;27500;ASH_COATED_OSMIUM;9980;25;9979;14;9977;10;9998;11;9999;21;10002;15;9989.0;0.0
31;27500;INTARIAN_PEPPER_ROOT;44018;11;44016;8;;;44035;11;44036;10;;;44027.0;0.0
31;27600;ASH_COATED_OSMIUM;9982;10;9980;12;;;10003;22;10005;13;;;9992.5;0.0
31;27600;INTARIAN_PEPPER_ROOT;44016;12;;;;;44032;12;;;;;44024.5;0.0
31;27700;ASH_COATED_OSMIUM;9986;11;9983;13;;;10002;10;10005;24;;;9994.0;0.0
31;27700;INTARIAN_PEPPER_ROOT;44021;9;44018;16;44015;9;44033;19;44036;8;44038;12;44027.5;0.0
31;27800;ASH_COATED_OSMIUM;9989;15;9988;14;9987;13;9999;3;10000;10;10001;13;9994.5;0.0
31;27800;INTARIAN_PEPPER_ROOT;44022;9;44019;10;;;44035;20;44038;23;;;44028.5;0.0
31;27900;ASH_COATED_OSMIUM;9981;28;9978;5;;;9999;12;10002;14;;;9990.5;0.0
31;27900;INTARIAN_PEPPER_ROOT;44020;16;44017;19;44014;11;44032;4;44035;24;44037;9;44026.0;0.0
31;28000;ASH_COATED_OSMIUM;9984;12;9982;13;;;9994;10;9996;20;;;9989.5;0.0
31;28000;INTARIAN_PEPPER_ROOT;44021;12;;;;;44033;12;;;;;44027.5;0.0
31;28100;ASH_COATED_OSMIUM;9983;24;9981;10;;;9999;11;10001;14;;;9991.0;0.0
31;28100;INTARIAN_PEPPER_ROOT;44022;9;;;;;44031;12;;;;;44026.5;0.0
31;28200;ASH_COATED_OSMIUM;9985;14;9984;10;9983;30;10001;14;10002;11;10004;10;9993.0;0.0
31;28200;INTARIAN_PEPPER_ROOT;44024;9;44023;10;44021;21;44035;10;44036;8;44037;8;44029.5;0.0
31;28300;ASH_COATED_OSMIUM;9984;10;9983;11;;;10002;11;10005;23;;;9993.0;0.0
31;28300;INTARIAN_PEPPER_ROOT;44022;8;;;;;44034;12;;;;;44028.5;0.0
31;28400;ASH_COATED_OSMIUM;9987;14;9985;25;;;9999;15;10001;25;;;9993.0;0.0
31;28400;INTARIAN_PEPPER_ROOT;44021;11;44018;11;;;44035;18;44036;17;;;44028.5;0.0
31;28500;ASH_COATED_OSMIUM;9983;15;9980;12;;;9993;15;9994;11;;;9988.5;0.0
31;28500;INTARIAN_PEPPER_ROOT;44023;16;44022;10;44019;19;44034;10;44037;15;44040;22;44028.5;0.0
31;28600;ASH_COATED_OSMIUM;9979;22;9978;15;9976;13;9995;10;9997;26;9999;13;9987.5;0.0
31;28600;INTARIAN_PEPPER_ROOT;44018;25;44016;6;44015;10;44030;8;44032;15;44033;18;44024.5;0.0
31;28700;ASH_COATED_OSMIUM;9987;13;9985;13;9983;14;9998;25;10000;12;10003;13;9993.0;0.0
31;28700;INTARIAN_PEPPER_ROOT;44023;19;44022;25;;;44036;9;44038;10;;;44029.5;0.0
31;28800;ASH_COATED_OSMIUM;9986;13;9983;11;9980;21;10002;24;10004;15;10007;11;9994.5;0.0
31;28800;INTARIAN_PEPPER_ROOT;44018;12;44015;8;;;44038;11;44040;9;;;44028.5;0.0
31;28900;ASH_COATED_OSMIUM;9988;11;;;;;10006;5;;;;;9997.0;0.0
31;28900;INTARIAN_PEPPER_ROOT;44022;10;;;;;44034;8;;;;;44028.0;0.0
31;29000;ASH_COATED_OSMIUM;9987;14;9984;20;;;10003;22;10004;10;;;9995.5;0.0
31;29000;INTARIAN_PEPPER_ROOT;44022;12;44019;12;;;44033;23;44034;11;;;44028.0;0.0
31;29100;ASH_COATED_OSMIUM;9992;15;9991;28;9990;14;10008;20;10011;15;10013;22;10000.0;0.0
31;29100;INTARIAN_PEPPER_ROOT;44026;11;;;;;44036;11;;;;;44031.0;0.0
31;29200;ASH_COATED_OSMIUM;9990;14;;;;;10006;11;;;;;9998.5;0.0
31;29200;INTARIAN_PEPPER_ROOT;44024;9;44022;12;44019;25;44038;11;44039;18;44040;8;44031.5;0.0
31;29300;ASH_COATED_OSMIUM;9994;13;9992;12;9990;11;10012;12;10013;4;10014;15;10003.0;0.0
31;29300;INTARIAN_PEPPER_ROOT;44026;11;44024;22;44021;11;44037;11;44038;6;44040;12;44031.5;0.0
31;29400;ASH_COATED_OSMIUM;9999;10;9996;13;;;10009;11;10010;12;;;10004.0;0.0
31;29400;INTARIAN_PEPPER_ROOT;44021;11;44018;11;;;44034;11;44036;10;;;44028.0;0.0
31;29500;ASH_COATED_OSMIUM;9995;15;;;;;10011;14;;;;;10003.5;0.0
31;29500;INTARIAN_PEPPER_ROOT;44019;9;;;;;44031;9;;;;;44025.0;0.0
31;29600;ASH_COATED_OSMIUM;10001;15;10000;10;;;10019;14;10020;10;;;10010.5;0.0
31;29600;INTARIAN_PEPPER_ROOT;44028;12;44025;10;44022;8;44041;8;44044;22;44046;10;44034.5;0.0
31;29700;ASH_COATED_OSMIUM;10002;14;10001;11;9999;10;10011;10;10013;25;10015;15;10006.5;0.0
31;29700;INTARIAN_PEPPER_ROOT;44023;9;44020;12;;;44035;8;44038;12;;;44029.5;0.0
31;29800;ASH_COATED_OSMIUM;9994;22;9993;11;;;10013;12;10016;28;;;10004.0;0.0
31;29800;INTARIAN_PEPPER_ROOT;44023;12;44022;11;;;44037;9;44040;8;;;44030.0;0.0
31;29900;ASH_COATED_OSMIUM;9993;10;9990;11;9987;12;10009;12;10012;14;10015;15;10001.5;0.0
31;29900;INTARIAN_PEPPER_ROOT;44023;5;44022;9;;;44035;8;44036;10;;;44029.0;0.0
31;30000;ASH_COATED_OSMIUM;9993;11;;;;;10009;15;;;;;10001.5;0.0
31;30000;INTARIAN_PEPPER_ROOT;44024;10;;;;;44039;12;;;;;44031.5;0.0
31;30100;ASH_COATED_OSMIUM;9994;30;9993;12;9992;14;10012;12;10013;13;10016;11;10003.0;0.0
31;30100;INTARIAN_PEPPER_ROOT;44022;12;44021;19;;;44034;9;44037;9;;;44028.5;0.0
31;30200;ASH_COATED_OSMIUM;9999;12;9998;11;;;10009;15;10012;15;;;10004.0;0.0
31;30200;INTARIAN_PEPPER_ROOT;44025;9;44024;10;44023;11;44037;10;44040;9;44041;11;44031.5;0.0
31;30300;ASH_COATED_OSMIUM;9986;12;9984;28;9981;12;10007;13;10010;29;10011;13;9996.5;0.0
31;30300;INTARIAN_PEPPER_ROOT;44028;8;44025;20;;;44040;10;44042;10;;;44034.5;0.0
31;30400;ASH_COATED_OSMIUM;9990;2;9987;2;9985;13;10006;14;10009;11;10012;14;9998.5;0.0
31;30400;INTARIAN_PEPPER_ROOT;44020;12;44019;9;44016;23;44034;11;44035;8;44038;11;44027.5;0.0
31;30500;ASH_COATED_OSMIUM;9990;11;;;;;10009;11;;;;;9999.5;0.0
31;30500;INTARIAN_PEPPER_ROOT;44024;15;44022;9;;;44035;8;44037;12;;;44030.0;0.0
31;30600;ASH_COATED_OSMIUM;9986;13;;;;;10005;13;;;;;9995.5;0.0
31;30600;INTARIAN_PEPPER_ROOT;44030;25;44029;9;;;44041;11;44042;25;;;44035.5;0.0
31;30700;ASH_COATED_OSMIUM;9993;10;9991;12;9988;15;10009;29;10011;11;10014;11;10001.0;0.0
31;30700;INTARIAN_PEPPER_ROOT;44023;8;;;;;44037;10;;;;;44030.5;0.0
31;30800;ASH_COATED_OSMIUM;9988;10;9986;11;;;10004;14;10007;11;;;9996.0;0.0
31;30800;INTARIAN_PEPPER_ROOT;44023;15;44020;11;44018;8;44040;22;44042;6;44044;12;44032.0;0.0
31;30900;ASH_COATED_OSMIUM;9991;10;;;;;10007;15;;;;;9999.5;0.0
31;30900;INTARIAN_PEPPER_ROOT;44027;19;44024;24;44023;8;44040;12;44042;8;44044;8;44033.5;0.0
31;31000;ASH_COATED_OSMIUM;9995;26;9993;11;9992;10;10011;15;10014;14;10016;14;10003.5;0.0
31;31000;INTARIAN_PEPPER_ROOT;44027;10;44026;8;44025;8;44038;11;44041;16;44044;10;44032.5;0.0
31;31100;ASH_COATED_OSMIUM;9994;14;9992;4;9991;11;10010;13;10013;13;10015;11;10002.0;0.0
31;31100;INTARIAN_PEPPER_ROOT;44023;10;44022;9;;;44034;8;44035;10;;;44028.5;0.0
31;31200;ASH_COATED_OSMIUM;9992;13;9991;15;;;10008;12;10010;14;;;10000.5;0.0
31;31200;INTARIAN_PEPPER_ROOT;44029;10;44028;11;44027;12;44041;11;44043;9;44045;21;44035.0;0.0
31;31300;ASH_COATED_OSMIUM;9990;10;9988;12;;;10006;14;10009;14;;;9998.5;0.0
31;31300;INTARIAN_PEPPER_ROOT;44023;20;;;;;44035;12;;;;;44029.5;0.0
31;31400;ASH_COATED_OSMIUM;9986;10;9983;11;;;10004;20;10007;12;;;9995.0;0.0
31;31400;INTARIAN_PEPPER_ROOT;44031;10;44029;9;;;44039;8;44041;12;;;44035.0;0.0
31;31500;ASH_COATED_OSMIUM;9994;29;9992;15;;;10001;14;10003;14;;;9997.5;0.0
31;31500;INTARIAN_PEPPER_ROOT;44026;10;;;;;44039;20;;;;;44032.5;0.0
31;31600;ASH_COATED_OSMIUM;9985;13;9984;12;;;10001;10;10004;9;;;9993.0;0.0
31;31600;INTARIAN_PEPPER_ROOT;44024;9;44021;21;44020;9;44035;8;44036;9;44037;9;44029.5;0.0
31;31700;ASH_COATED_OSMIUM;9984;25;9983;24;;;10000;14;10001;12;;;9992.0;0.0
31;31700;INTARIAN_PEPPER_ROOT;44023;17;44022;11;44019;11;44037;10;44038;9;44040;12;44030.5;0.0
31;31800;ASH_COATED_OSMIUM;9983;10;9981;12;9980;29;9999;14;10002;15;10005;11;9991.0;0.0
31;31800;INTARIAN_PEPPER_ROOT;44023;8;44021;12;;;44037;11;44040;9;;;44030.5;0.0
31;31900;ASH_COATED_OSMIUM;9986;11;9984;13;9981;11;10002;12;10003;11;10004;15;9994.0;0.0
31;31900;INTARIAN_PEPPER_ROOT;44025;8;44022;9;44020;8;44037;8;44038;8;44040;9;44031.0;0.0
31;32000;ASH_COATED_OSMIUM;9986;14;;;;;10005;11;;;;;9995.5;0.0
31;32000;INTARIAN_PEPPER_ROOT;44026;18;;;;;44041;12;;;;;44033.5;0.0
31;32100;ASH_COATED_OSMIUM;9993;14;9991;10;;;10009;12;10010;15;;;10001.5;0.0
31;32100;INTARIAN_PEPPER_ROOT;44026;11;;;;;44040;9;;;;;44033.0;0.0
31;32200;ASH_COATED_OSMIUM;9993;15;9991;12;9990;13;10009;13;10012;12;10015;14;10001.0;0.0
31;32200;INTARIAN_PEPPER_ROOT;44031;9;44029;9;;;44043;10;44044;10;;;44037.0;0.0
31;32300;ASH_COATED_OSMIUM;9986;14;9984;11;9982;12;10002;15;10005;12;10008;14;9994.5;0.0
31;32300;INTARIAN_PEPPER_ROOT;44024;10;44023;12;;;44037;22;44038;8;;;44031.0;0.0
31;32400;ASH_COATED_OSMIUM;9980;10;9979;26;;;9996;14;9997;10;;;9988.5;0.0
31;32400;INTARIAN_PEPPER_ROOT;44025;8;44023;12;44020;11;44039;9;44040;8;44043;17;44032.5;0.0
31;32500;ASH_COATED_OSMIUM;9973;22;9971;29;;;9991;12;9993;26;;;9982.0;0.0
31;32500;INTARIAN_PEPPER_ROOT;44028;9;44027;24;;;44039;15;44040;11;;;44034.0;0.0
31;32600;ASH_COATED_OSMIUM;9973;12;9970;12;;;9991;10;9993;11;;;9982.0;0.0
31;32600;INTARIAN_PEPPER_ROOT;44028;11;44026;8;;;44041;9;44044;12;;;44034.5;0.0
31;32700;ASH_COATED_OSMIUM;9977;4;;;;;9993;13;;;;;9985.0;0.0
31;32700;INTARIAN_PEPPER_ROOT;44028;10;44026;12;;;44036;9;44037;9;;;44032.5;0.0
31;32800;ASH_COATED_OSMIUM;9978;12;;;;;9994;12;;;;;9986.0;0.0
31;32800;INTARIAN_PEPPER_ROOT;44027;8;44026;16;;;44040;10;44041;4;;;44033.5;0.0
31;32900;ASH_COATED_OSMIUM;9983;11;;;;;9999;14;;;;;9991.5;0.0
31;32900;INTARIAN_PEPPER_ROOT;44024;12;44023;10;44021;11;44039;8;44040;12;44043;10;44032.0;0.0
31;33000;ASH_COATED_OSMIUM;9984;14;9983;15;9980;15;10000;15;10003;15;10006;12;9992.0;0.0
31;33000;INTARIAN_PEPPER_ROOT;44028;8;;;;;44042;10;;;;;44035.0;0.0
31;33100;ASH_COATED_OSMIUM;9991;12;9988;11;9985;10;9997;12;9999;11;10001;11;9994.0;0.0
31;33100;INTARIAN_PEPPER_ROOT;44029;8;44027;10;;;44035;12;44038;11;;;44032.5;0.0
31;33200;ASH_COATED_OSMIUM;9996;10;;;;;10012;25;;;;;10004.5;0.0
31;33200;INTARIAN_PEPPER_ROOT;44028;11;;;;;44041;24;;;;;44035.0;0.0
31;33300;ASH_COATED_OSMIUM;9994;11;9993;15;;;10010;7;10012;14;;;10002.0;0.0
31;33300;INTARIAN_PEPPER_ROOT;44027;10;44024;12;44021;9;44039;12;44040;16;44042;12;44033.5;0.0
31;33400;ASH_COATED_OSMIUM;9994;11;;;;;10004;24;;;;;9999.0;0.0
31;33400;INTARIAN_PEPPER_ROOT;44026;9;44025;20;44023;9;44039;9;44041;10;44042;12;44032.5;0.0
31;33500;ASH_COATED_OSMIUM;9989;11;;;;;10007;10;;;;;9998.0;0.0
31;33500;INTARIAN_PEPPER_ROOT;44031;10;44029;10;;;44043;10;44046;10;;;44037.0;0.0
31;33600;ASH_COATED_OSMIUM;9990;14;;;;;10006;11;;;;;9998.5;0.0
31;33600;INTARIAN_PEPPER_ROOT;44031;8;44029;9;44026;10;44045;10;44048;3;44050;8;44038.0;0.0
31;33700;ASH_COATED_OSMIUM;9987;12;9985;22;;;10005;11;10008;12;;;9996.5;0.0
31;33700;INTARIAN_PEPPER_ROOT;44032;11;44030;11;;;44043;10;44044;10;;;44037.5;0.0
31;33800;ASH_COATED_OSMIUM;9989;11;9988;11;9987;13;10005;15;10007;12;10008;11;9997.5;0.0
31;33800;INTARIAN_PEPPER_ROOT;44026;11;44023;11;;;44037;11;44039;12;;;44032.0;0.0
31;33900;ASH_COATED_OSMIUM;9990;13;9988;13;;;10008;22;10010;13;;;9999.5;0.0
31;33900;INTARIAN_PEPPER_ROOT;44029;10;44026;8;;;44043;9;44044;9;;;44036.0;0.0
31;34000;ASH_COATED_OSMIUM;9990;10;9987;11;9985;10;10009;15;10012;22;10015;24;9999.5;0.0
31;34000;INTARIAN_PEPPER_ROOT;44026;9;44025;9;;;44042;8;44045;8;;;44034.5;0.0
31;34100;ASH_COATED_OSMIUM;9991;12;9990;27;9987;13;10007;5;10009;15;10012;14;9999.5;0.0
31;34100;INTARIAN_PEPPER_ROOT;44027;10;44025;9;;;44039;8;44041;9;;;44033.0;0.0
31;34200;ASH_COATED_OSMIUM;9995;10;9993;21;;;10005;12;10008;15;;;10000.0;0.0
31;34200;INTARIAN_PEPPER_ROOT;44030;22;44027;11;;;44044;10;44046;11;;;44037.5;0.0
31;34300;ASH_COATED_OSMIUM;9996;10;9995;10;;;10012;20;10013;13;;;10004.5;0.0
31;34300;INTARIAN_PEPPER_ROOT;44028;20;44025;11;;;44040;12;44043;12;;;44034.0;0.0
31;34400;ASH_COATED_OSMIUM;10001;10;;;;;10012;13;;;;;10006.5;0.0
31;34400;INTARIAN_PEPPER_ROOT;44026;8;;;;;44039;10;;;;;44032.5;0.0
31;34500;ASH_COATED_OSMIUM;9997;13;9996;10;9995;13;10013;15;10015;12;10016;15;10005.0;0.0
31;34500;INTARIAN_PEPPER_ROOT;44029;12;44027;17;44024;18;44046;21;44049;17;44051;9;44037.5;0.0
31;34600;ASH_COATED_OSMIUM;9995;21;9992;10;;;10011;15;10012;15;;;10003.5;0.0
31;34600;INTARIAN_PEPPER_ROOT;44031;8;44030;9;44028;11;44040;9;44041;22;44044;9;44036.0;0.0
31;34700;ASH_COATED_OSMIUM;9991;14;9989;15;9986;25;10010;24;10013;10;10014;11;10000.5;0.0
31;34700;INTARIAN_PEPPER_ROOT;44029;10;;;;;44038;12;;;;;44034.0;0.0
31;34800;ASH_COATED_OSMIUM;9989;12;9988;27;;;10005;4;10007;10;;;9997.5;0.0
31;34800;INTARIAN_PEPPER_ROOT;44023;10;44022;19;44019;12;44036;8;44037;25;44039;8;44030.0;0.0
31;34900;ASH_COATED_OSMIUM;9993;11;9991;14;;;10011;12;10014;12;;;10002.0;0.0
31;34900;INTARIAN_PEPPER_ROOT;44033;10;44030;10;44029;10;44046;21;44049;8;44052;10;44040.0;0.0
31;35000;ASH_COATED_OSMIUM;9992;14;9990;29;;;10001;13;10002;12;;;9996.5;0.0
31;35000;INTARIAN_PEPPER_ROOT;44027;12;;;;;44044;12;;;;;44036.0;0.0
31;35100;ASH_COATED_OSMIUM;9992;10;9991;10;;;10008;15;10011;11;;;10000.0;0.0
31;35100;INTARIAN_PEPPER_ROOT;44030;9;44028;11;44025;8;44044;8;44046;10;44048;8;44037.5;0.0
31;35200;ASH_COATED_OSMIUM;9997;30;9996;11;;;10013;14;10016;10;;;10005.0;0.0
31;35200;INTARIAN_PEPPER_ROOT;44031;10;44030;19;;;44046;9;44048;9;;;44038.5;0.0
31;35300;ASH_COATED_OSMIUM;9996;15;;;;;10014;11;;;;;10005.0;0.0
31;35300;INTARIAN_PEPPER_ROOT;44025;12;44023;10;44022;12;44042;11;44044;10;44047;8;44034.0;0.0
31;35400;ASH_COATED_OSMIUM;9996;12;;;;;10012;11;;;;;10004.5;0.0
31;35400;INTARIAN_PEPPER_ROOT;44026;18;44024;10;;;44042;12;44043;25;;;44034.0;0.0
31;35500;ASH_COATED_OSMIUM;9994;14;9993;14;;;10010;14;10013;11;;;10002.5;0.0
31;35500;INTARIAN_PEPPER_ROOT;44029;12;44027;11;44025;8;44041;18;44043;9;44045;12;44035.5;0.0
31;35600;ASH_COATED_OSMIUM;9989;11;9987;12;;;10008;28;10010;15;;;9998.5;0.0
31;35600;INTARIAN_PEPPER_ROOT;44030;11;44028;10;44025;12;44043;9;44046;11;44047;12;44037.0;0.0
31;35700;ASH_COATED_OSMIUM;9993;12;9990;12;;;10009;11;10011;13;;;10001.5;0.0
31;35700;INTARIAN_PEPPER_ROOT;44026;21;44025;9;;;44041;9;44043;15;;;44034.0;0.0
31;35800;ASH_COATED_OSMIUM;9998;13;;;;;10014;10;;;;;10006.0;0.0
31;35800;INTARIAN_PEPPER_ROOT;44029;8;;;;;44049;9;;;;;44039.5;0.0
31;35900;ASH_COATED_OSMIUM;9990;14;9989;10;9986;13;10006;26;10007;15;10010;14;9998.5;0.0
31;35900;INTARIAN_PEPPER_ROOT;44030;11;44029;15;44028;10;44046;9;44049;11;44052;11;44038.0;0.0
31;36000;ASH_COATED_OSMIUM;9998;22;9997;12;;;10014;14;10015;21;;;10006.5;0.0
31;36000;INTARIAN_PEPPER_ROOT;44027;12;;;;;44040;12;;;;;44033.5;0.0
31;36100;ASH_COATED_OSMIUM;9992;15;9989;15;9988;15;10011;10;10013;27;10015;13;10002.0;0.0
31;36100;INTARIAN_PEPPER_ROOT;44039;9;44038;9;44036;12;44041;7;44044;10;44047;12;44040.0;0.0
31;36200;ASH_COATED_OSMIUM;9990;15;9987;14;;;10011;26;10014;13;;;10001.0;0.0
31;36200;INTARIAN_PEPPER_ROOT;44030;12;;;;;44045;8;;;;;44037.5;0.0
31;36300;ASH_COATED_OSMIUM;9986;20;9983;13;;;10002;20;10005;28;;;9994.0;0.0
31;36300;INTARIAN_PEPPER_ROOT;44034;18;44031;10;;;44047;9;44049;21;;;44041.0;0.0
31;36400;ASH_COATED_OSMIUM;9986;12;9984;11;9983;29;10004;11;10005;15;10008;15;9995.0;0.0
31;36400;INTARIAN_PEPPER_ROOT;44036;10;44033;19;;;44039;12;44041;10;;;44037.5;0.0
31;36500;ASH_COATED_OSMIUM;9983;10;;;;;9999;13;;;;;9991.0;0.0
31;36500;INTARIAN_PEPPER_ROOT;44029;12;44028;9;;;44042;9;44043;18;;;44036.0;0.0
31;36600;ASH_COATED_OSMIUM;9984;11;;;;;10000;10;;;;;9992.0;0.0
31;36600;INTARIAN_PEPPER_ROOT;44029;11;;;;;44046;9;;;;;44037.5;0.0
31;36700;ASH_COATED_OSMIUM;9983;10;;;;;10001;10;;;;;9992.5;0.0
31;36700;INTARIAN_PEPPER_ROOT;44030;18;44028;15;;;44044;12;44047;11;;;44037.5;0.0
31;36800;ASH_COATED_OSMIUM;9987;10;9984;20;;;10003;8;10006;11;;;9995.5;0.0
31;36800;INTARIAN_PEPPER_ROOT;44030;10;44029;8;;;44042;11;44045;10;;;44036.0;0.0
31;36900;ASH_COATED_OSMIUM;9987;14;;;;;10008;14;;;;;9998.0;0.0
31;36900;INTARIAN_PEPPER_ROOT;44029;23;44028;10;44026;12;44041;5;44044;11;44047;11;44035.0;0.0
31;37000;ASH_COATED_OSMIUM;9991;13;;;;;10007;13;;;;;9999.0;0.0
31;37000;INTARIAN_PEPPER_ROOT;44034;12;;;;;44047;11;;;;;44040.5;0.0
31;37100;ASH_COATED_OSMIUM;9991;15;9988;15;9987;12;10007;10;10010;11;10011;12;9999.5;0.0
31;37100;INTARIAN_PEPPER_ROOT;44032;10;44030;10;44027;19;44045;9;44046;8;44049;10;44038.5;0.0
31;37200;ASH_COATED_OSMIUM;9987;14;9985;13;;;10003;14;10006;11;;;9995.0;0.0
31;37200;INTARIAN_PEPPER_ROOT;44032;10;44031;7;;;44044;8;44046;22;;;44038.0;0.0
31;37300;ASH_COATED_OSMIUM;9983;11;9980;11;;;10001;15;10002;4;;;9992.5;0.0
31;37300;INTARIAN_PEPPER_ROOT;44031;9;44029;9;44028;18;44045;9;44048;25;44050;12;44038.0;0.0
31;37400;ASH_COATED_OSMIUM;9986;11;9985;2;;;10002;11;10005;3;;;9994.0;0.0
31;37400;INTARIAN_PEPPER_ROOT;44031;9;44030;9;44027;8;44043;8;44045;7;44048;22;44037.0;0.0
31;37500;ASH_COATED_OSMIUM;9982;10;;;;;9998;27;;;;;9990.5;0.0
31;37500;INTARIAN_PEPPER_ROOT;44029;8;44026;9;;;44042;10;44045;9;;;44036.0;0.0
31;37600;ASH_COATED_OSMIUM;9979;10;;;;;9995;14;;;;;9987.0;0.0
31;37600;INTARIAN_PEPPER_ROOT;44032;12;44029;9;;;44046;10;44049;8;;;44039.5;0.0
31;37700;ASH_COATED_OSMIUM;9982;13;9981;13;;;9988;13;9990;15;;;9985.0;0.0
31;37700;INTARIAN_PEPPER_ROOT;44033;11;44031;12;;;44045;10;44047;12;;;44039.5;0.0
31;37800;ASH_COATED_OSMIUM;9980;30;9978;11;;;9996;14;9998;14;;;9988.0;0.0
31;37800;INTARIAN_PEPPER_ROOT;44034;8;44031;10;44030;9;44046;19;44047;7;44050;11;44040.5;0.0
31;37900;ASH_COATED_OSMIUM;9989;13;;;;;9999;25;;;;;9994.0;0.0
31;37900;INTARIAN_PEPPER_ROOT;44030;11;44027;11;44024;11;44046;11;44049;12;44050;11;44038.5;0.0
31;38000;ASH_COATED_OSMIUM;9990;15;9987;11;9986;13;9996;14;9997;13;9998;14;9993.5;0.0
31;38000;INTARIAN_PEPPER_ROOT;44031;9;44029;8;;;44046;9;44049;8;;;44039.0;0.0
31;38100;ASH_COATED_OSMIUM;9983;5;9980;14;9977;11;10002;11;10005;13;10008;13;9993.0;0.0
31;38100;INTARIAN_PEPPER_ROOT;44031;9;44030;9;;;44044;11;44047;9;;;44038.0;0.0
31;38200;ASH_COATED_OSMIUM;9992;6;9990;10;;;10010;12;10012;15;;;10001.0;0.0
31;38200;INTARIAN_PEPPER_ROOT;44034;12;44032;8;;;44045;9;44047;12;;;44040.0;0.0
31;38300;ASH_COATED_OSMIUM;9996;29;9995;13;;;10015;14;10016;15;;;10005.5;0.0
31;38300;INTARIAN_PEPPER_ROOT;44027;10;;;;;44043;11;;;;;44035.0;0.0
31;38400;ASH_COATED_OSMIUM;9991;12;9988;11;;;10007;11;10008;13;;;9999.0;0.0
31;38400;INTARIAN_PEPPER_ROOT;44034;12;44032;17;;;44046;12;44047;9;;;44040.0;0.0
31;38500;ASH_COATED_OSMIUM;9993;15;9991;13;;;10012;14;10015;10;;;10002.5;0.0
31;38500;INTARIAN_PEPPER_ROOT;44032;10;44030;8;;;44044;11;44046;11;;;44038.5;0.0
31;38600;ASH_COATED_OSMIUM;9993;11;9990;11;;;10012;12;10013;30;;;10002.5;0.0
31;38600;INTARIAN_PEPPER_ROOT;44034;8;44032;10;;;44045;15;44048;11;;;44039.5;0.0
31;38700;ASH_COATED_OSMIUM;9992;10;9989;13;;;10008;14;10011;14;;;10000.5;0.0
31;38700;INTARIAN_PEPPER_ROOT;44033;9;44032;12;44030;11;44052;12;44055;8;44056;10;44043.0;0.0
31;38800;ASH_COATED_OSMIUM;9991;15;9990;12;;;10010;15;10011;12;;;10001.0;0.0
31;38800;INTARIAN_PEPPER_ROOT;44027;10;;;;;44039;10;;;;;44033.0;0.0
31;38900;ASH_COATED_OSMIUM;9997;13;;;;;10008;13;;;;;10003.0;0.0
31;38900;INTARIAN_PEPPER_ROOT;44030;11;44029;8;;;44046;10;44049;12;;;44038.5;0.0
31;39000;ASH_COATED_OSMIUM;9996;15;9994;10;;;10012;13;10014;15;;;10004.0;0.0
31;39000;INTARIAN_PEPPER_ROOT;44034;10;44032;12;;;44047;12;44050;8;;;44040.5;0.0
31;39100;ASH_COATED_OSMIUM;9994;10;;;;;10010;25;;;;;10002.0;0.0
31;39100;INTARIAN_PEPPER_ROOT;44031;12;;;;;44046;11;;;;;44038.5;0.0
31;39200;ASH_COATED_OSMIUM;9998;10;9995;12;9992;5;10014;15;10016;14;10017;11;10006.5;0.0
31;39200;INTARIAN_PEPPER_ROOT;44035;9;44034;21;;;44048;10;44051;11;;;44041.5;0.0
31;39300;ASH_COATED_OSMIUM;9993;5;9992;10;9991;10;10011;15;10014;14;10016;12;10002.0;0.0
31;39300;INTARIAN_PEPPER_ROOT;44036;9;44035;9;;;44048;12;44049;12;;;44042.5;0.0
31;39400;ASH_COATED_OSMIUM;9995;11;9994;28;9993;12;10011;10;10014;21;10017;14;10003.5;0.0
31;39400;INTARIAN_PEPPER_ROOT;44035;10;44032;8;;;44049;8;44050;19;;;44042.0;0.0
31;39500;ASH_COATED_OSMIUM;9993;11;9991;13;9988;15;10009;10;10010;11;10012;11;10001.0;0.0
31;39500;INTARIAN_PEPPER_ROOT;44031;9;44028;11;;;44043;11;44045;15;;;44037.0;0.0
31;39600;ASH_COATED_OSMIUM;9988;11;9985;12;;;10007;12;10009;13;;;9998.0;0.0
31;39600;INTARIAN_PEPPER_ROOT;44032;10;;;;;44044;9;;;;;44038.0;0.0
31;39700;ASH_COATED_OSMIUM;9988;11;9985;11;;;10004;14;10007;21;;;9996.5;0.0
31;39700;INTARIAN_PEPPER_ROOT;44039;12;;;;;44043;12;;;;;44041.0;0.0
31;39800;ASH_COATED_OSMIUM;9990;12;;;;;10006;29;;;;;9998.5;0.0
31;39800;INTARIAN_PEPPER_ROOT;44035;9;44032;12;;;44046;10;44048;9;;;44040.5;0.0
31;39900;ASH_COATED_OSMIUM;9990;13;9987;15;;;10009;10;10012;11;;;9999.5;0.0
31;39900;INTARIAN_PEPPER_ROOT;44037;8;44034;22;;;44049;9;44050;11;;;44043.0;0.0
31;40000;ASH_COATED_OSMIUM;9991;14;;;;;10010;10;;;;;10000.5;0.0
31;40000;INTARIAN_PEPPER_ROOT;44035;10;44034;16;;;44051;20;44053;12;;;44043.5;0.0
31;40100;ASH_COATED_OSMIUM;9988;13;9987;11;;;10006;15;10007;14;;;9997.5;0.0
31;40100;INTARIAN_PEPPER_ROOT;44029;11;;;;;44044;10;;;;;44037.0;0.0
31;40200;ASH_COATED_OSMIUM;9993;5;9990;29;;;10009;14;10012;13;;;10001.5;0.0
31;40200;INTARIAN_PEPPER_ROOT;44036;8;44035;10;;;44049;11;44051;9;;;44043.0;0.0
31;40300;ASH_COATED_OSMIUM;9995;13;9993;14;;;10011;12;10014;15;;;10003.5;0.0
31;40300;INTARIAN_PEPPER_ROOT;44036;11;44035;10;;;44050;21;44052;11;;;44043.0;0.0
31;40400;ASH_COATED_OSMIUM;9989;25;9987;11;9984;11;10010;14;10011;10;10014;21;10000.0;0.0
31;40400;INTARIAN_PEPPER_ROOT;44032;10;44030;8;;;44043;9;44045;10;;;44037.5;0.0
31;40500;ASH_COATED_OSMIUM;9991;12;9990;7;9988;10;10007;12;10009;12;10012;11;9999.0;0.0
31;40500;INTARIAN_PEPPER_ROOT;44033;10;44032;11;44030;10;44046;9;44048;8;44049;10;44040.0;0.0
31;40600;ASH_COATED_OSMIUM;9984;15;9982;10;9979;24;10000;20;10001;10;10004;15;9992.5;0.0
31;40600;INTARIAN_PEPPER_ROOT;44035;11;44034;12;;;44044;24;44045;11;;;44039.5;0.0
31;40700;ASH_COATED_OSMIUM;9985;21;9982;15;;;10001;13;10004;12;;;9993.0;0.0
31;40700;INTARIAN_PEPPER_ROOT;44032;17;44030;9;;;44045;20;44046;10;;;44039.0;0.0
31;40800;ASH_COATED_OSMIUM;9994;10;9992;14;9990;14;10007;10;10008;13;10009;11;10001.0;0.0
31;40800;INTARIAN_PEPPER_ROOT;44033;11;44031;8;;;44046;8;44047;12;;;44040.0;0.0
31;40900;ASH_COATED_OSMIUM;9997;14;9995;15;;;10013;14;10015;11;;;10005.0;0.0
31;40900;INTARIAN_PEPPER_ROOT;44034;10;;;;;44048;11;;;;;44041.5;0.0
31;41000;ASH_COATED_OSMIUM;9995;11;9993;14;;;10011;15;10013;11;;;10003.0;0.0
31;41000;INTARIAN_PEPPER_ROOT;44037;9;;;;;44050;9;;;;;44044.0;0.0
31;41100;ASH_COATED_OSMIUM;9984;20;9982;22;9981;11;10003;12;10004;15;10005;21;9993.5;0.0
31;41100;INTARIAN_PEPPER_ROOT;44034;9;44033;9;;;44050;10;44051;10;;;44042.5;0.0
31;41200;ASH_COATED_OSMIUM;10001;13;10000;12;9998;13;10010;24;10013;15;10016;14;10006.0;0.0
31;41200;INTARIAN_PEPPER_ROOT;44035;12;;;;;44050;10;;;;;44043.0;0.0
31;41300;ASH_COATED_OSMIUM;9993;14;;;;;10009;15;;;;;10001.0;0.0
31;41300;INTARIAN_PEPPER_ROOT;44031;8;;;;;44046;15;;;;;44038.5;0.0
31;41400;ASH_COATED_OSMIUM;9993;10;9991;15;9988;14;10011;14;10012;21;10014;14;10002.5;0.0
31;41400;INTARIAN_PEPPER_ROOT;44034;9;;;;;44045;11;;;;;44040.0;0.0
31;41500;ASH_COATED_OSMIUM;9989;11;9986;12;9985;12;10005;11;10007;10;10009;15;9997.0;0.0
31;41500;INTARIAN_PEPPER_ROOT;44037;10;44035;9;44032;9;44052;12;44054;23;44056;9;44044.5;0.0
31;41600;ASH_COATED_OSMIUM;9987;13;9984;10;;;10003;11;10006;15;;;9995.5;0.0
31;41600;INTARIAN_PEPPER_ROOT;44039;8;44037;9;44034;11;44051;17;44053;15;44055;10;44045.5;0.0
31;41700;ASH_COATED_OSMIUM;9993;15;9992;10;;;10011;14;10012;14;;;10002.0;0.0
31;41700;INTARIAN_PEPPER_ROOT;44030;4;44029;21;;;44044;11;44046;11;;;44037.5;0.0
31;41800;ASH_COATED_OSMIUM;9990;10;9987;10;9986;12;10006;13;10008;4;10010;12;9998.5;0.0
31;41800;INTARIAN_PEPPER_ROOT;44030;8;44029;10;;;44047;12;44049;10;;;44039.0;0.0
31;41900;ASH_COATED_OSMIUM;9993;13;9992;15;9990;12;10009;30;10011;12;10012;15;10001.5;0.0
31;41900;INTARIAN_PEPPER_ROOT;44034;8;;;;;44050;11;;;;;44042.0;0.0
31;42000;ASH_COATED_OSMIUM;9993;11;;;;;10009;15;;;;;10001.5;0.0
31;42000;INTARIAN_PEPPER_ROOT;44037;12;;;;;44052;8;;;;;44045.0;0.0
31;42100;ASH_COATED_OSMIUM;9998;11;9997;10;;;10017;12;10018;5;;;10007.5;0.0
31;42100;INTARIAN_PEPPER_ROOT;44040;11;44039;9;44038;12;44044;19;44047;21;44050;12;44042.5;0.0
31;42200;ASH_COATED_OSMIUM;9999;14;9998;12;9997;13;10015;11;10017;13;10020;13;10007.0;0.0
31;42200;INTARIAN_PEPPER_ROOT;44032;9;44029;11;44026;11;44049;9;44050;10;44051;12;44041.0;0.0
31;42300;ASH_COATED_OSMIUM;9989;14;9988;14;9987;12;10005;15;10008;12;10009;15;9997.0;0.0
31;42300;INTARIAN_PEPPER_ROOT;44037;11;44034;11;44031;20;44053;8;44055;12;44057;11;44045.0;0.0
31;42400;ASH_COATED_OSMIUM;9983;14;;;;;10001;10;;;;;9992.5;0.0
31;42400;INTARIAN_PEPPER_ROOT;44032;11;;;;;44049;10;;;;;44040.5;0.0
31;42500;ASH_COATED_OSMIUM;9985;12;9984;15;9981;12;10001;14;10003;14;10005;14;9993.0;0.0
31;42500;INTARIAN_PEPPER_ROOT;44037;12;44036;8;44034;9;44048;11;44050;11;44051;25;44042.5;0.0
31;42600;ASH_COATED_OSMIUM;9989;11;9987;10;;;10005;10;10006;12;;;9997.5;0.0
31;42600;INTARIAN_PEPPER_ROOT;44032;11;44030;11;44029;11;44046;19;44048;10;44051;10;44039.5;0.0
31;42700;ASH_COATED_OSMIUM;9995;14;9992;13;9991;10;10011;13;10012;14;10013;15;10003.0;0.0
31;42700;INTARIAN_PEPPER_ROOT;44034;10;44032;8;;;44050;11;44052;23;;;44042.0;0.0
31;42800;ASH_COATED_OSMIUM;9993;15;9992;24;;;10009;25;10010;10;;;10001.5;0.0
31;42800;INTARIAN_PEPPER_ROOT;44036;11;44035;9;44032;11;44052;11;44054;22;44057;8;44044.0;0.0
31;42900;ASH_COATED_OSMIUM;9993;14;9991;13;9989;3;10012;13;10014;11;10015;12;10002.5;0.0
31;42900;INTARIAN_PEPPER_ROOT;44035;10;44034;10;44032;10;44048;15;44050;12;44052;9;44041.5;0.0
31;43000;ASH_COATED_OSMIUM;9995;20;;;;;10013;10;;;;;10004.0;0.0
31;43000;INTARIAN_PEPPER_ROOT;44046;21;;;;;44049;16;;;;;44047.5;0.0
31;43100;ASH_COATED_OSMIUM;9991;28;;;;;10009;11;;;;;10000.0;0.0
31;43100;INTARIAN_PEPPER_ROOT;44042;9;44040;8;;;44048;16;44049;10;;;44045.5;0.0
31;43200;ASH_COATED_OSMIUM;9992;10;;;;;10008;14;;;;;10000.5;0.0
31;43200;INTARIAN_PEPPER_ROOT;44037;6;44035;11;;;44050;10;44053;12;;;44044.0;0.0
31;43300;ASH_COATED_OSMIUM;9993;13;;;;;10014;12;;;;;10004.0;0.0
31;43300;INTARIAN_PEPPER_ROOT;44036;11;44033;11;;;44048;11;44050;10;;;44042.0;0.0
31;43400;ASH_COATED_OSMIUM;9996;30;9993;30;9990;10;10014;7;10017;14;10019;10;10005.5;0.0
31;43400;INTARIAN_PEPPER_ROOT;44035;12;;;;;44050;20;;;;;44042.5;0.0
31;43500;ASH_COATED_OSMIUM;10003;10;10001;10;10000;26;10019;12;10022;10;10024;14;10011.0;0.0
31;43500;INTARIAN_PEPPER_ROOT;44035;10;44032;15;;;44048;8;44049;12;;;44042.0;0.0
31;43600;ASH_COATED_OSMIUM;9996;13;9994;10;;;10015;14;10016;29;;;10005.5;0.0
31;43600;INTARIAN_PEPPER_ROOT;44036;9;44033;12;44031;8;44048;12;44051;12;44053;10;44042.0;0.0
31;43700;ASH_COATED_OSMIUM;9994;29;9991;13;;;10013;12;10014;15;;;10004.0;0.0
31;43700;INTARIAN_PEPPER_ROOT;44037;25;44034;7;44033;9;44050;11;44053;8;44054;8;44043.5;0.0
31;43800;ASH_COATED_OSMIUM;9998;11;;;;;10016;12;;;;;10007.5;0.0
31;43800;INTARIAN_PEPPER_ROOT;44035;20;;;;;44047;10;;;;;44041.0;0.0
31;43900;ASH_COATED_OSMIUM;9991;14;9988;15;;;10007;12;10010;14;;;9999.5;0.0
31;43900;INTARIAN_PEPPER_ROOT;44040;19;;;;;44044;12;;;;;44042.0;0.0
31;44000;ASH_COATED_OSMIUM;9989;11;;;;;10000;15;;;;;9995.0;0.0
31;44000;INTARIAN_PEPPER_ROOT;44039;9;44038;11;44035;10;44052;8;44055;10;44056;9;44045.5;0.0
31;44100;ASH_COATED_OSMIUM;9987;14;9984;15;9981;29;10008;14;10010;29;10011;10;9997.5;0.0
31;44100;INTARIAN_PEPPER_ROOT;44038;9;44036;9;;;44051;19;44053;10;;;44044.5;0.0
31;44200;ASH_COATED_OSMIUM;9980;12;;;;;9998;11;;;;;9989.0;0.0
31;44200;INTARIAN_PEPPER_ROOT;44044;10;;;;;44055;21;;;;;44049.5;0.0
31;44300;ASH_COATED_OSMIUM;9978;27;9975;11;;;9997;15;9999;12;;;9987.5;0.0
31;44300;INTARIAN_PEPPER_ROOT;44032;11;;;;;44049;9;;;;;44041.0;0.0
31;44400;ASH_COATED_OSMIUM;9978;13;9975;10;;;9996;14;9999;13;;;9987.0;0.0
31;44400;INTARIAN_PEPPER_ROOT;44034;9;44032;9;;;44046;20;44048;10;;;44040.5;0.0
31;44500;ASH_COATED_OSMIUM;9982;13;9979;12;9978;11;9998;25;9999;2;10000;15;9990.0;0.0
31;44500;INTARIAN_PEPPER_ROOT;44040;10;44037;10;;;44052;11;44053;9;;;44046.0;0.0
31;44600;ASH_COATED_OSMIUM;9985;30;9983;10;;;10001;10;10002;11;;;9993.0;0.0
31;44600;INTARIAN_PEPPER_ROOT;44038;25;44037;12;;;44051;11;44052;23;;;44045.0;0.0
31;44700;ASH_COATED_OSMIUM;9983;26;9980;28;9977;15;9999;14;10002;11;10003;25;9991.5;0.0
31;44700;INTARIAN_PEPPER_ROOT;44040;8;;;;;44054;8;;;;;44047.5;0.0
31;44800;ASH_COATED_OSMIUM;9979;12;;;;;9995;12;;;;;9987.5;0.0
31;44800;INTARIAN_PEPPER_ROOT;44036;9;44035;10;;;44049;8;44051;8;;;44043.0;0.0
31;44900;ASH_COATED_OSMIUM;9986;28;9983;14;;;10002;6;10004;13;;;9994.0;0.0
31;44900;INTARIAN_PEPPER_ROOT;44035;11;44032;22;44031;10;44049;12;44050;3;44052;18;44042.5;0.0
31;45000;ASH_COATED_OSMIUM;9987;12;9984;27;;;10003;13;10005;15;;;9995.0;0.0
31;45000;INTARIAN_PEPPER_ROOT;44038;12;;;;;44051;8;;;;;44045.0;0.0
31;45100;ASH_COATED_OSMIUM;9985;2;9984;12;9983;10;10001;12;10003;10;10005;12;9993.0;0.0
31;45100;INTARIAN_PEPPER_ROOT;44037;8;;;;;44053;9;;;;;44045.0;0.0
31;45200;ASH_COATED_OSMIUM;9983;5;9982;14;;;9999;11;10000;13;;;9991.5;0.0
31;45200;INTARIAN_PEPPER_ROOT;44034;11;;;;;44047;11;;;;;44041.0;0.0
31;45300;ASH_COATED_OSMIUM;9985;11;9983;12;9980;10;10001;13;10004;14;10006;14;9993.0;0.0
31;45300;INTARIAN_PEPPER_ROOT;44040;9;44037;8;44034;25;44052;8;44055;10;44057;11;44046.0;0.0
31;45400;ASH_COATED_OSMIUM;9984;12;9983;12;9980;22;10002;15;10003;12;10004;15;9993.0;0.0
31;45400;INTARIAN_PEPPER_ROOT;44037;8;;;;;44050;9;;;;;44044.0;0.0
31;45500;ASH_COATED_OSMIUM;9981;12;;;;;9997;12;;;;;9989.5;0.0
31;45500;INTARIAN_PEPPER_ROOT;44039;10;44036;11;;;44053;25;44054;9;;;44046.0;0.0
31;45600;ASH_COATED_OSMIUM;9985;12;9982;12;;;10004;24;10005;15;;;9994.5;0.0
31;45600;INTARIAN_PEPPER_ROOT;44042;12;;;;;44056;9;;;;;44049.5;0.0
31;45700;ASH_COATED_OSMIUM;9992;13;9989;15;9987;13;10008;22;10011;6;10012;13;10000.5;0.0
31;45700;INTARIAN_PEPPER_ROOT;44041;9;44040;10;;;44055;12;44058;9;;;44048.5;0.0
31;45800;ASH_COATED_OSMIUM;9989;27;9986;12;;;10005;13;10006;14;;;9997.0;0.0
31;45800;INTARIAN_PEPPER_ROOT;44040;8;44038;17;;;44051;10;44053;8;;;44046.0;0.0
31;45900;ASH_COATED_OSMIUM;9994;15;;;;;9999;12;;;;;9997.0;0.0
31;45900;INTARIAN_PEPPER_ROOT;44038;8;44036;12;44033;12;44052;10;44054;8;44055;17;44045.5;0.0
31;46000;ASH_COATED_OSMIUM;9997;15;;;;;10004;11;;;;;10001.0;0.0
31;46000;INTARIAN_PEPPER_ROOT;44043;8;44042;9;44040;10;44057;17;44059;8;44062;16;44050.0;0.0
31;46100;ASH_COATED_OSMIUM;9998;14;;;;;10010;2;;;;;10004.0;0.0
31;46100;INTARIAN_PEPPER_ROOT;44036;10;44034;9;44033;8;44047;9;44049;12;44050;12;44042.0;0.0
31;46200;ASH_COATED_OSMIUM;9992;13;9989;2;;;10011;14;10014;13;;;10002.0;0.0
31;46200;INTARIAN_PEPPER_ROOT;44040;18;44037;8;;;44052;10;44054;10;;;44046.5;0.0
31;46300;ASH_COATED_OSMIUM;9992;11;9989;13;;;10010;10;10013;23;;;10001.5;0.0
31;46300;INTARIAN_PEPPER_ROOT;44040;11;44038;8;44037;9;44052;10;44054;20;44055;22;44046.0;0.0
31;46400;ASH_COATED_OSMIUM;9995;13;9994;14;;;10011;12;10012;12;;;10003.0;0.0
31;46400;INTARIAN_PEPPER_ROOT;44038;8;44035;12;;;44050;15;44051;11;;;44044.0;0.0
31;46500;ASH_COATED_OSMIUM;9994;13;;;;;10010;3;;;;;10002.0;0.0
31;46500;INTARIAN_PEPPER_ROOT;44042;8;44041;21;;;44055;8;44056;7;;;44049.0;0.0
31;46600;ASH_COATED_OSMIUM;9993;15;9991;10;9989;15;10009;13;10011;23;10014;12;10001.5;0.0
31;46600;INTARIAN_PEPPER_ROOT;44035;12;44033;9;;;44051;20;44052;20;;;44043.5;0.0
31;46700;ASH_COATED_OSMIUM;9989;15;;;;;10007;12;;;;;9998.0;0.0
31;46700;INTARIAN_PEPPER_ROOT;44042;9;;;;;44051;11;;;;;44046.5;0.0
31;46800;ASH_COATED_OSMIUM;9987;11;;;;;10003;13;;;;;9995.5;0.0
31;46800;INTARIAN_PEPPER_ROOT;44042;11;44039;12;44038;9;44055;19;44057;11;44058;18;44049.0;0.0
31;46900;ASH_COATED_OSMIUM;9989;12;;;;;10008;12;;;;;9999.0;0.0
31;46900;INTARIAN_PEPPER_ROOT;44040;9;44038;8;;;44053;11;44055;11;;;44047.0;0.0
31;47000;ASH_COATED_OSMIUM;9992;15;9991;11;;;10008;11;10009;15;;;10000.0;0.0
31;47000;INTARIAN_PEPPER_ROOT;44041;3;;;;;44054;11;;;;;44048.0;0.0
31;47100;ASH_COATED_OSMIUM;9989;15;;;;;10005;12;;;;;9997.0;0.0
31;47100;INTARIAN_PEPPER_ROOT;44040;10;44038;8;;;44051;12;44052;8;;;44046.0;0.0
31;47200;ASH_COATED_OSMIUM;9987;11;9984;11;;;10005;15;10006;11;;;9996.5;0.0
31;47200;INTARIAN_PEPPER_ROOT;44043;9;44042;6;44041;11;44055;11;44058;8;44061;12;44049.0;0.0
31;47300;ASH_COATED_OSMIUM;9994;11;;;;;10010;13;;;;;10002.0;0.0
31;47300;INTARIAN_PEPPER_ROOT;44041;8;;;;;44054;9;;;;;44048.0;0.0
31;47400;ASH_COATED_OSMIUM;9989;14;9986;21;9985;10;10005;12;10008;14;10011;11;9997.0;0.0
31;47400;INTARIAN_PEPPER_ROOT;44046;10;;;;;44048;22;;;;;44047.0;0.0
31;47500;ASH_COATED_OSMIUM;9987;11;;;;;10003;12;;;;;9995.0;0.0
31;47500;INTARIAN_PEPPER_ROOT;44045;21;44042;10;;;44056;8;44058;9;;;44050.5;0.0
31;47600;ASH_COATED_OSMIUM;9987;14;9984;24;;;10008;15;10009;14;;;9998.0;0.0
31;47600;INTARIAN_PEPPER_ROOT;44040;11;44038;12;;;44055;10;44058;9;;;44048.0;0.0
31;47700;ASH_COATED_OSMIUM;9990;5;9988;15;;;10006;12;10007;23;;;9998.5;0.0
31;47700;INTARIAN_PEPPER_ROOT;44046;8;;;;;44057;10;;;;;44052.0;0.0
31;47800;ASH_COATED_OSMIUM;9989;20;;;;;10005;14;;;;;9997.5;0.0
31;47800;INTARIAN_PEPPER_ROOT;44043;8;44041;8;;;44054;12;44055;16;;;44049.0;0.0
31;47900;ASH_COATED_OSMIUM;9992;14;9989;27;;;10002;21;10005;15;;;9997.0;0.0
31;47900;INTARIAN_PEPPER_ROOT;44038;11;44035;8;;;44052;12;44055;17;;;44045.5;0.0
31;48000;ASH_COATED_OSMIUM;9994;12;9993;12;;;10010;10;10012;13;;;10002.0;0.0
31;48000;INTARIAN_PEPPER_ROOT;44044;12;44041;17;;;44056;12;44058;10;;;44050.0;0.0
31;48100;ASH_COATED_OSMIUM;9991;13;9989;4;9987;12;10007;14;10008;14;10011;15;9999.0;0.0
31;48100;INTARIAN_PEPPER_ROOT;44043;25;44042;8;;;44055;11;44057;17;;;44049.0;0.0
31;48200;ASH_COATED_OSMIUM;9994;12;9992;15;;;10010;10;10011;13;;;10002.5;0.0
31;48200;INTARIAN_PEPPER_ROOT;44043;9;44041;11;;;44056;9;44058;11;;;44050.0;0.0
31;48300;ASH_COATED_OSMIUM;9994;14;9993;15;;;10012;12;10014;13;;;10003.0;0.0
31;48300;INTARIAN_PEPPER_ROOT;44041;11;44039;12;;;44054;10;44056;8;;;44048.0;0.0
31;48400;ASH_COATED_OSMIUM;10003;14;;;;;10008;13;;;;;10006.0;0.0
31;48400;INTARIAN_PEPPER_ROOT;44042;3;44039;9;44036;12;44054;11;44055;9;44057;8;44048.5;0.0
31;48500;ASH_COATED_OSMIUM;9999;10;;;;;10015;20;;;;;10007.5;0.0
31;48500;INTARIAN_PEPPER_ROOT;44041;9;44039;8;;;44054;8;44057;12;;;44048.0;0.0
31;48600;ASH_COATED_OSMIUM;9995;14;9993;10;9991;22;10011;12;10013;13;10015;10;10003.5;0.0
31;48600;INTARIAN_PEPPER_ROOT;44045;9;44042;12;;;44057;9;44058;10;;;44051.5;0.0
31;48700;ASH_COATED_OSMIUM;9993;15;9990;11;;;10009;11;10010;13;;;10001.5;0.0
31;48700;INTARIAN_PEPPER_ROOT;44042;24;;;;;44058;9;;;;;44050.5;0.0
31;48800;ASH_COATED_OSMIUM;9992;28;;;;;10008;13;;;;;10000.5;0.0
31;48800;INTARIAN_PEPPER_ROOT;44042;25;44040;15;44039;12;44055;9;44057;10;44060;12;44049.0;0.0
31;48900;ASH_COATED_OSMIUM;9996;10;9994;15;;;10012;24;10013;13;;;10004.0;0.0
31;48900;INTARIAN_PEPPER_ROOT;44042;9;44039;21;44036;11;44056;11;44059;19;44062;16;44049.0;0.0
31;49000;ASH_COATED_OSMIUM;9988;14;9985;12;;;10004;15;10006;12;;;9996.0;0.0
31;49000;INTARIAN_PEPPER_ROOT;44041;9;;;;;44058;10;;;;;44050.0;0.0
31;49100;ASH_COATED_OSMIUM;9991;14;;;;;10006;20;;;;;9999.0;0.0
31;49100;INTARIAN_PEPPER_ROOT;44042;12;44041;12;;;44055;12;44056;12;;;44048.5;0.0
31;49200;ASH_COATED_OSMIUM;9993;13;;;;;10009;12;;;;;10001.5;0.0
31;49200;INTARIAN_PEPPER_ROOT;44042;11;44041;12;;;44057;11;44058;8;;;44049.5;0.0
31;49300;ASH_COATED_OSMIUM;9988;11;9985;14;9983;14;10004;13;10006;15;10009;14;9996.5;0.0
31;49300;INTARIAN_PEPPER_ROOT;44050;12;44049;21;44048;6;44061;8;44064;8;44066;20;44056.0;0.0
31;49400;ASH_COATED_OSMIUM;9990;15;9987;10;9984;12;10009;14;10012;11;10015;15;9999.5;0.0
31;49400;INTARIAN_PEPPER_ROOT;44050;11;44049;12;;;44054;9;44055;8;;;44052.0;0.0
31;49500;ASH_COATED_OSMIUM;9992;14;;;;;10011;14;;;;;10001.5;0.0
31;49500;INTARIAN_PEPPER_ROOT;44040;8;44037;9;;;44054;9;44057;12;;;44047.0;0.0
31;49600;ASH_COATED_OSMIUM;9993;10;9992;14;9989;15;10009;14;10010;14;10012;12;10001.0;0.0
31;49600;INTARIAN_PEPPER_ROOT;44046;16;44043;9;44040;19;44059;11;44062;10;44064;10;44052.5;0.0
31;49700;ASH_COATED_OSMIUM;9992;12;;;;;10008;29;;;;;10000.5;0.0
31;49700;INTARIAN_PEPPER_ROOT;44044;17;44043;11;44040;17;44057;22;44059;8;44061;18;44050.5;0.0
31;49800;ASH_COATED_OSMIUM;9989;11;;;;;10005;15;;;;;9997.5;0.0
31;49800;INTARIAN_PEPPER_ROOT;44039;12;;;;;44055;20;;;;;44047.5;0.0
31;49900;ASH_COATED_OSMIUM;9985;12;;;;;10001;13;;;;;9993.5;0.0
31;49900;INTARIAN_PEPPER_ROOT;44044;9;44043;25;;;44058;8;44060;20;;;44051.5;0.0
31;50000;ASH_COATED_OSMIUM;9984;15;9981;11;9980;10;10000;6;10003;10;10006;15;9992.5;0.0
31;50000;INTARIAN_PEPPER_ROOT;44041;8;44040;12;;;44058;12;44060;19;;;44050.0;0.0
31;50100;ASH_COATED_OSMIUM;9986;15;9984;15;;;10002;30;10005;15;;;9994.5;0.0
31;50100;INTARIAN_PEPPER_ROOT;44044;9;44041;10;;;44060;9;44061;17;;;44052.0;0.0
31;50200;ASH_COATED_OSMIUM;9985;20;;;;;10003;12;;;;;9994.5;0.0
31;50200;INTARIAN_PEPPER_ROOT;44040;16;44037;10;;;44056;10;44059;9;;;44048.0;0.0
31;50300;ASH_COATED_OSMIUM;9987;10;;;;;10003;10;;;;;9995.0;0.0
31;50300;INTARIAN_PEPPER_ROOT;44044;11;44043;11;;;44057;11;44060;12;;;44051.0;0.0
31;50400;ASH_COATED_OSMIUM;9990;12;9988;22;;;10006;13;10009;2;;;9998.5;0.0
31;50400;INTARIAN_PEPPER_ROOT;44045;10;;;;;44056;8;;;;;44051.0;0.0
31;50500;ASH_COATED_OSMIUM;9985;10;9984;12;9981;15;10001;13;10004;10;10005;28;9993.5;0.0
31;50500;INTARIAN_PEPPER_ROOT;44052;9;44049;12;;;44055;10;44056;8;;;44054.0;0.0
31;50600;ASH_COATED_OSMIUM;9989;14;;;;;10005;10;;;;;9997.5;0.0
31;50600;INTARIAN_PEPPER_ROOT;44045;10;44042;9;;;44058;10;44060;23;;;44052.0;0.0
31;50700;ASH_COATED_OSMIUM;9989;29;;;;;10005;28;;;;;9997.5;0.0
31;50700;INTARIAN_PEPPER_ROOT;44047;21;44046;12;;;44057;11;44060;20;;;44052.0;0.0
31;50800;ASH_COATED_OSMIUM;9993;21;9992;14;;;10009;10;10012;15;;;10001.0;0.0
31;50800;INTARIAN_PEPPER_ROOT;44043;8;;;;;44056;12;;;;;44049.5;0.0
31;50900;ASH_COATED_OSMIUM;9992;10;9990;26;9988;12;10008;10;10009;11;10011;15;10000.5;0.0
31;50900;INTARIAN_PEPPER_ROOT;44043;8;44040;11;44038;9;44054;9;44056;19;44059;11;44049.0;0.0
31;51000;ASH_COATED_OSMIUM;9990;15;9989;13;9987;13;10006;11;10008;30;10009;10;9998.5;0.0
31;51000;INTARIAN_PEPPER_ROOT;44044;9;44043;12;44042;9;44055;12;44058;8;44059;9;44049.5;0.0
31;51100;ASH_COATED_OSMIUM;9987;24;9985;24;9983;11;10006;27;10007;14;10008;21;9996.5;0.0
31;51100;INTARIAN_PEPPER_ROOT;44045;10;44042;12;44040;25;44056;9;44058;21;44059;10;44050.5;0.0
31;51200;ASH_COATED_OSMIUM;9997;11;9995;13;;;10007;11;10008;24;;;10002.5;0.0
31;51200;INTARIAN_PEPPER_ROOT;44044;17;44041;10;44039;9;44057;9;44059;3;44062;19;44050.5;0.0
31;51300;ASH_COATED_OSMIUM;9993;10;9990;14;9988;11;10009;15;10011;15;10013;14;10001.0;0.0
31;51300;INTARIAN_PEPPER_ROOT;44043;11;44041;8;;;44054;8;44057;16;;;44049.0;0.0
31;51400;ASH_COATED_OSMIUM;9999;27;9998;12;9995;12;10015;23;10018;10;10021;12;10007.0;0.0
31;51400;INTARIAN_PEPPER_ROOT;44047;10;44045;8;;;44060;9;44063;12;;;44053.5;0.0
31;51500;ASH_COATED_OSMIUM;10001;14;10000;20;;;10017;14;10020;15;;;10009.0;0.0
31;51500;INTARIAN_PEPPER_ROOT;44046;9;44043;12;44041;10;44057;9;44058;8;44059;12;44051.5;0.0
31;51600;ASH_COATED_OSMIUM;9995;14;9992;10;;;10011;28;10014;15;;;10003.5;0.0
31;51600;INTARIAN_PEPPER_ROOT;44045;18;44044;11;;;44057;18;44058;23;;;44051.0;0.0
31;51700;ASH_COATED_OSMIUM;9993;14;;;;;10009;14;;;;;10001.0;0.0
31;51700;INTARIAN_PEPPER_ROOT;44050;15;;;;;44062;24;;;;;44056.5;0.0
31;51800;ASH_COATED_OSMIUM;9995;14;9994;25;;;10011;10;10013;11;;;10003.0;0.0
31;51800;INTARIAN_PEPPER_ROOT;44045;18;44044;12;44042;8;44059;8;44061;8;44062;12;44052.5;0.0
31;51900;ASH_COATED_OSMIUM;9990;14;;;;;10006;25;;;;;9998.5;0.0
31;51900;INTARIAN_PEPPER_ROOT;44042;17;;;;;44058;10;;;;;44050.5;0.0
31;52000;ASH_COATED_OSMIUM;9984;13;;;;;10002;15;;;;;9993.5;0.0
31;52000;INTARIAN_PEPPER_ROOT;44049;10;;;;;44060;22;;;;;44054.5;0.0
31;52100;ASH_COATED_OSMIUM;9991;21;9988;24;;;10001;13;10003;10;;;9996.5;0.0
31;52100;INTARIAN_PEPPER_ROOT;44042;8;44039;10;;;44058;11;44059;12;;;44050.5;0.0
31;52200;ASH_COATED_OSMIUM;9986;10;9983;10;;;10002;11;10003;14;;;9994.5;0.0
31;52200;INTARIAN_PEPPER_ROOT;44046;8;44044;10;;;44060;8;44061;19;;;44053.5;0.0
31;52300;ASH_COATED_OSMIUM;9984;12;9982;24;;;10000;5;10001;10;;;9992.0;0.0
31;52300;INTARIAN_PEPPER_ROOT;44044;24;44041;12;;;44061;25;44063;9;;;44053.0;0.0
31;52400;ASH_COATED_OSMIUM;9990;11;9988;10;9987;13;10006;10;10009;6;10011;12;9998.5;0.0
31;52400;INTARIAN_PEPPER_ROOT;44041;21;44040;8;;;44054;18;44056;10;;;44047.5;0.0
31;52500;ASH_COATED_OSMIUM;9993;13;9992;26;9991;10;10014;10;10015;12;10016;14;10003.5;0.0
31;52500;INTARIAN_PEPPER_ROOT;44044;22;;;;;44058;11;;;;;44051.0;0.0
31;52600;ASH_COATED_OSMIUM;9992;12;;;;;10008;11;;;;;10000.5;0.0
31;52600;INTARIAN_PEPPER_ROOT;44050;12;;;;;44062;9;;;;;44056.5;0.0
31;52700;ASH_COATED_OSMIUM;9994;15;;;;;10010;14;;;;;10002.5;0.0
31;52700;INTARIAN_PEPPER_ROOT;44047;22;;;;;44051;8;;;;;44049.5;0.0
31;52800;ASH_COATED_OSMIUM;9998;14;;;;;10014;25;;;;;10006.0;0.0
31;52800;INTARIAN_PEPPER_ROOT;44047;8;;;;;44058;8;;;;;44052.5;0.0
31;52900;ASH_COATED_OSMIUM;9992;12;9989;23;;;10011;13;10014;11;;;10002.0;0.0
31;52900;INTARIAN_PEPPER_ROOT;44043;10;44040;8;44039;11;44060;19;44063;24;44064;10;44052.0;0.0
31;53000;ASH_COATED_OSMIUM;9991;15;9988;6;9987;15;10007;11;10008;10;10011;10;9999.5;0.0
31;53000;INTARIAN_PEPPER_ROOT;44042;10;;;;;44055;9;;;;;44049.0;0.0
31;53100;ASH_COATED_OSMIUM;9988;14;9987;27;;;10004;12;10005;11;;;9996.5;0.0
31;53100;INTARIAN_PEPPER_ROOT;44044;11;44041;10;44040;23;44061;10;44064;8;44066;9;44053.0;0.0
31;53200;ASH_COATED_OSMIUM;9991;14;9989;14;;;10002;12;10003;10;;;9997.0;0.0
31;53200;INTARIAN_PEPPER_ROOT;44047;24;44044;9;;;44060;11;44061;11;;;44053.5;0.0
31;53300;ASH_COATED_OSMIUM;9984;13;;;;;10000;15;;;;;9992.5;0.0
31;53300;INTARIAN_PEPPER_ROOT;44047;12;44045;11;;;44060;12;44063;11;;;44053.5;0.0
31;53400;ASH_COATED_OSMIUM;9986;14;;;;;10002;11;;;;;9994.0;0.0
31;53400;INTARIAN_PEPPER_ROOT;44055;8;44054;9;44052;12;44058;10;44059;11;44061;11;44057.0;0.0
31;53500;ASH_COATED_OSMIUM;9989;14;9987;15;;;10002;15;10004;12;;;9996.0;0.0
31;53500;INTARIAN_PEPPER_ROOT;44049;12;;;;;44062;9;;;;;44055.5;0.0
31;53600;ASH_COATED_OSMIUM;9987;3;9986;3;9985;12;10006;7;10009;15;10010;29;9997.0;0.0
31;53600;INTARIAN_PEPPER_ROOT;44046;11;44043;19;44041;10;44060;9;44062;9;44064;8;44053.0;0.0
31;53700;ASH_COATED_OSMIUM;9990;10;;;;;10011;11;;;;;10000.5;0.0
31;53700;INTARIAN_PEPPER_ROOT;44047;11;44045;9;;;44061;11;44062;9;;;44054.5;0.0
31;53800;ASH_COATED_OSMIUM;9994;20;;;;;10010;13;;;;;10002.0;0.0
31;53800;INTARIAN_PEPPER_ROOT;44046;8;44045;9;;;44060;12;44061;23;;;44053.0;0.0
31;53900;ASH_COATED_OSMIUM;9992;27;9990;10;;;10008;15;10009;11;;;10000.5;0.0
31;53900;INTARIAN_PEPPER_ROOT;44047;11;44045;8;;;44061;12;44062;9;;;44054.5;0.0
31;54000;ASH_COATED_OSMIUM;10000;15;;;;;10016;14;;;;;10008.5;0.0
31;54000;INTARIAN_PEPPER_ROOT;44049;12;44047;8;;;44060;9;44061;10;;;44054.5;0.0
31;54100;ASH_COATED_OSMIUM;9997;14;9994;14;;;10015;15;10017;14;;;10006.5;0.0
31;54100;INTARIAN_PEPPER_ROOT;44045;8;44042;12;;;44062;16;44063;11;;;44053.5;0.0
31;54200;ASH_COATED_OSMIUM;9995;13;9992;26;;;10011;10;10013;12;;;10003.5;0.0
31;54200;INTARIAN_PEPPER_ROOT;44047;10;44046;12;44043;11;44061;12;44062;11;44064;7;44054.0;0.0
31;54300;ASH_COATED_OSMIUM;9993;11;9992;27;9991;11;10011;15;10014;12;10015;13;10002.5;0.0
31;54300;INTARIAN_PEPPER_ROOT;44050;10;;;;;44062;10;;;;;44056.0;0.0
31;54400;ASH_COATED_OSMIUM;9994;4;9992;14;;;10013;12;10014;13;;;10004.0;0.0
31;54400;INTARIAN_PEPPER_ROOT;44052;8;44051;16;;;44063;21;44066;11;;;44057.5;0.0
31;54500;ASH_COATED_OSMIUM;9995;15;;;;;10014;11;;;;;10004.5;0.0
31;54500;INTARIAN_PEPPER_ROOT;44049;21;44046;3;44043;11;44062;6;44063;12;44064;12;44056.0;0.0
31;54600;ASH_COATED_OSMIUM;9989;12;;;;;10002;14;;;;;9996.0;0.0
31;54600;INTARIAN_PEPPER_ROOT;44050;9;44048;11;44047;24;44061;9;44062;11;44064;11;44056.0;0.0
31;54700;ASH_COATED_OSMIUM;9993;15;;;;;10012;14;;;;;10003.0;0.0
31;54700;INTARIAN_PEPPER_ROOT;44048;12;44046;19;;;44060;11;44061;12;;;44054.0;0.0
31;54800;ASH_COATED_OSMIUM;9992;11;9990;28;;;10008;10;10011;11;;;10000.0;0.0
31;54800;INTARIAN_PEPPER_ROOT;44047;10;;;;;44061;10;;;;;44054.5;0.0
31;54900;ASH_COATED_OSMIUM;9993;10;9990;11;;;10009;10;10010;14;;;10001.5;0.0
31;54900;INTARIAN_PEPPER_ROOT;44047;12;44046;10;;;44058;15;44061;11;;;44052.5;0.0
31;55000;ASH_COATED_OSMIUM;9990;26;;;;;10006;14;;;;;9998.5;0.0
31;55000;INTARIAN_PEPPER_ROOT;44044;10;;;;;44060;11;;;;;44052.5;0.0
31;55100;ASH_COATED_OSMIUM;9996;14;;;;;10003;15;;;;;9999.5;0.0
31;55100;INTARIAN_PEPPER_ROOT;44049;12;44047;10;;;44062;11;44064;8;;;44055.5;0.0
31;55200;ASH_COATED_OSMIUM;9992;12;9991;11;;;10008;11;10010;11;;;10000.5;0.0
31;55200;INTARIAN_PEPPER_ROOT;44053;9;;;;;44057;9;;;;;44055.0;0.0
31;55300;ASH_COATED_OSMIUM;9991;21;9990;26;;;10007;4;10010;15;;;9999.5;0.0
31;55300;INTARIAN_PEPPER_ROOT;44046;8;44045;11;;;44063;8;44064;8;;;44054.5;0.0
31;55400;ASH_COATED_OSMIUM;9992;12;9989;22;;;10008;11;10011;10;;;10000.5;0.0
31;55400;INTARIAN_PEPPER_ROOT;44050;17;44049;8;44047;9;44063;9;44064;12;44067;11;44056.5;0.0
31;55500;ASH_COATED_OSMIUM;9994;15;;;;;10010;29;;;;;10002.0;0.0
31;55500;INTARIAN_PEPPER_ROOT;44046;12;44043;12;44041;12;44058;16;44060;21;44062;11;44052.5;0.0
31;55600;ASH_COATED_OSMIUM;9992;10;9990;13;9988;12;10008;23;10010;13;10011;15;10000.5;0.0
31;55600;INTARIAN_PEPPER_ROOT;44049;24;44048;10;44047;8;44062;8;44063;10;44066;15;44056.0;0.0
31;55700;ASH_COATED_OSMIUM;9992;11;;;;;10008;5;;;;;10000.5;0.0
31;55700;INTARIAN_PEPPER_ROOT;44046;11;;;;;44062;8;;;;;44054.0;0.0
31;55800;ASH_COATED_OSMIUM;9983;10;9980;12;;;10001;2;10003;15;;;9992.0;0.0
31;55800;INTARIAN_PEPPER_ROOT;44051;11;44048;20;44045;9;44065;20;44068;9;44071;9;44058.5;0.0
31;55900;ASH_COATED_OSMIUM;9981;13;9979;11;9977;10;10000;11;10003;20;10005;15;9991.0;0.0
31;55900;INTARIAN_PEPPER_ROOT;44050;9;44047;12;;;44064;8;44067;11;;;44057.5;0.0
31;56000;ASH_COATED_OSMIUM;9985;11;9984;11;;;10001;11;10004;14;;;9993.5;0.0
31;56000;INTARIAN_PEPPER_ROOT;44051;11;;;;;44064;9;;;;;44057.5;0.0
31;56100;ASH_COATED_OSMIUM;9984;10;9981;10;;;10000;6;10003;14;;;9992.5;0.0
31;56100;INTARIAN_PEPPER_ROOT;44051;9;44048;11;;;44062;9;44064;10;;;44057.0;0.0
31;56200;ASH_COATED_OSMIUM;9985;13;;;;;10001;10;;;;;9993.0;0.0
31;56200;INTARIAN_PEPPER_ROOT;44055;11;44053;9;44052;8;44067;8;44068;10;44069;12;44061.0;0.0
31;56300;ASH_COATED_OSMIUM;9984;24;;;;;10000;29;;;;;9992.5;0.0
31;56300;INTARIAN_PEPPER_ROOT;44053;9;;;;;44066;10;;;;;44060.0;0.0
31;56400;ASH_COATED_OSMIUM;9989;26;9987;14;;;10005;25;10006;10;;;9997.0;0.0
31;56400;INTARIAN_PEPPER_ROOT;44052;9;44051;22;;;44064;9;44067;11;;;44058.0;0.0
31;56500;ASH_COATED_OSMIUM;9989;13;;;;;10005;13;;;;;9997.5;0.0
31;56500;INTARIAN_PEPPER_ROOT;44053;10;44051;8;;;44065;10;44066;10;;;44059.5;0.0
31;56600;ASH_COATED_OSMIUM;9995;4;;;;;10011;15;;;;;10003.0;0.0
31;56600;INTARIAN_PEPPER_ROOT;44050;9;;;;;44064;12;;;;;44057.0;0.0
31;56700;ASH_COATED_OSMIUM;9994;14;9993;12;;;10010;10;10012;21;;;10002.0;0.0
31;56700;INTARIAN_PEPPER_ROOT;44047;9;;;;;44061;12;;;;;44054.0;0.0
31;56800;ASH_COATED_OSMIUM;9998;20;9995;15;9992;14;10014;12;10017;3;10018;14;10006.5;0.0
31;56800;INTARIAN_PEPPER_ROOT;44049;16;44047;9;;;44065;11;44068;10;;;44057.5;0.0
31;56900;ASH_COATED_OSMIUM;9997;20;9995;13;9993;15;10013;11;10016;11;10018;14;10005.5;0.0
31;56900;INTARIAN_PEPPER_ROOT;44051;12;44050;11;;;44063;11;44065;12;;;44057.0;0.0
31;57000;ASH_COATED_OSMIUM;9998;12;9996;13;9995;10;10014;21;10016;11;10017;15;10006.0;0.0
31;57000;INTARIAN_PEPPER_ROOT;44049;8;44048;12;44045;9;44062;22;44065;9;44066;10;44055.5;0.0
31;57100;ASH_COATED_OSMIUM;10000;12;9999;12;9997;15;10016;12;10017;5;10020;14;10008.0;0.0
31;57100;INTARIAN_PEPPER_ROOT;44048;10;44046;12;;;44063;21;44066;11;;;44056.0;0.0
31;57200;ASH_COATED_OSMIUM;9999;26;9996;15;;;10015;11;10016;26;;;10007.0;0.0
31;57200;INTARIAN_PEPPER_ROOT;44047;9;44044;12;;;44061;9;44064;9;;;44054.0;0.0
31;57300;ASH_COATED_OSMIUM;9994;14;;;;;10010;10;;;;;10002.5;0.0
31;57300;INTARIAN_PEPPER_ROOT;44048;20;;;;;44061;8;;;;;44054.5;0.0
31;57400;ASH_COATED_OSMIUM;9995;15;9994;15;;;10011;27;10013;25;;;10003.0;0.0
31;57400;INTARIAN_PEPPER_ROOT;44049;20;44048;10;44047;18;44061;9;44063;10;44064;12;44055.0;0.0
31;57500;ASH_COATED_OSMIUM;9998;13;;;;;10009;11;;;;;10004.0;0.0
31;57500;INTARIAN_PEPPER_ROOT;44052;8;44051;11;;;44064;10;44066;12;;;44058.5;0.0
31;57600;ASH_COATED_OSMIUM;9991;22;9988;13;;;10010;14;10012;15;;;10000.5;0.0
31;57600;INTARIAN_PEPPER_ROOT;44052;21;44049;11;44047;12;44065;9;44066;8;44069;12;44059.0;0.0
31;57700;ASH_COATED_OSMIUM;10000;22;;;;;10010;13;;;;;10005.5;0.0
31;57700;INTARIAN_PEPPER_ROOT;44050;16;;;;;44066;19;;;;;44058.5;0.0
31;57800;ASH_COATED_OSMIUM;9993;26;;;;;10012;11;;;;;10002.5;0.0
31;57800;INTARIAN_PEPPER_ROOT;44058;8;44055;9;44053;21;44073;11;44076;11;44078;9;44066.0;0.0
31;57900;ASH_COATED_OSMIUM;9994;13;9992;13;;;10015;26;10018;10;;;10005.0;0.0
31;57900;INTARIAN_PEPPER_ROOT;44050;23;44049;12;;;44062;9;44064;8;;;44056.5;0.0
31;58000;ASH_COATED_OSMIUM;9987;10;9984;14;9981;24;10003;26;10006;10;10007;26;9995.5;0.0
31;58000;INTARIAN_PEPPER_ROOT;44050;8;44048;11;;;44062;9;44064;11;;;44056.0;0.0
31;58100;ASH_COATED_OSMIUM;9990;12;9988;14;;;10006;11;10007;14;;;9998.0;0.0
31;58100;INTARIAN_PEPPER_ROOT;44054;8;44053;12;44050;11;44067;11;44069;9;44071;10;44060.5;0.0
31;58200;ASH_COATED_OSMIUM;9988;11;9985;15;9983;11;10004;12;10007;15;10008;14;9996.5;0.0
31;58200;INTARIAN_PEPPER_ROOT;44052;8;44051;11;44049;19;44064;10;44066;8;44069;16;44058.0;0.0
31;58300;ASH_COATED_OSMIUM;9989;12;9988;11;;;10005;14;10008;10;;;9997.5;0.0
31;58300;INTARIAN_PEPPER_ROOT;44050;11;44048;10;;;44069;5;44071;9;;;44060.0;0.0
31;58400;ASH_COATED_OSMIUM;9994;13;9993;4;9991;15;10013;24;10014;12;10015;15;10004.0;0.0
31;58400;INTARIAN_PEPPER_ROOT;44049;10;44047;11;;;44064;11;44065;12;;;44057.0;0.0
31;58500;ASH_COATED_OSMIUM;9997;11;9994;15;;;10007;15;10010;12;;;10002.0;0.0
31;58500;INTARIAN_PEPPER_ROOT;44050;10;;;;;44061;8;;;;;44056.0;0.0
31;58600;ASH_COATED_OSMIUM;9994;15;9991;14;;;10010;14;10012;15;;;10002.0;0.0
31;58600;INTARIAN_PEPPER_ROOT;44052;10;44050;8;;;44063;12;44064;10;;;44057.5;0.0
31;58700;ASH_COATED_OSMIUM;9994;10;;;;;10010;24;;;;;10002.0;0.0
31;58700;INTARIAN_PEPPER_ROOT;44051;8;44049;12;;;44065;7;44067;9;;;44058.5;0.0
31;58800;ASH_COATED_OSMIUM;9987;10;;;;;10005;15;;;;;9996.0;0.0
31;58800;INTARIAN_PEPPER_ROOT;44049;8;;;;;44061;8;;;;;44055.5;0.0
31;58900;ASH_COATED_OSMIUM;9991;13;;;;;9999;15;;;;;9995.0;0.0
31;58900;INTARIAN_PEPPER_ROOT;44056;9;44054;8;;;44068;9;44069;11;;;44062.0;0.0
31;59000;ASH_COATED_OSMIUM;9988;15;9985;11;;;10004;15;10005;12;;;9996.5;0.0
31;59000;INTARIAN_PEPPER_ROOT;44050;9;44048;22;44046;11;44064;10;44066;12;44067;8;44057.5;0.0
31;59100;ASH_COATED_OSMIUM;9985;25;;;;;10001;15;;;;;9993.5;0.0
31;59100;INTARIAN_PEPPER_ROOT;44053;11;;;;;44065;10;;;;;44059.0;0.0
31;59200;ASH_COATED_OSMIUM;9982;24;9981;14;;;10001;13;10002;25;;;9991.5;0.0
31;59200;INTARIAN_PEPPER_ROOT;44053;12;;;;;44066;8;;;;;44059.5;0.0
31;59300;ASH_COATED_OSMIUM;9988;28;9987;14;;;10004;30;10005;23;;;9996.5;0.0
31;59300;INTARIAN_PEPPER_ROOT;44054;6;;;;;44063;10;;;;;44059.0;0.0
31;59400;ASH_COATED_OSMIUM;9983;13;9981;14;9979;14;9999;14;10002;29;10003;11;9991.5;0.0
31;59400;INTARIAN_PEPPER_ROOT;44054;11;;;;;44067;3;;;;;44060.5;0.0
31;59500;ASH_COATED_OSMIUM;9978;15;9975;15;9973;10;9994;13;9997;13;9998;14;9986.5;0.0
31;59500;INTARIAN_PEPPER_ROOT;44052;9;44050;9;;;44067;12;44070;25;;;44059.5;0.0
31;59600;ASH_COATED_OSMIUM;9980;14;;;;;9996;14;;;;;9988.5;0.0
31;59600;INTARIAN_PEPPER_ROOT;44053;12;44050;18;44047;11;44066;10;44068;21;44071;11;44059.5;0.0
31;59700;ASH_COATED_OSMIUM;9985;11;9984;10;;;10001;12;10004;10;;;9993.0;0.0
31;59700;INTARIAN_PEPPER_ROOT;44052;10;44050;12;44049;8;44064;16;44066;9;44068;11;44058.5;0.0
31;59800;ASH_COATED_OSMIUM;9987;12;9984;13;;;10003;15;10005;4;;;9995.5;0.0
31;59800;INTARIAN_PEPPER_ROOT;44052;10;44051;16;;;44065;10;44066;8;;;44058.5;0.0
31;59900;ASH_COATED_OSMIUM;9989;13;9987;14;9986;14;10005;14;10006;28;10009;14;9997.0;0.0
31;59900;INTARIAN_PEPPER_ROOT;44055;12;44052;12;44050;9;44067;12;44069;8;44072;8;44061.5;0.0
31;60000;ASH_COATED_OSMIUM;9996;14;9995;13;;;10006;14;10009;11;;;10001.5;0.0
31;60000;INTARIAN_PEPPER_ROOT;44057;7;44054;11;;;44060;10;44063;12;;;44058.5;0.0
31;60100;ASH_COATED_OSMIUM;9990;11;;;;;10006;15;;;;;9998.5;0.0
31;60100;INTARIAN_PEPPER_ROOT;44058;8;44056;11;;;44072;9;44074;11;;;44065.5;0.0
31;60200;ASH_COATED_OSMIUM;9990;15;9987;15;;;10006;12;10007;11;;;9998.0;0.0
31;60200;INTARIAN_PEPPER_ROOT;44052;8;44049;8;;;44067;12;44069;5;;;44060.0;0.0
31;60300;ASH_COATED_OSMIUM;9995;10;9994;10;9991;2;10005;10;10006;10;10007;15;10000.0;0.0
31;60300;INTARIAN_PEPPER_ROOT;44052;10;44049;9;;;44063;11;44065;11;;;44058.0;0.0
31;60400;ASH_COATED_OSMIUM;9988;12;9986;14;;;10004;15;10006;13;;;9996.5;0.0
31;60400;INTARIAN_PEPPER_ROOT;44052;10;44051;11;44048;9;44064;10;44065;12;44068;11;44058.5;0.0
31;60500;ASH_COATED_OSMIUM;9988;11;;;;;10004;10;;;;;9996.0;0.0
31;60500;INTARIAN_PEPPER_ROOT;44063;12;44060;10;44057;11;44066;11;44067;12;44069;10;44065.0;0.0
31;60600;ASH_COATED_OSMIUM;9986;12;;;;;10002;11;;;;;9994.5;0.0
31;60600;INTARIAN_PEPPER_ROOT;44053;11;44052;9;44051;12;44068;9;44070;16;44072;12;44060.5;0.0
31;60700;ASH_COATED_OSMIUM;9985;12;9984;11;9982;13;10001;10;10002;12;10004;30;9993.5;0.0
31;60700;INTARIAN_PEPPER_ROOT;44057;8;;;;;44070;11;;;;;44064.0;0.0
31;60800;ASH_COATED_OSMIUM;9985;14;9984;14;;;10001;13;10003;13;;;9993.5;0.0
31;60800;INTARIAN_PEPPER_ROOT;44057;8;44055;8;44053;21;44070;12;44072;12;44075;10;44063.5;0.0
31;60900;ASH_COATED_OSMIUM;9990;15;9989;12;9986;25;10006;14;10009;12;10012;12;9998.5;0.0
31;60900;INTARIAN_PEPPER_ROOT;44056;17;;;;;44068;12;;;;;44062.5;0.0
31;61000;ASH_COATED_OSMIUM;9994;28;9991;12;;;10003;15;10005;12;;;9998.5;0.0
31;61000;INTARIAN_PEPPER_ROOT;44057;10;44054;10;44052;10;44070;20;44071;10;44074;19;44063.5;0.0
31;61100;ASH_COATED_OSMIUM;9988;25;;;;;10007;21;;;;;9998.0;0.0
31;61100;INTARIAN_PEPPER_ROOT;44053;9;44051;12;;;44070;8;44072;12;;;44062.0;0.0
31;61200;ASH_COATED_OSMIUM;9986;14;;;;;10005;15;;;;;9995.5;0.0
31;61200;INTARIAN_PEPPER_ROOT;44057;25;44056;12;44053;12;44068;8;44070;19;44071;12;44062.5;0.0
31;61300;ASH_COATED_OSMIUM;9994;15;9992;10;9989;10;9999;13;10001;12;10004;12;9996.5;0.0
31;61300;INTARIAN_PEPPER_ROOT;44049;12;44047;9;44046;21;44061;23;44064;9;44065;9;44055.0;0.0
31;61400;ASH_COATED_OSMIUM;9989;13;9986;13;9984;11;10005;13;10007;6;10008;14;9997.0;0.0
31;61400;INTARIAN_PEPPER_ROOT;44053;21;;;;;44064;12;;;;;44058.5;0.0
31;61500;ASH_COATED_OSMIUM;9987;26;9986;13;9985;15;10003;10;10004;14;10005;13;9995.5;0.0
31;61500;INTARIAN_PEPPER_ROOT;44054;11;;;;;44068;10;;;;;44061.0;0.0
31;61600;ASH_COATED_OSMIUM;9989;10;9986;15;9983;11;10005;14;10007;30;10010;10;9997.5;0.0
31;61600;INTARIAN_PEPPER_ROOT;44059;9;;;;;44071;12;;;;;44065.0;0.0
31;61700;ASH_COATED_OSMIUM;9989;14;9987;13;;;10005;13;10007;15;;;9997.0;0.0
31;61700;INTARIAN_PEPPER_ROOT;44052;19;44051;17;;;44065;11;44068;9;;;44059.0;0.0
31;61800;ASH_COATED_OSMIUM;9991;10;9990;12;;;10007;13;10009;12;;;9999.5;0.0
31;61800;INTARIAN_PEPPER_ROOT;44057;12;44055;10;44053;11;44069;11;44072;10;44073;9;44063.0;0.0
31;61900;ASH_COATED_OSMIUM;9989;22;;;;;9998;20;;;;;9993.5;0.0
31;61900;INTARIAN_PEPPER_ROOT;44055;10;44053;12;44050;8;44067;24;44069;12;44070;10;44061.5;0.0
31;62000;ASH_COATED_OSMIUM;9983;11;9982;14;;;9999;14;10000;10;;;9991.5;0.0
31;62000;INTARIAN_PEPPER_ROOT;44057;17;44056;8;44054;9;44071;12;44072;9;44074;24;44064.0;0.0
31;62100;ASH_COATED_OSMIUM;9985;10;9982;11;;;10004;11;10006;15;;;9995.0;0.0
31;62100;INTARIAN_PEPPER_ROOT;44060;10;44057;12;44055;23;44063;12;44066;8;44067;10;44061.5;0.0
31;62200;ASH_COATED_OSMIUM;9984;13;9981;14;9979;13;10000;10;10003;15;10006;11;9992.0;0.0
31;62200;INTARIAN_PEPPER_ROOT;44053;12;44050;11;44049;8;44067;8;44070;8;44072;12;44060.0;0.0
31;62300;ASH_COATED_OSMIUM;9985;22;9984;12;9981;10;10001;26;10004;13;10007;15;9993.0;0.0
31;62300;INTARIAN_PEPPER_ROOT;44051;18;;;;;44068;9;;;;;44060.0;0.0
31;62400;ASH_COATED_OSMIUM;9986;21;9983;10;;;10002;28;10005;11;;;9994.0;0.0
31;62400;INTARIAN_PEPPER_ROOT;44056;11;44053;10;;;44070;25;44072;17;;;44063.5;0.0
31;62500;ASH_COATED_OSMIUM;9990;14;9989;13;9986;12;10006;15;10008;11;10010;26;9998.0;0.0
31;62500;INTARIAN_PEPPER_ROOT;44051;12;44050;8;44047;12;44065;12;44067;12;44068;10;44058.5;0.0
31;62600;ASH_COATED_OSMIUM;9990;22;;;;;10008;11;;;;;9999.5;0.0
31;62600;INTARIAN_PEPPER_ROOT;44056;12;44054;8;44053;9;44068;15;44071;25;44074;10;44062.0;0.0
31;62700;ASH_COATED_OSMIUM;9991;2;9988;10;9985;10;10007;25;10008;11;10011;13;9999.0;0.0
31;62700;INTARIAN_PEPPER_ROOT;44056;9;44055;11;44054;5;44068;12;44071;17;44072;10;44062.5;0.0
31;62800;ASH_COATED_OSMIUM;9990;13;9989;15;9987;11;10006;13;10007;29;10008;11;9998.0;0.0
31;62800;INTARIAN_PEPPER_ROOT;44050;11;44048;8;44046;12;44065;10;44068;5;44070;8;44058.0;0.0
31;62900;ASH_COATED_OSMIUM;9990;14;9988;11;;;10006;11;10009;29;;;9998.0;0.0
31;62900;INTARIAN_PEPPER_ROOT;44055;9;44053;8;;;44068;12;44069;10;;;44062.0;0.0
31;63000;ASH_COATED_OSMIUM;9991;12;9988;13;9986;27;10009;14;10011;22;10013;12;10000.5;0.0
31;63000;INTARIAN_PEPPER_ROOT;44053;10;;;;;44066;8;;;;;44060.0;0.0
31;63100;ASH_COATED_OSMIUM;9991;14;9989;15;9986;13;10007;13;10009;10;10012;15;9999.0;0.0
31;63100;INTARIAN_PEPPER_ROOT;44055;12;;;;;44067;9;;;;;44061.5;0.0
31;63200;ASH_COATED_OSMIUM;9986;13;;;;;10005;12;;;;;9996.0;0.0
31;63200;INTARIAN_PEPPER_ROOT;44056;12;44055;20;44053;10;44070;11;44071;9;44072;8;44063.5;0.0
31;63300;ASH_COATED_OSMIUM;9995;12;;;;;10011;13;;;;;10003.0;0.0
31;63300;INTARIAN_PEPPER_ROOT;44059;9;44056;9;44053;18;44073;20;44074;10;44076;12;44066.5;0.0
31;63400;ASH_COATED_OSMIUM;9985;12;;;;;10003;14;;;;;9994.5;0.0
31;63400;INTARIAN_PEPPER_ROOT;44057;16;44055;11;44053;12;44069;11;44070;8;44071;9;44063.5;0.0
31;63500;ASH_COATED_OSMIUM;9991;13;9989;14;;;10007;15;10008;15;;;9999.0;0.0
31;63500;INTARIAN_PEPPER_ROOT;44057;8;44054;12;44052;20;44071;10;44072;11;44073;10;44064.0;0.0
31;63600;ASH_COATED_OSMIUM;9993;11;9992;13;;;10009;10;10011;13;;;10001.0;0.0
31;63600;INTARIAN_PEPPER_ROOT;44056;10;44053;7;44052;10;44069;10;44072;21;44075;21;44062.5;0.0
31;63700;ASH_COATED_OSMIUM;9991;23;9990;14;9987;28;10007;24;10008;10;10009;26;9999.0;0.0
