day;timestamp;product;bid_price_1;bid_volume_1;bid_price_2;bid_volume_2;bid_price_3;bid_volume_3;ask_price_1;ask_volume_1;ask_price_2;ask_volume_2;ask_price_3;ask_volume_3;mid_price;profit_and_loss
3;0;ASH_COATED_OSMIUM;9995;11;9992;28;;;10011;14;10013;14;;;10003.0;0.0
3;0;INTARIAN_PEPPER_ROOT;15995;10;15994;11;15993;17;16007;10;16010;10;16012;8;16001.0;0.0
3;100;ASH_COATED_OSMIUM;9990;15;;;;;10006;29;;;;;9998.5;0.0
3;100;INTARIAN_PEPPER_ROOT;15994;11;15993;18;15990;24;16005;5;16006;11;16007;10;15999.5;0.0
3;200;ASH_COATED_OSMIUM;9995;14;9993;13;;;10011;13;10014;12;;;10003.0;0.0
3;200;INTARIAN_PEPPER_ROOT;15988;8;15986;16;15983;25;16000;12;16001;11;16003;9;15994.0;0.0
3;300;ASH_COATED_OSMIUM;9995;28;9992;11;;;10011;15;10014;14;;;10003.0;0.0
3;300;INTARIAN_PEPPER_ROOT;15995;10;;;;;16007;24;;;;;16001.5;0.0
3;400;ASH_COATED_OSMIUM;9995;12;9994;13;;;10011;25;10013;14;;;10003.0;0.0
3;400;INTARIAN_PEPPER_ROOT;15994;11;15991;8;;;16008;8;16009;12;;;16001.0;0.0
3;500;ASH_COATED_OSMIUM;9995;20;9993;15;;;10011;11;10014;13;;;10003.0;0.0
3;500;INTARIAN_PEPPER_ROOT;15995;21;15994;12;15991;9;16010;7;16011;12;16012;8;16002.5;0.0
3;600;ASH_COATED_OSMIUM;9994;29;9992;12;;;10012;14;10015;13;;;10003.0;0.0
3;600;INTARIAN_PEPPER_ROOT;15993;11;15992;11;;;16004;9;16007;10;;;15999.0;0.0
3;700;ASH_COATED_OSMIUM;9989;15;9987;24;9986;11;10005;20;10006;13;10008;10;9997.5;0.0
3;700;INTARIAN_PEPPER_ROOT;15997;18;15994;12;;;16010;8;16013;19;;;16003.5;0.0
3;800;ASH_COATED_OSMIUM;9989;10;;;;;10007;15;;;;;9998.0;0.0
3;800;INTARIAN_PEPPER_ROOT;15993;10;15991;11;;;16008;21;16011;12;;;16000.5;0.0
3;900;ASH_COATED_OSMIUM;9995;25;9993;28;9992;24;10011;10;10014;14;10016;2;10003.0;0.0
3;900;INTARIAN_PEPPER_ROOT;15996;11;;;;;16007;9;;;;;16001.5;0.0
3;1000;ASH_COATED_OSMIUM;9989;11;9988;13;;;10007;10;10010;22;;;9998.0;0.0
3;1000;INTARIAN_PEPPER_ROOT;15996;9;15993;17;;;16008;11;16011;11;;;16002.5;0.0
3;1100;ASH_COATED_OSMIUM;9995;30;9992;14;;;10011;10;10012;25;;;10003.0;0.0
3;1100;INTARIAN_PEPPER_ROOT;15994;9;15992;11;;;16007;11;16010;11;;;16000.5;0.0
3;1200;ASH_COATED_OSMIUM;9988;13;9986;12;9983;12;10004;12;10006;14;10007;12;9996.5;0.0
3;1200;INTARIAN_PEPPER_ROOT;15994;8;15991;9;15988;8;16010;20;16011;8;16012;9;16002.0;0.0
3;1300;ASH_COATED_OSMIUM;9992;15;9989;12;9987;11;10010;14;10013;11;10015;10;10001.5;0.0
3;1300;INTARIAN_PEPPER_ROOT;15998;11;15995;8;;;16009;11;16012;19;;;16004.0;0.0
3;1400;ASH_COATED_OSMIUM;9993;12;;;;;10011;11;;;;;10002.0;0.0
3;1400;INTARIAN_PEPPER_ROOT;15991;15;15989;8;;;16003;23;16004;10;;;15997.0;0.0
3;1500;ASH_COATED_OSMIUM;9989;12;9988;15;;;10005;14;10008;14;;;9997.0;0.0
3;1500;INTARIAN_PEPPER_ROOT;15992;10;15989;21;;;16005;8;16007;9;;;15998.5;0.0
3;1600;ASH_COATED_OSMIUM;9994;14;9992;14;;;10010;15;10013;13;;;10002.5;0.0
3;1600;INTARIAN_PEPPER_ROOT;15992;11;15989;11;15986;9;16007;12;16008;11;16011;24;16000.0;0.0
3;1700;ASH_COATED_OSMIUM;9989;10;9988;14;9986;10;10005;11;10006;14;10009;13;9997.0;0.0
3;1700;INTARIAN_PEPPER_ROOT;15993;15;15990;9;;;16004;11;16007;11;;;15999.0;0.0
3;1800;ASH_COATED_OSMIUM;9999;10;;;;;10004;11;;;;;10002.0;0.0
3;1800;INTARIAN_PEPPER_ROOT;15995;10;15994;12;15993;11;16007;16;16010;11;16013;9;16001.0;0.0
3;1900;ASH_COATED_OSMIUM;9988;15;;;;;10004;11;;;;;9996.0;0.0
3;1900;INTARIAN_PEPPER_ROOT;15995;10;15992;11;;;16007;12;16008;8;;;16001.0;0.0
3;2000;ASH_COATED_OSMIUM;9987;13;;;;;10003;15;;;;;9995.5;0.0
3;2000;INTARIAN_PEPPER_ROOT;15993;11;15991;12;15988;12;16007;12;16009;12;16010;9;16000.0;0.0
3;2100;ASH_COATED_OSMIUM;9992;13;9990;14;;;9998;13;10000;5;;;9995.5;0.0
3;2100;INTARIAN_PEPPER_ROOT;15995;24;15993;9;;;16008;11;16011;8;;;16002.0;0.0
3;2200;ASH_COATED_OSMIUM;9988;14;9987;13;;;10004;8;10007;11;;;9996.0;0.0
3;2200;INTARIAN_PEPPER_ROOT;15998;11;15997;12;15995;10;16000;24;16001;10;16004;6;15999.5;0.0
3;2300;ASH_COATED_OSMIUM;9988;23;9987;15;;;10004;11;10007;14;;;9996.5;0.0
3;2300;INTARIAN_PEPPER_ROOT;15994;20;15993;24;;;16007;8;16010;11;;;16000.5;0.0
3;2400;ASH_COATED_OSMIUM;9992;30;9990;13;9988;27;10011;14;10012;11;10014;10;10001.5;0.0
3;2400;INTARIAN_PEPPER_ROOT;15994;11;15992;9;15991;9;16007;10;16010;20;16012;12;16000.5;0.0
3;2500;ASH_COATED_OSMIUM;9993;15;9992;15;;;10009;15;10012;11;;;10001.0;0.0
3;2500;INTARIAN_PEPPER_ROOT;15995;12;;;;;16009;20;;;;;16002.5;0.0
3;2600;ASH_COATED_OSMIUM;9993;10;;;;;10009;12;;;;;10001.5;0.0
3;2600;INTARIAN_PEPPER_ROOT;15995;20;;;;;16009;9;;;;;16002.0;0.0
3;2700;ASH_COATED_OSMIUM;9993;15;9990;13;9988;12;10009;15;10012;13;10015;11;10001.5;0.0
3;2700;INTARIAN_PEPPER_ROOT;15996;12;15994;11;;;16009;25;16012;11;;;16002.5;0.0
3;2800;ASH_COATED_OSMIUM;9993;10;9990;12;;;10009;15;10010;14;;;10001.0;0.0
3;2800;INTARIAN_PEPPER_ROOT;15997;22;15994;9;15991;12;16010;17;16013;10;16015;16;16003.5;0.0
3;2900;ASH_COATED_OSMIUM;9993;13;9992;15;;;10009;10;10012;27;;;10001.0;0.0
3;2900;INTARIAN_PEPPER_ROOT;15993;12;15992;8;;;16010;24;16013;11;;;16002.0;0.0
3;3000;ASH_COATED_OSMIUM;9992;27;9991;10;9989;15;10011;20;10013;13;10016;11;10001.5;0.0
3;3000;INTARIAN_PEPPER_ROOT;16000;9;;;;;16013;8;;;;;16006.5;0.0
3;3100;ASH_COATED_OSMIUM;9993;14;9991;10;;;10009;11;10010;10;;;10001.5;0.0
3;3100;INTARIAN_PEPPER_ROOT;15999;8;;;;;16011;12;;;;;16005.5;0.0
3;3200;ASH_COATED_OSMIUM;9988;14;9987;12;9985;12;10004;15;10006;10;10009;12;9996.5;0.0
3;3200;INTARIAN_PEPPER_ROOT;16000;20;15997;8;;;16015;11;16017;8;;;16007.5;0.0
3;3300;ASH_COATED_OSMIUM;9988;12;9986;14;;;10004;15;10007;14;;;9996.0;0.0
3;3300;INTARIAN_PEPPER_ROOT;15999;23;;;;;16011;11;;;;;16005.0;0.0
3;3400;ASH_COATED_OSMIUM;9993;29;;;;;10009;14;;;;;10001.5;0.0
3;3400;INTARIAN_PEPPER_ROOT;15998;9;15995;12;15994;8;16011;11;16013;12;16016;12;16005.0;0.0
3;3500;ASH_COATED_OSMIUM;9993;15;9992;12;;;10009;15;10012;15;;;10001.0;0.0
3;3500;INTARIAN_PEPPER_ROOT;15996;17;15993;10;;;16013;18;16016;8;;;16005.0;0.0
3;3600;ASH_COATED_OSMIUM;9994;10;9991;24;9990;10;9999;14;10002;11;10004;4;9997.0;0.0
3;3600;INTARIAN_PEPPER_ROOT;15995;10;15994;12;;;16009;9;16011;12;;;16002.0;0.0
3;3700;ASH_COATED_OSMIUM;9992;12;;;;;10011;14;;;;;10002.0;0.0
3;3700;INTARIAN_PEPPER_ROOT;15999;11;15998;16;15997;18;16011;12;16012;12;16014;10;16005.0;0.0
3;3800;ASH_COATED_OSMIUM;9992;4;9990;2;;;10011;12;10012;12;;;10002.0;0.0
3;3800;INTARIAN_PEPPER_ROOT;15995;9;;;;;16007;9;;;;;16001.5;0.0
3;3900;ASH_COATED_OSMIUM;9992;10;9989;10;9988;11;10001;29;10002;13;10005;12;9996.5;0.0
3;3900;INTARIAN_PEPPER_ROOT;15991;12;15990;12;;;16007;12;16009;11;;;15999.5;0.0
3;4000;ASH_COATED_OSMIUM;9988;15;;;;;10004;12;;;;;9996.5;0.0
3;4000;INTARIAN_PEPPER_ROOT;15996;12;15994;12;;;16009;17;16010;8;;;16003.0;0.0
3;4100;ASH_COATED_OSMIUM;9988;29;9986;15;;;10004;14;10005;10;;;9996.5;0.0
3;4100;INTARIAN_PEPPER_ROOT;15995;9;15994;23;;;16008;12;16009;9;;;16002.0;0.0
3;4200;ASH_COATED_OSMIUM;9993;14;9992;11;;;10009;27;10012;20;;;10001.5;0.0
3;4200;INTARIAN_PEPPER_ROOT;15998;19;15996;12;;;16010;9;16013;8;;;16004.0;0.0
3;4300;ASH_COATED_OSMIUM;9988;14;9985;14;;;10004;15;10007;10;;;9996.0;0.0
3;4300;INTARIAN_PEPPER_ROOT;16000;19;15998;9;;;16012;16;16014;10;;;16006.0;0.0
3;4400;ASH_COATED_OSMIUM;9992;10;;;;;10010;10;;;;;10001.0;0.0
3;4400;INTARIAN_PEPPER_ROOT;16000;11;15999;9;15997;8;16014;9;16017;12;16018;16;16007.0;0.0
3;4500;ASH_COATED_OSMIUM;9988;14;;;;;10004;13;;;;;9996.5;0.0
3;4500;INTARIAN_PEPPER_ROOT;15999;10;;;;;16012;22;;;;;16005.5;0.0
3;4600;ASH_COATED_OSMIUM;9999;10;9997;14;;;10005;15;10007;12;;;10002.0;0.0
3;4600;INTARIAN_PEPPER_ROOT;15998;12;15995;11;15994;10;16010;12;16011;9;16014;8;16004.5;0.0
3;4700;ASH_COATED_OSMIUM;9994;30;9991;13;;;10010;14;10013;14;;;10002.5;0.0
3;4700;INTARIAN_PEPPER_ROOT;15998;10;15995;23;;;16010;16;16012;21;;;16004.0;0.0
3;4800;ASH_COATED_OSMIUM;9992;11;9990;15;;;10011;15;10012;2;;;10002.0;0.0
3;4800;INTARIAN_PEPPER_ROOT;16000;9;15999;20;15998;9;16013;12;16014;11;16017;12;16007.0;0.0
3;4900;ASH_COATED_OSMIUM;9989;14;;;;;10005;14;;;;;9997.0;0.0
3;4900;INTARIAN_PEPPER_ROOT;15994;10;;;;;16010;9;;;;;16002.0;0.0
3;5000;ASH_COATED_OSMIUM;9990;23;9989;14;9988;10;10006;13;10009;14;10012;21;9998.0;0.0
3;5000;INTARIAN_PEPPER_ROOT;16002;10;;;;;16013;8;;;;;16007.5;0.0
3;5100;ASH_COATED_OSMIUM;9990;7;9988;22;9987;13;10006;14;10007;12;10010;14;9998.0;0.0
3;5100;INTARIAN_PEPPER_ROOT;16004;10;;;;;16017;12;;;;;16011.0;0.0
3;5200;ASH_COATED_OSMIUM;9994;13;9993;10;;;10010;12;10011;29;;;10002.5;0.0
3;5200;INTARIAN_PEPPER_ROOT;16003;9;;;;;16014;15;;;;;16009.0;0.0
3;5300;ASH_COATED_OSMIUM;9994;14;9991;12;;;10010;3;10012;14;;;10002.5;0.0
3;5300;INTARIAN_PEPPER_ROOT;15999;5;15998;11;15997;10;16011;12;16014;10;16016;9;16005.0;0.0
3;5400;ASH_COATED_OSMIUM;9994;26;9993;12;;;10010;28;10011;12;;;10002.0;0.0
3;5400;INTARIAN_PEPPER_ROOT;15998;8;15996;8;;;16017;11;16020;11;;;16008.0;0.0
3;5500;ASH_COATED_OSMIUM;9993;10;9990;23;9989;14;10011;12;10014;14;10015;13;10002.0;0.0
3;5500;INTARIAN_PEPPER_ROOT;15998;8;15995;9;;;16011;8;16012;8;;;16004.5;0.0
3;5600;ASH_COATED_OSMIUM;9994;15;9992;11;;;10010;10;10011;24;;;10002.0;0.0
3;5600;INTARIAN_PEPPER_ROOT;15998;8;;;;;16010;9;;;;;16004.5;0.0
3;5700;ASH_COATED_OSMIUM;9993;12;9990;14;;;10011;13;10013;29;;;10002.0;0.0
3;5700;INTARIAN_PEPPER_ROOT;15999;10;;;;;16010;10;;;;;16004.5;0.0
3;5800;ASH_COATED_OSMIUM;9991;14;;;;;10001;10;;;;;9996.5;0.0
3;5800;INTARIAN_PEPPER_ROOT;16005;10;;;;;16010;20;;;;;16007.5;0.0
3;5900;ASH_COATED_OSMIUM;9985;10;9984;22;9983;20;10004;12;10006;13;10008;15;9994.5;0.0
3;5900;INTARIAN_PEPPER_ROOT;16003;10;;;;;16017;12;;;;;16010.0;0.0
3;6000;ASH_COATED_OSMIUM;9990;14;9989;20;;;9999;14;10000;13;;;9995.0;0.0
3;6000;INTARIAN_PEPPER_ROOT;16000;11;15998;10;;;16012;12;16013;10;;;16006.0;0.0
3;6100;ASH_COATED_OSMIUM;9987;12;9986;13;9985;30;10003;11;10005;13;10007;13;9995.0;0.0
3;6100;INTARIAN_PEPPER_ROOT;16000;25;;;;;16014;12;;;;;16007.0;0.0
3;6200;ASH_COATED_OSMIUM;9986;11;9984;27;;;10004;10;10006;11;;;9995.5;0.0
3;6200;INTARIAN_PEPPER_ROOT;15999;23;15996;12;15993;11;16011;9;16014;25;16017;12;16005.5;0.0
3;6300;ASH_COATED_OSMIUM;9988;11;9985;12;9982;23;10004;14;10006;13;10008;14;9996.0;0.0
3;6300;INTARIAN_PEPPER_ROOT;15997;12;15996;11;15994;8;16009;10;16010;10;16013;10;16003.5;0.0
3;6400;ASH_COATED_OSMIUM;9996;22;9994;10;;;10006;12;10007;10;;;10001.5;0.0
3;6400;INTARIAN_PEPPER_ROOT;15998;10;;;;;16017;11;;;;;16008.0;0.0
3;6500;ASH_COATED_OSMIUM;9988;12;;;;;10004;5;;;;;9996.5;0.0
3;6500;INTARIAN_PEPPER_ROOT;15998;11;15995;4;;;16012;12;16013;8;;;16005.0;0.0
3;6600;ASH_COATED_OSMIUM;9993;10;9991;20;9988;11;10009;11;10012;14;10013;14;10001.5;0.0
3;6600;INTARIAN_PEPPER_ROOT;16003;11;;;;;16010;10;;;;;16007.0;0.0
3;6700;ASH_COATED_OSMIUM;9992;13;;;;;10010;25;;;;;10001.0;0.0
3;6700;INTARIAN_PEPPER_ROOT;16004;11;16002;10;;;16006;8;16007;12;;;16005.0;0.0
3;6800;ASH_COATED_OSMIUM;9993;10;9992;24;;;10009;13;10012;11;;;10001.0;0.0
3;6800;INTARIAN_PEPPER_ROOT;16001;18;16000;12;;;16015;12;16017;22;;;16008.5;0.0
3;6900;ASH_COATED_OSMIUM;9987;23;;;;;10005;11;;;;;9996.5;0.0
3;6900;INTARIAN_PEPPER_ROOT;15999;11;15998;18;;;16011;12;16012;10;;;16005.5;0.0
3;7000;ASH_COATED_OSMIUM;9992;12;9989;12;;;10011;10;10014;12;;;10001.5;0.0
3;7000;INTARIAN_PEPPER_ROOT;16003;11;;;;;16015;8;;;;;16009.0;0.0
3;7100;ASH_COATED_OSMIUM;9995;15;9993;13;;;10006;11;10008;14;;;10001.0;0.0
3;7100;INTARIAN_PEPPER_ROOT;16002;17;16001;10;;;16014;8;16015;9;;;16008.0;0.0
3;7200;ASH_COATED_OSMIUM;9987;11;;;;;10006;11;;;;;9996.5;0.0
3;7200;INTARIAN_PEPPER_ROOT;16001;8;15999;8;;;16012;10;16014;12;;;16007.0;0.0
3;7300;ASH_COATED_OSMIUM;9994;12;;;;;10010;14;;;;;10002.0;0.0
3;7300;INTARIAN_PEPPER_ROOT;16001;12;15999;20;15996;9;16017;11;16018;24;16019;10;16009.0;0.0
3;7400;ASH_COATED_OSMIUM;9992;15;;;;;10011;12;;;;;10002.0;0.0
3;7400;INTARIAN_PEPPER_ROOT;16002;9;15999;10;15997;12;16014;9;16017;10;16018;10;16008.5;0.0
3;7500;ASH_COATED_OSMIUM;9993;15;9990;21;;;10009;29;10010;10;;;10001.5;0.0
3;7500;INTARIAN_PEPPER_ROOT;16001;8;15998;8;;;16012;9;16015;20;;;16007.0;0.0
3;7600;ASH_COATED_OSMIUM;9993;15;9990;14;;;10009;15;10012;22;;;10001.5;0.0
3;7600;INTARIAN_PEPPER_ROOT;15999;12;;;;;16015;8;;;;;16007.5;0.0
3;7700;ASH_COATED_OSMIUM;9992;24;;;;;10010;10;;;;;10001.5;0.0
3;7700;INTARIAN_PEPPER_ROOT;16001;11;16000;6;;;16015;8;16016;8;;;16008.0;0.0
3;7800;ASH_COATED_OSMIUM;9987;15;9985;11;;;10003;5;10006;10;;;9995.5;0.0
3;7800;INTARIAN_PEPPER_ROOT;16000;11;15999;12;;;16012;9;16013;10;;;16006.0;0.0
3;7900;ASH_COATED_OSMIUM;9990;15;9988;11;;;10000;12;10001;10;;;9995.0;0.0
3;7900;INTARIAN_PEPPER_ROOT;16003;9;;;;;16015;12;;;;;16009.5;0.0
3;8000;ASH_COATED_OSMIUM;9992;15;9991;29;9988;13;10008;13;10011;12;10014;25;10000.5;0.0
3;8000;INTARIAN_PEPPER_ROOT;15995;9;15994;9;;;16010;9;16013;8;;;16003.0;0.0
3;8100;ASH_COATED_OSMIUM;9985;15;;;;;10003;3;;;;;9994.5;0.0
3;8100;INTARIAN_PEPPER_ROOT;16005;9;16004;9;;;16017;12;16020;11;;;16011.0;0.0
3;8200;ASH_COATED_OSMIUM;9992;10;;;;;10008;12;;;;;10000.0;0.0
3;8200;INTARIAN_PEPPER_ROOT;16005;11;;;;;16017;8;;;;;16011.0;0.0
3;8300;ASH_COATED_OSMIUM;9992;14;9990;10;9987;22;10008;25;10009;11;10011;13;10000.0;0.0
3;8300;INTARIAN_PEPPER_ROOT;16001;19;;;;;16014;8;;;;;16007.5;0.0
3;8400;ASH_COATED_OSMIUM;9986;12;9984;12;;;10002;14;10005;12;;;9994.5;0.0
3;8400;INTARIAN_PEPPER_ROOT;15998;10;15995;11;;;16013;11;16015;8;;;16005.5;0.0
3;8500;ASH_COATED_OSMIUM;9989;11;9987;13;;;9999;11;10001;15;;;9994.5;0.0
3;8500;INTARIAN_PEPPER_ROOT;15998;11;15996;12;;;16011;8;16014;8;;;16005.0;0.0
3;8600;ASH_COATED_OSMIUM;9990;2;9989;15;9987;10;10009;15;10012;12;10013;13;9999.5;0.0
3;8600;INTARIAN_PEPPER_ROOT;16003;9;16000;10;15999;20;16016;8;16018;9;16019;12;16009.5;0.0
3;8700;ASH_COATED_OSMIUM;9986;30;9984;10;9981;14;10002;15;10005;4;10008;15;9994.5;0.0
3;8700;INTARIAN_PEPPER_ROOT;16000;8;;;;;16016;10;;;;;16008.5;0.0
3;8800;ASH_COATED_OSMIUM;9991;4;;;;;10007;14;;;;;9999.5;0.0
3;8800;INTARIAN_PEPPER_ROOT;16001;9;16000;9;;;16016;8;16017;12;;;16009.0;0.0
3;8900;ASH_COATED_OSMIUM;9986;10;9984;10;9982;12;10002;12;10005;15;10007;21;9994.0;0.0
3;8900;INTARIAN_PEPPER_ROOT;15999;12;15998;17;;;16011;10;16014;25;;;16005.5;0.0
3;9000;ASH_COATED_OSMIUM;9986;24;;;;;10002;11;;;;;9994.0;0.0
3;9000;INTARIAN_PEPPER_ROOT;16003;9;16001;11;;;16015;8;16017;8;;;16009.0;0.0
3;9100;ASH_COATED_OSMIUM;9986;14;9985;12;9984;15;10002;10;10004;15;10005;14;9994.0;0.0
3;9100;INTARIAN_PEPPER_ROOT;16003;10;;;;;16018;5;;;;;16010.5;0.0
3;9200;ASH_COATED_OSMIUM;9985;12;9983;15;;;10003;11;10006;23;;;9994.0;0.0
3;9200;INTARIAN_PEPPER_ROOT;16004;11;;;;;16017;9;;;;;16011.0;0.0
3;9300;ASH_COATED_OSMIUM;9991;14;9990;14;;;10007;23;10008;10;;;9999.0;0.0
3;9300;INTARIAN_PEPPER_ROOT;16006;25;;;;;16023;9;;;;;16014.5;0.0
3;9400;ASH_COATED_OSMIUM;9991;27;9989;12;9988;14;10007;10;10008;11;10010;10;9999.5;0.0
3;9400;INTARIAN_PEPPER_ROOT;16001;11;16000;19;15998;10;16016;9;16019;16;16020;18;16008.5;0.0
3;9500;ASH_COATED_OSMIUM;9990;15;9988;12;9985;26;10008;14;10011;29;10013;11;9999.5;0.0
3;9500;INTARIAN_PEPPER_ROOT;15999;21;15996;8;;;16011;12;16014;12;;;16005.0;0.0
3;9600;ASH_COATED_OSMIUM;9989;3;9986;14;;;9999;11;10000;20;;;9994.0;0.0
3;9600;INTARIAN_PEPPER_ROOT;15999;9;;;;;16011;9;;;;;16005.5;0.0
3;9700;ASH_COATED_OSMIUM;9983;11;9980;10;9977;12;10004;10;10005;14;10006;12;9994.0;0.0
3;9700;INTARIAN_PEPPER_ROOT;16003;11;16001;8;15998;3;16016;12;16019;18;16021;11;16009.5;0.0
3;9800;ASH_COATED_OSMIUM;9992;12;9991;25;;;10008;14;10010;11;;;10000.0;0.0
3;9800;INTARIAN_PEPPER_ROOT;15999;22;;;;;16013;12;;;;;16006.5;0.0
3;9900;ASH_COATED_OSMIUM;9986;15;;;;;10002;10;;;;;9994.5;0.0
3;9900;INTARIAN_PEPPER_ROOT;16004;10;16001;11;15999;12;16016;9;16018;8;16019;12;16010.5;0.0
3;10000;ASH_COATED_OSMIUM;9986;11;9983;20;;;10002;11;10003;11;;;9994.5;0.0
3;10000;INTARIAN_PEPPER_ROOT;15999;12;;;;;16016;10;;;;;16007.5;0.0
3;10100;ASH_COATED_OSMIUM;9986;12;9983;10;;;10002;12;10004;12;;;9994.5;0.0
3;10100;INTARIAN_PEPPER_ROOT;16006;10;16003;19;;;16018;17;16021;9;;;16012.0;0.0
3;10200;ASH_COATED_OSMIUM;9991;13;9990;15;9987;26;10007;26;10008;11;10011;13;9999.0;0.0
3;10200;INTARIAN_PEPPER_ROOT;16003;9;16000;20;15998;11;16017;12;16020;9;16022;22;16010.0;0.0
3;10300;ASH_COATED_OSMIUM;9986;10;9984;10;;;10002;10;10005;12;;;9994.0;0.0
3;10300;INTARIAN_PEPPER_ROOT;16004;12;16003;9;16000;12;16016;12;16019;9;16022;8;16010.0;0.0
3;10400;ASH_COATED_OSMIUM;9983;22;;;;;10004;4;;;;;9994.0;0.0
3;10400;INTARIAN_PEPPER_ROOT;16003;12;16002;25;;;16015;11;16016;8;;;16009.5;0.0
3;10500;ASH_COATED_OSMIUM;9990;10;9987;14;;;10006;14;10008;13;;;9998.5;0.0
3;10500;INTARIAN_PEPPER_ROOT;16009;9;16008;12;;;16021;23;16022;10;;;16015.0;0.0
3;10600;ASH_COATED_OSMIUM;9983;14;9982;15;;;10002;15;10003;10;;;9992.5;0.0
3;10600;INTARIAN_PEPPER_ROOT;16006;12;;;;;16018;11;;;;;16012.5;0.0
3;10700;ASH_COATED_OSMIUM;9984;12;9982;13;9980;15;10003;12;10005;28;10008;14;9994.0;0.0
3;10700;INTARIAN_PEPPER_ROOT;16003;12;;;;;16017;21;;;;;16010.0;0.0
3;10800;ASH_COATED_OSMIUM;9990;10;9987;12;;;10006;11;10007;30;;;9998.5;0.0
3;10800;INTARIAN_PEPPER_ROOT;16001;12;15998;20;15996;9;16012;11;16013;12;16015;8;16007.0;0.0
3;10900;ASH_COATED_OSMIUM;9991;12;9990;30;9989;22;10007;14;10010;11;10013;28;9999.0;0.0
3;10900;INTARIAN_PEPPER_ROOT;16002;12;16001;12;15998;12;16019;11;16022;9;16025;9;16011.0;0.0
3;11000;ASH_COATED_OSMIUM;9989;13;9986;13;;;10008;12;10010;14;;;9998.5;0.0
3;11000;INTARIAN_PEPPER_ROOT;16004;11;;;;;16016;15;;;;;16010.5;0.0
3;11100;ASH_COATED_OSMIUM;9990;11;;;;;10006;24;;;;;9998.5;0.0
3;11100;INTARIAN_PEPPER_ROOT;16007;17;16005;12;16003;11;16018;10;16021;10;16023;8;16013.0;0.0
3;11200;ASH_COATED_OSMIUM;9985;27;9983;22;9980;12;10001;15;10004;10;10005;27;9993.0;0.0
3;11200;INTARIAN_PEPPER_ROOT;16007;10;;;;;16019;22;;;;;16013.0;0.0
3;11300;ASH_COATED_OSMIUM;9985;13;9984;14;;;10001;12;10003;11;;;9993.0;0.0
3;11300;INTARIAN_PEPPER_ROOT;16001;11;16000;10;;;16017;10;16020;11;;;16009.0;0.0
3;11400;ASH_COATED_OSMIUM;9988;10;9986;10;;;9998;29;9999;20;;;9993.0;0.0
3;11400;INTARIAN_PEPPER_ROOT;16005;8;16004;9;;;16020;12;16021;8;;;16013.0;0.0
3;11500;ASH_COATED_OSMIUM;9990;10;;;;;10006;11;;;;;9998.0;0.0
3;11500;INTARIAN_PEPPER_ROOT;16004;12;;;;;16017;10;;;;;16010.5;0.0
3;11600;ASH_COATED_OSMIUM;9990;11;;;;;10006;15;;;;;9998.0;0.0
3;11600;INTARIAN_PEPPER_ROOT;16005;8;;;;;16018;19;;;;;16011.5;0.0
3;11700;ASH_COATED_OSMIUM;9984;13;9983;14;;;10002;20;10005;13;;;9993.0;0.0
3;11700;INTARIAN_PEPPER_ROOT;16005;12;16002;12;;;16016;10;16019;15;;;16010.5;0.0
3;11800;ASH_COATED_OSMIUM;9987;15;9986;15;9985;15;10006;14;10007;10;10009;15;9997.0;0.0
3;11800;INTARIAN_PEPPER_ROOT;16007;9;16006;11;;;16020;8;16022;12;;;16014.0;0.0
3;11900;ASH_COATED_OSMIUM;9983;10;9981;10;9980;15;9999;13;10002;3;10005;13;9991.5;0.0
3;11900;INTARIAN_PEPPER_ROOT;16008;8;16006;23;;;16019;11;16020;11;;;16014.0;0.0
3;12000;ASH_COATED_OSMIUM;9983;23;9980;14;;;10001;14;10002;15;;;9992.0;0.0
3;12000;INTARIAN_PEPPER_ROOT;16008;11;16005;11;16003;11;16021;9;16023;9;16026;23;16014.5;0.0
3;12100;ASH_COATED_OSMIUM;9982;10;;;;;10001;22;;;;;9991.5;0.0
3;12100;INTARIAN_PEPPER_ROOT;16006;10;16004;11;;;16017;11;16019;10;;;16011.5;0.0
3;12200;ASH_COATED_OSMIUM;9989;13;9986;24;;;10005;12;10007;9;;;9997.0;0.0
3;12200;INTARIAN_PEPPER_ROOT;16007;19;16006;12;;;16020;10;16022;8;;;16013.5;0.0
3;12300;ASH_COATED_OSMIUM;9988;10;;;;;10007;13;;;;;9997.5;0.0
3;12300;INTARIAN_PEPPER_ROOT;16008;10;16006;10;;;16022;12;16023;11;;;16015.0;0.0
3;12400;ASH_COATED_OSMIUM;9989;15;;;;;10005;28;;;;;9997.5;0.0
3;12400;INTARIAN_PEPPER_ROOT;16005;11;;;;;16021;8;;;;;16013.0;0.0
3;12500;ASH_COATED_OSMIUM;9984;13;9983;13;;;10000;14;10001;28;;;9992.0;0.0
3;12500;INTARIAN_PEPPER_ROOT;16004;10;;;;;16021;22;;;;;16013.0;0.0
3;12600;ASH_COATED_OSMIUM;9983;14;9980;15;9978;11;10001;12;10002;14;10003;14;9992.0;0.0
3;12600;INTARIAN_PEPPER_ROOT;16005;17;16003;11;;;16021;10;16023;8;;;16013.0;0.0
3;12700;ASH_COATED_OSMIUM;9983;14;9981;10;9978;11;9999;12;10000;23;10001;12;9991.0;0.0
3;12700;INTARIAN_PEPPER_ROOT;16007;9;16006;12;;;16021;8;16024;10;;;16014.0;0.0
3;12800;ASH_COATED_OSMIUM;9988;15;9987;15;9986;14;10004;15;10007;24;10008;30;9996.5;0.0
3;12800;INTARIAN_PEPPER_ROOT;16005;8;;;;;16020;24;;;;;16012.5;0.0
3;12900;ASH_COATED_OSMIUM;9988;5;9985;12;;;10004;14;10005;15;;;9996.5;0.0
3;12900;INTARIAN_PEPPER_ROOT;16007;8;16006;11;16003;8;16021;8;16023;10;16026;25;16014.0;0.0
3;13000;ASH_COATED_OSMIUM;9987;11;9986;10;;;10006;20;10008;15;;;9997.0;0.0
3;13000;INTARIAN_PEPPER_ROOT;16006;9;16004;10;16002;9;16022;19;16023;9;16024;11;16014.5;0.0
3;13100;ASH_COATED_OSMIUM;9982;10;9980;24;;;10000;14;10002;15;;;9991.0;0.0
3;13100;INTARIAN_PEPPER_ROOT;16007;10;16005;8;16002;9;16019;8;16022;9;16024;11;16013.0;0.0
3;13200;ASH_COATED_OSMIUM;9988;13;;;;;10004;14;;;;;9996.0;0.0
3;13200;INTARIAN_PEPPER_ROOT;16008;8;16007;12;;;16021;11;16023;8;;;16015.0;0.0
3;13300;ASH_COATED_OSMIUM;9983;14;9980;10;;;9999;29;10001;24;;;9991.0;0.0
3;13300;INTARIAN_PEPPER_ROOT;16006;8;;;;;16020;24;;;;;16013.5;0.0
3;13400;ASH_COATED_OSMIUM;9983;26;;;;;9999;10;;;;;9991.0;0.0
3;13400;INTARIAN_PEPPER_ROOT;16007;15;;;;;16023;25;;;;;16015.0;0.0
3;13500;ASH_COATED_OSMIUM;9983;12;9982;10;;;9999;29;10000;12;;;9991.5;0.0
3;13500;INTARIAN_PEPPER_ROOT;16008;8;16006;11;;;16024;9;16026;9;;;16016.0;0.0
3;13600;ASH_COATED_OSMIUM;9988;21;9987;15;9986;28;10006;15;10008;10;10009;14;9997.5;0.0
3;13600;INTARIAN_PEPPER_ROOT;16003;23;16002;25;16001;12;16020;8;16022;11;16025;12;16012.0;0.0
3;13700;ASH_COATED_OSMIUM;9984;15;9983;10;;;10000;12;10002;12;;;9992.5;0.0
3;13700;INTARIAN_PEPPER_ROOT;16007;12;16004;15;;;16021;22;16022;9;;;16014.5;0.0
3;13800;ASH_COATED_OSMIUM;9987;12;9985;14;9982;11;10006;12;10009;13;10012;10;9997.0;0.0
3;13800;INTARIAN_PEPPER_ROOT;16009;8;16006;8;;;16022;10;16024;15;;;16016.0;0.0
3;13900;ASH_COATED_OSMIUM;9982;14;9981;10;;;10001;11;10002;11;;;9991.5;0.0
3;13900;INTARIAN_PEPPER_ROOT;16007;22;16005;10;16003;11;16022;12;16023;9;16024;21;16014.5;0.0
3;14000;ASH_COATED_OSMIUM;9988;15;9987;11;9986;14;10004;14;10007;2;10010;4;9996.5;0.0
3;14000;INTARIAN_PEPPER_ROOT;16010;9;16008;9;;;16022;24;16025;10;;;16016.0;0.0
3;14100;ASH_COATED_OSMIUM;9983;14;9982;10;;;9999;14;10002;12;;;9991.0;0.0
3;14100;INTARIAN_PEPPER_ROOT;16004;9;16003;10;16002;9;16020;9;16022;11;16023;11;16012.0;0.0
3;14200;ASH_COATED_OSMIUM;9988;12;9985;15;;;10004;15;10005;3;;;9996.5;0.0
3;14200;INTARIAN_PEPPER_ROOT;16006;9;16004;12;;;16018;12;16020;9;;;16012.5;0.0
3;14300;ASH_COATED_OSMIUM;9987;15;9985;14;;;10005;11;10008;11;;;9996.5;0.0
3;14300;INTARIAN_PEPPER_ROOT;16008;12;16005;12;;;16021;10;16024;9;;;16014.5;0.0
3;14400;ASH_COATED_OSMIUM;9983;15;;;;;9999;10;;;;;9991.0;0.0
3;14400;INTARIAN_PEPPER_ROOT;16007;23;;;;;16019;8;;;;;16013.5;0.0
3;14500;ASH_COATED_OSMIUM;9987;14;;;;;10005;11;;;;;9996.0;0.0
3;14500;INTARIAN_PEPPER_ROOT;16012;8;;;;;16015;11;;;;;16013.5;0.0
3;14600;ASH_COATED_OSMIUM;9986;4;9985;14;;;10005;14;10006;12;;;9996.0;0.0
3;14600;INTARIAN_PEPPER_ROOT;16009;9;16008;11;;;16024;9;16027;8;;;16017.0;0.0
3;14700;ASH_COATED_OSMIUM;9983;13;9980;12;9978;10;9999;15;10001;14;10004;30;9991.5;0.0
3;14700;INTARIAN_PEPPER_ROOT;16008;10;16007;20;;;16021;8;16022;11;;;16014.5;0.0
3;14800;ASH_COATED_OSMIUM;9993;11;9991;14;;;9999;11;10000;13;;;9996.5;0.0
3;14800;INTARIAN_PEPPER_ROOT;16006;11;16005;15;;;16021;8;16022;12;;;16013.5;0.0
3;14900;ASH_COATED_OSMIUM;9988;2;9986;13;;;10004;10;10006;20;;;9996.5;0.0
3;14900;INTARIAN_PEPPER_ROOT;16008;12;16005;11;;;16020;9;16021;11;;;16014.5;0.0
3;15000;ASH_COATED_OSMIUM;9982;12;;;;;10000;11;;;;;9991.5;0.0
3;15000;INTARIAN_PEPPER_ROOT;16005;22;16002;12;;;16022;11;16025;8;;;16013.5;0.0
3;15100;ASH_COATED_OSMIUM;9983;10;9981;10;;;9999;12;10001;10;;;9991.5;0.0
3;15100;INTARIAN_PEPPER_ROOT;16007;10;;;;;16020;12;;;;;16014.0;0.0
3;15200;ASH_COATED_OSMIUM;9988;29;9985;14;;;10004;11;10006;29;;;9996.5;0.0
3;15200;INTARIAN_PEPPER_ROOT;16009;10;16007;11;16005;11;16022;9;16025;8;16028;11;16016.0;0.0
3;15300;ASH_COATED_OSMIUM;9990;15;;;;;10003;10;;;;;9997.0;0.0
3;15300;INTARIAN_PEPPER_ROOT;16008;11;16005;10;;;16021;10;16022;9;;;16014.5;0.0
3;15400;ASH_COATED_OSMIUM;9989;23;;;;;10005;11;;;;;9997.0;0.0
3;15400;INTARIAN_PEPPER_ROOT;16008;9;16005;11;16003;9;16021;6;16023;10;16026;7;16015.0;0.0
3;15500;ASH_COATED_OSMIUM;9982;11;9980;13;;;10001;27;10004;13;;;9991.5;0.0
3;15500;INTARIAN_PEPPER_ROOT;16010;10;16008;9;16005;10;16023;12;16025;9;16028;19;16016.5;0.0
3;15600;ASH_COATED_OSMIUM;9982;12;9980;20;;;10000;29;10001;15;;;9991.0;0.0
3;15600;INTARIAN_PEPPER_ROOT;16009;10;16007;8;;;16022;11;16025;17;;;16016.0;0.0
3;15700;ASH_COATED_OSMIUM;9982;13;9980;5;;;9998;11;10000;10;;;9990.5;0.0
3;15700;INTARIAN_PEPPER_ROOT;16011;9;16008;9;16005;9;16023;9;16025;10;16026;8;16017.5;0.0
3;15800;ASH_COATED_OSMIUM;9987;12;;;;;10003;23;;;;;9995.5;0.0
3;15800;INTARIAN_PEPPER_ROOT;16008;9;;;;;16022;4;;;;;16015.0;0.0
3;15900;ASH_COATED_OSMIUM;9987;12;9984;11;;;10003;11;10004;14;;;9995.5;0.0
3;15900;INTARIAN_PEPPER_ROOT;16009;8;16006;11;;;16021;10;16024;9;;;16015.0;0.0
3;16000;ASH_COATED_OSMIUM;9987;14;9985;15;9983;23;10003;13;10006;10;10007;14;9995.5;0.0
3;16000;INTARIAN_PEPPER_ROOT;16010;8;16009;11;;;16024;12;16027;8;;;16017.5;0.0
3;16100;ASH_COATED_OSMIUM;9982;14;;;;;9998;11;;;;;9990.0;0.0
3;16100;INTARIAN_PEPPER_ROOT;16008;12;16007;9;;;16024;8;16025;10;;;16016.0;0.0
3;16200;ASH_COATED_OSMIUM;9981;12;9979;13;;;9997;14;10000;14;;;9989.5;0.0
3;16200;INTARIAN_PEPPER_ROOT;16011;19;16008;9;;;16022;9;16024;21;;;16017.0;0.0
3;16300;ASH_COATED_OSMIUM;9981;15;9980;11;9978;15;9997;11;9998;13;10001;12;9989.5;0.0
3;16300;INTARIAN_PEPPER_ROOT;16012;8;;;;;16023;15;;;;;16018.0;0.0
3;16400;ASH_COATED_OSMIUM;9980;12;;;;;9999;11;;;;;9989.5;0.0
3;16400;INTARIAN_PEPPER_ROOT;16006;12;;;;;16020;8;;;;;16013.5;0.0
3;16500;ASH_COATED_OSMIUM;9981;14;9979;15;;;9997;12;10000;12;;;9989.5;0.0
3;16500;INTARIAN_PEPPER_ROOT;16012;8;16009;12;;;16025;25;16026;9;;;16019.0;0.0
3;16600;ASH_COATED_OSMIUM;9981;12;9978;11;;;9997;15;9998;12;;;9989.5;0.0
3;16600;INTARIAN_PEPPER_ROOT;16011;10;16008;12;16007;9;16025;9;16026;9;16029;12;16018.0;0.0
3;16700;ASH_COATED_OSMIUM;9986;14;9984;13;;;10002;22;10003;28;;;9994.0;0.0
3;16700;INTARIAN_PEPPER_ROOT;16008;20;16007;12;16006;12;16024;8;16027;10;16029;10;16016.5;0.0
3;16800;ASH_COATED_OSMIUM;9981;12;9979;10;;;9997;24;9998;10;;;9989.0;0.0
3;16800;INTARIAN_PEPPER_ROOT;16009;21;16008;11;16007;17;16020;10;16021;12;16022;8;16015.0;0.0
3;16900;ASH_COATED_OSMIUM;9985;10;9983;14;9981;25;10001;21;10004;28;10006;13;9993.5;0.0
3;16900;INTARIAN_PEPPER_ROOT;16014;12;16012;3;;;16028;12;16030;15;;;16021.5;0.0
3;17000;ASH_COATED_OSMIUM;9979;13;9977;10;;;9998;14;10001;15;;;9989.0;0.0
3;17000;INTARIAN_PEPPER_ROOT;16009;23;16007;12;;;16026;17;16029;10;;;16018.0;0.0
3;17100;ASH_COATED_OSMIUM;9987;11;9984;12;;;10003;14;10005;30;;;9995.5;0.0
3;17100;INTARIAN_PEPPER_ROOT;16010;9;;;;;16025;9;;;;;16018.0;0.0
3;17200;ASH_COATED_OSMIUM;9982;10;9980;22;9979;11;9998;2;10001;14;10004;24;9990.5;0.0
3;17200;INTARIAN_PEPPER_ROOT;16010;10;16007;10;16006;17;16026;11;16027;25;16028;12;16018.0;0.0
3;17300;ASH_COATED_OSMIUM;9986;11;;;;;10004;10;;;;;9995.5;0.0
3;17300;INTARIAN_PEPPER_ROOT;16010;19;16009;9;16008;4;16023;10;16025;8;16026;10;16016.5;0.0
3;17400;ASH_COATED_OSMIUM;9982;11;;;;;9998;12;;;;;9990.5;0.0
3;17400;INTARIAN_PEPPER_ROOT;16010;10;;;;;16022;8;;;;;16016.0;0.0
3;17500;ASH_COATED_OSMIUM;9983;11;9980;10;;;9999;15;10000;15;;;9991.0;0.0
3;17500;INTARIAN_PEPPER_ROOT;16013;10;16012;18;;;16025;15;16027;23;;;16019.5;0.0
3;17600;ASH_COATED_OSMIUM;9987;12;9986;14;;;10006;13;10009;13;;;9996.5;0.0
3;17600;INTARIAN_PEPPER_ROOT;16008;8;16005;12;;;16023;11;16025;9;;;16015.5;0.0
3;17700;ASH_COATED_OSMIUM;9982;11;9980;12;9978;11;10001;11;10003;10;10006;14;9991.5;0.0
3;17700;INTARIAN_PEPPER_ROOT;16010;12;;;;;16024;10;;;;;16017.0;0.0
3;17800;ASH_COATED_OSMIUM;9984;15;9983;29;;;10000;12;10001;13;;;9992.5;0.0
3;17800;INTARIAN_PEPPER_ROOT;16016;12;16015;8;;;16020;8;16021;11;;;16018.0;0.0
3;17900;ASH_COATED_OSMIUM;9984;14;9983;12;9981;15;10000;10;10001;26;10002;29;9992.5;0.0
3;17900;INTARIAN_PEPPER_ROOT;16012;9;16010;18;16008;12;16026;12;16029;8;16032;10;16019.0;0.0
3;18000;ASH_COATED_OSMIUM;9989;30;9988;15;;;10007;23;10008;13;;;9998.0;0.0
3;18000;INTARIAN_PEPPER_ROOT;16012;17;16011;9;;;16024;19;16026;8;;;16018.0;0.0
3;18100;ASH_COATED_OSMIUM;9994;14;9993;11;9991;10;10001;12;10004;10;10007;14;9998.0;0.0
3;18100;INTARIAN_PEPPER_ROOT;16018;8;;;;;16021;10;;;;;16020.0;0.0
3;18200;ASH_COATED_OSMIUM;9985;14;;;;;10001;14;;;;;9993.0;0.0
3;18200;INTARIAN_PEPPER_ROOT;16026;9;16023;10;16020;11;16039;12;16042;10;16045;9;16033.0;0.0
3;18300;ASH_COATED_OSMIUM;9988;11;9985;15;;;9998;14;10001;13;;;9993.0;0.0
3;18300;INTARIAN_PEPPER_ROOT;16011;9;16009;23;16006;9;16023;23;16024;11;16026;12;16017.5;0.0
3;18400;ASH_COATED_OSMIUM;9983;11;;;;;10002;13;;;;;9993.0;0.0
3;18400;INTARIAN_PEPPER_ROOT;16014;9;16013;12;;;16025;11;16027;9;;;16020.0;0.0
3;18500;ASH_COATED_OSMIUM;9992;11;9990;13;;;10003;14;10006;8;;;9998.0;0.0
3;18500;INTARIAN_PEPPER_ROOT;16014;8;16013;12;16012;16;16028;22;16031;9;16032;12;16021.0;0.0
3;18600;ASH_COATED_OSMIUM;9985;10;9984;12;;;10001;14;10003;14;;;9993.0;0.0
3;18600;INTARIAN_PEPPER_ROOT;16011;12;16009;11;;;16024;19;16026;20;;;16018.0;0.0
3;18700;ASH_COATED_OSMIUM;9990;13;9988;14;;;10006;13;10008;14;;;9998.0;0.0
3;18700;INTARIAN_PEPPER_ROOT;16010;12;16009;8;16006;8;16021;7;16023;20;16025;9;16016.0;0.0
3;18800;ASH_COATED_OSMIUM;9990;11;9988;13;;;10006;10;10007;13;;;9998.0;0.0
3;18800;INTARIAN_PEPPER_ROOT;16010;12;16009;8;;;16027;10;16030;8;;;16018.5;0.0
3;18900;ASH_COATED_OSMIUM;9983;15;9980;10;;;10002;30;10005;14;;;9993.0;0.0
3;18900;INTARIAN_PEPPER_ROOT;16013;9;;;;;16030;23;;;;;16022.0;0.0
3;19000;ASH_COATED_OSMIUM;9996;12;;;;;10001;10;;;;;9998.5;0.0
3;19000;INTARIAN_PEPPER_ROOT;16012;8;;;;;16025;12;;;;;16018.5;0.0
3;19100;ASH_COATED_OSMIUM;9990;11;;;;;10006;27;;;;;9998.5;0.0
3;19100;INTARIAN_PEPPER_ROOT;16011;11;16009;11;16006;20;16025;11;16027;8;16028;12;16018.5;0.0
3;19200;ASH_COATED_OSMIUM;9989;15;9987;14;;;10007;10;10010;10;;;9998.5;0.0
3;19200;INTARIAN_PEPPER_ROOT;16009;9;16007;16;16006;9;16024;12;16025;8;16027;8;16016.5;0.0
3;19300;ASH_COATED_OSMIUM;9988;13;9985;12;;;10009;15;10010;12;;;9999.0;0.0
3;19300;INTARIAN_PEPPER_ROOT;16016;10;16013;10;;;16027;8;16030;9;;;16021.5;0.0
3;19400;ASH_COATED_OSMIUM;9989;15;9987;15;9985;23;10008;11;10009;11;10012;29;9999.0;0.0
3;19400;INTARIAN_PEPPER_ROOT;16010;6;;;;;16027;10;;;;;16018.5;0.0
3;19500;ASH_COATED_OSMIUM;9985;15;;;;;10001;14;;;;;9993.5;0.0
3;19500;INTARIAN_PEPPER_ROOT;16013;9;16011;11;;;16027;18;16028;22;;;16020.5;0.0
3;19600;ASH_COATED_OSMIUM;9990;14;9988;11;;;9995;11;9996;13;;;9993.0;0.0
3;19600;INTARIAN_PEPPER_ROOT;16022;8;16019;9;;;16025;11;16028;8;;;16023.5;0.0
3;19700;ASH_COATED_OSMIUM;9990;15;;;;;10006;13;;;;;9998.5;0.0
3;19700;INTARIAN_PEPPER_ROOT;16017;11;16016;11;;;16030;9;16033;8;;;16023.5;0.0
3;19800;ASH_COATED_OSMIUM;9990;4;9989;15;;;10006;10;10007;15;;;9998.5;0.0
3;19800;INTARIAN_PEPPER_ROOT;16012;10;16011;19;;;16028;11;16030;11;;;16020.5;0.0
3;19900;ASH_COATED_OSMIUM;9985;11;9982;10;9979;28;10001;27;10002;14;10004;12;9993.5;0.0
3;19900;INTARIAN_PEPPER_ROOT;16016;10;16014;12;;;16027;19;16028;12;;;16021.5;0.0
3;20000;ASH_COATED_OSMIUM;9985;24;9982;28;;;10003;13;10004;13;;;9994.0;0.0
3;20000;INTARIAN_PEPPER_ROOT;16013;21;16012;15;;;16030;8;16032;12;;;16022.0;0.0
3;20100;ASH_COATED_OSMIUM;9991;13;9988;21;;;10007;15;10008;26;;;9999.0;0.0
3;20100;INTARIAN_PEPPER_ROOT;16014;8;16013;9;;;16026;8;16029;21;;;16020.5;0.0
3;20200;ASH_COATED_OSMIUM;9986;14;9983;15;;;10002;13;10004;12;;;9994.0;0.0
3;20200;INTARIAN_PEPPER_ROOT;16014;8;;;;;16027;9;;;;;16020.5;0.0
3;20300;ASH_COATED_OSMIUM;9991;12;9988;11;9987;14;10007;11;10010;10;10011;12;9999.0;0.0
3;20300;INTARIAN_PEPPER_ROOT;16014;12;16013;8;;;16027;11;16030;20;;;16020.5;0.0
3;20400;ASH_COATED_OSMIUM;9986;11;9983;11;;;10002;27;10004;14;;;9994.0;0.0
3;20400;INTARIAN_PEPPER_ROOT;16014;11;;;;;16026;10;;;;;16020.0;0.0
3;20500;ASH_COATED_OSMIUM;9989;11;;;;;10008;12;;;;;9999.0;0.0
3;20500;INTARIAN_PEPPER_ROOT;16015;9;16012;11;16009;9;16026;8;16028;25;16030;10;16020.5;0.0
3;20600;ASH_COATED_OSMIUM;9991;10;9990;12;9988;13;10007;14;10008;30;10011;29;9999.5;0.0
3;20600;INTARIAN_PEPPER_ROOT;16013;11;;;;;16026;11;;;;;16019.5;0.0
3;20700;ASH_COATED_OSMIUM;9986;13;9985;29;;;10002;11;10004;11;;;9994.5;0.0
3;20700;INTARIAN_PEPPER_ROOT;16012;20;;;;;16029;11;;;;;16021.0;0.0
3;20800;ASH_COATED_OSMIUM;9987;13;9985;15;;;10003;4;10006;22;;;9995.0;0.0
3;20800;INTARIAN_PEPPER_ROOT;16016;11;16013;24;16010;10;16024;12;16027;10;16029;8;16020.5;0.0
3;20900;ASH_COATED_OSMIUM;9985;14;;;;;10004;15;;;;;9994.5;0.0
3;20900;INTARIAN_PEPPER_ROOT;16013;8;;;;;16027;12;;;;;16020.5;0.0
3;21000;ASH_COATED_OSMIUM;9986;15;9984;12;;;10002;15;10003;12;;;9994.5;0.0
3;21000;INTARIAN_PEPPER_ROOT;16012;15;16010;10;16009;21;16026;10;16029;12;16030;9;16019.0;0.0
3;21100;ASH_COATED_OSMIUM;9989;28;9987;13;;;10010;28;10012;11;;;10000.0;0.0
3;21100;INTARIAN_PEPPER_ROOT;16014;12;;;;;16026;12;;;;;16020.5;0.0
3;21200;ASH_COATED_OSMIUM;9986;15;;;;;10002;11;;;;;9994.5;0.0
3;21200;INTARIAN_PEPPER_ROOT;16019;8;16018;9;;;16021;19;16023;21;;;16020.5;0.0
3;21300;ASH_COATED_OSMIUM;9985;15;;;;;10003;24;;;;;9994.0;0.0
3;21300;INTARIAN_PEPPER_ROOT;16012;9;;;;;16027;9;;;;;16019.5;0.0
3;21400;ASH_COATED_OSMIUM;9990;12;9987;14;;;10009;10;10012;10;;;10000.0;0.0
3;21400;INTARIAN_PEPPER_ROOT;16016;10;16013;8;;;16028;10;16029;9;;;16022.0;0.0
3;21500;ASH_COATED_OSMIUM;9986;10;9985;12;9984;12;10002;12;10003;11;10005;15;9994.5;0.0
3;21500;INTARIAN_PEPPER_ROOT;16022;11;16019;12;16016;12;16027;10;16029;19;16032;23;16025.0;0.0
3;21600;ASH_COATED_OSMIUM;9991;12;;;;;10009;14;;;;;10000.5;0.0
3;21600;INTARIAN_PEPPER_ROOT;16014;9;16011;11;;;16027;12;16029;9;;;16021.0;0.0
3;21700;ASH_COATED_OSMIUM;9987;15;;;;;10003;10;;;;;9995.5;0.0
3;21700;INTARIAN_PEPPER_ROOT;16014;10;;;;;16031;10;;;;;16022.5;0.0
3;21800;ASH_COATED_OSMIUM;9990;11;9989;13;9988;10;10011;13;10012;11;10013;11;10000.5;0.0
3;21800;INTARIAN_PEPPER_ROOT;16015;9;16014;8;;;16028;10;16030;10;;;16021.5;0.0
3;21900;ASH_COATED_OSMIUM;9992;13;9990;11;9989;15;10008;2;10010;11;10012;12;10000.5;0.0
3;21900;INTARIAN_PEPPER_ROOT;16013;16;16012;12;16009;11;16025;12;16028;8;16031;8;16019.5;0.0
3;22000;ASH_COATED_OSMIUM;9986;11;;;;;10002;14;;;;;9994.5;0.0
3;22000;INTARIAN_PEPPER_ROOT;16017;15;16014;8;16011;9;16029;8;16032;20;16035;10;16023.5;0.0
3;22100;ASH_COATED_OSMIUM;9986;15;9985;10;9982;29;10002;14;10003;13;10006;12;9994.5;0.0
3;22100;INTARIAN_PEPPER_ROOT;16014;9;;;;;16030;8;;;;;16022.0;0.0
3;22200;ASH_COATED_OSMIUM;9991;11;9988;10;9985;13;10007;15;10009;14;10010;20;9999.5;0.0
3;22200;INTARIAN_PEPPER_ROOT;16015;11;16012;6;;;16031;25;16034;9;;;16023.0;0.0
3;22300;ASH_COATED_OSMIUM;9991;14;;;;;10007;10;;;;;9999.0;0.0
3;22300;INTARIAN_PEPPER_ROOT;16015;11;;;;;16028;10;;;;;16022.0;0.0
3;22400;ASH_COATED_OSMIUM;9991;15;9990;12;;;10007;28;10010;11;;;9999.5;0.0
3;22400;INTARIAN_PEPPER_ROOT;16014;11;;;;;16027;24;;;;;16020.5;0.0
3;22500;ASH_COATED_OSMIUM;9986;10;9985;10;;;10002;10;10003;28;;;9994.0;0.0
3;22500;INTARIAN_PEPPER_ROOT;16017;16;16014;10;16012;15;16029;9;16031;9;16032;12;16023.5;0.0
3;22600;ASH_COATED_OSMIUM;9986;15;;;;;10002;11;;;;;9994.0;0.0
3;22600;INTARIAN_PEPPER_ROOT;16018;18;;;;;16028;11;;;;;16023.0;0.0
3;22700;ASH_COATED_OSMIUM;9986;14;9985;10;;;10002;15;10004;13;;;9994.0;0.0
3;22700;INTARIAN_PEPPER_ROOT;16014;12;16013;9;;;16026;11;16028;12;;;16020.5;0.0
3;22800;ASH_COATED_OSMIUM;9991;23;9990;12;;;10007;12;10010;12;;;9999.0;0.0
3;22800;INTARIAN_PEPPER_ROOT;16015;10;;;;;16027;8;;;;;16021.0;0.0
3;22900;ASH_COATED_OSMIUM;9984;10;9982;13;;;10002;13;10004;13;;;9993.5;0.0
3;22900;INTARIAN_PEPPER_ROOT;16013;10;;;;;16024;10;;;;;16018.5;0.0
3;23000;ASH_COATED_OSMIUM;9986;12;9985;30;;;10002;23;10003;15;;;9994.0;0.0
3;23000;INTARIAN_PEPPER_ROOT;16015;8;16014;9;16012;8;16030;11;16032;24;16034;11;16022.5;0.0
3;23100;ASH_COATED_OSMIUM;9986;13;9985;15;;;10002;24;10003;15;;;9994.5;0.0
3;23100;INTARIAN_PEPPER_ROOT;16014;10;16011;9;;;16026;10;16029;10;;;16020.5;0.0
3;23200;ASH_COATED_OSMIUM;9991;12;9989;13;;;10007;11;10010;29;;;9999.5;0.0
3;23200;INTARIAN_PEPPER_ROOT;16016;10;16013;23;;;16029;12;16031;12;;;16023.0;0.0
3;23300;ASH_COATED_OSMIUM;9985;10;;;;;10003;12;;;;;9994.5;0.0
3;23300;INTARIAN_PEPPER_ROOT;16018;12;;;;;16032;11;;;;;16025.0;0.0
3;23400;ASH_COATED_OSMIUM;9991;13;;;;;10007;12;;;;;9999.5;0.0
3;23400;INTARIAN_PEPPER_ROOT;16016;10;;;;;16028;23;;;;;16022.5;0.0
3;23500;ASH_COATED_OSMIUM;9986;10;;;;;10002;10;;;;;9994.5;0.0
3;23500;INTARIAN_PEPPER_ROOT;16018;10;16016;12;16015;11;16032;8;16034;12;16035;10;16025.5;0.0
3;23600;ASH_COATED_OSMIUM;9986;10;9983;24;;;10002;30;10004;10;;;9994.5;0.0
3;23600;INTARIAN_PEPPER_ROOT;16011;11;16008;21;16006;10;16025;12;16026;12;16027;17;16018.0;0.0
3;23700;ASH_COATED_OSMIUM;9991;15;9988;14;9987;15;10007;14;10009;13;10012;15;9999.5;0.0
3;23700;INTARIAN_PEPPER_ROOT;16017;12;16014;11;16012;12;16030;9;16031;11;16034;11;16024.0;0.0
3;23800;ASH_COATED_OSMIUM;9985;15;9983;14;;;10001;22;10003;11;;;9993.0;0.0
3;23800;INTARIAN_PEPPER_ROOT;16017;10;16016;12;16013;10;16021;9;16024;15;16027;9;16019.0;0.0
3;23900;ASH_COATED_OSMIUM;9995;10;9994;14;;;10002;12;10004;10;;;9998.5;0.0
3;23900;INTARIAN_PEPPER_ROOT;16016;8;16015;9;16012;15;16028;12;16030;11;16032;9;16022.0;0.0
3;24000;ASH_COATED_OSMIUM;9985;24;9983;13;;;10001;12;10004;14;;;9993.0;0.0
3;24000;INTARIAN_PEPPER_ROOT;16015;16;16012;10;16011;12;16030;9;16033;8;16034;12;16022.5;0.0
3;24100;ASH_COATED_OSMIUM;9989;11;9987;11;;;10005;10;10008;14;;;9997.5;0.0
3;24100;INTARIAN_PEPPER_ROOT;16017;9;16014;25;16013;18;16029;8;16030;10;16032;11;16023.5;0.0
3;24200;ASH_COATED_OSMIUM;9984;10;9982;15;;;10002;14;10005;12;;;9993.0;0.0
3;24200;INTARIAN_PEPPER_ROOT;16018;12;;;;;16029;9;;;;;16024.0;0.0
3;24300;ASH_COATED_OSMIUM;9985;13;9983;5;;;10001;5;10003;28;;;9993.0;0.0
3;24300;INTARIAN_PEPPER_ROOT;16017;8;;;;;16028;18;;;;;16023.0;0.0
3;24400;ASH_COATED_OSMIUM;9990;11;;;;;10006;15;;;;;9998.0;0.0
3;24400;INTARIAN_PEPPER_ROOT;16015;8;16012;21;16010;9;16030;11;16031;12;16032;22;16022.5;0.0
3;24500;ASH_COATED_OSMIUM;9985;13;9983;11;9980;10;10001;13;10003;12;10004;12;9993.0;0.0
3;24500;INTARIAN_PEPPER_ROOT;16014;8;;;;;16031;12;;;;;16023.0;0.0
3;24600;ASH_COATED_OSMIUM;9984;12;9981;12;9980;11;10002;22;10004;10;10005;13;9993.0;0.0
3;24600;INTARIAN_PEPPER_ROOT;16018;11;16015;19;16013;5;16032;23;16033;8;16035;12;16025.5;0.0
3;24700;ASH_COATED_OSMIUM;9990;25;;;;;10006;13;;;;;9998.5;0.0
3;24700;INTARIAN_PEPPER_ROOT;16017;25;;;;;16035;10;;;;;16026.0;0.0
3;24800;ASH_COATED_OSMIUM;9988;5;9985;15;;;10007;11;10008;11;;;9998.0;0.0
3;24800;INTARIAN_PEPPER_ROOT;16018;11;16017;11;16016;11;16030;12;16033;19;16036;10;16024.0;0.0
3;24900;ASH_COATED_OSMIUM;9983;23;9981;12;9978;15;10002;14;10005;12;10007;14;9993.0;0.0
3;24900;INTARIAN_PEPPER_ROOT;16018;9;16016;9;;;16031;11;16032;8;;;16025.0;0.0
3;25000;ASH_COATED_OSMIUM;9983;29;9981;14;9978;12;10004;14;10006;25;10008;12;9993.5;0.0
3;25000;INTARIAN_PEPPER_ROOT;16020;10;;;;;16031;8;;;;;16026.0;0.0
3;25100;ASH_COATED_OSMIUM;9985;13;9984;14;;;10004;13;10006;12;;;9994.5;0.0
3;25100;INTARIAN_PEPPER_ROOT;16018;8;16017;20;;;16031;25;16033;10;;;16025.0;0.0
3;25200;ASH_COATED_OSMIUM;9991;13;;;;;10007;24;;;;;9999.5;0.0
3;25200;INTARIAN_PEPPER_ROOT;16019;8;16017;12;;;16030;11;16033;11;;;16024.5;0.0
3;25300;ASH_COATED_OSMIUM;9986;14;9984;15;9982;10;10002;21;10004;13;10007;10;9994.5;0.0
3;25300;INTARIAN_PEPPER_ROOT;16020;12;;;;;16023;21;;;;;16022.0;0.0
3;25400;ASH_COATED_OSMIUM;9992;4;9989;10;9987;12;10008;24;10011;10;10014;13;10000.0;0.0
3;25400;INTARIAN_PEPPER_ROOT;16017;10;16016;9;16015;11;16029;11;16030;8;16032;17;16023.5;0.0
3;25500;ASH_COATED_OSMIUM;9992;22;;;;;10008;20;;;;;10000.0;0.0
3;25500;INTARIAN_PEPPER_ROOT;16019;21;16017;12;;;16034;7;16037;12;;;16026.5;0.0
3;25600;ASH_COATED_OSMIUM;9987;13;;;;;10003;13;;;;;9995.0;0.0
3;25600;INTARIAN_PEPPER_ROOT;16019;12;16018;25;;;16031;9;16033;11;;;16025.5;0.0
3;25700;ASH_COATED_OSMIUM;9987;15;;;;;10003;12;;;;;9995.5;0.0
3;25700;INTARIAN_PEPPER_ROOT;16020;9;16019;9;16018;8;16031;11;16032;11;16035;11;16025.5;0.0
3;25800;ASH_COATED_OSMIUM;9987;14;9984;15;;;10003;20;10004;13;;;9995.5;0.0
3;25800;INTARIAN_PEPPER_ROOT;16017;8;16016;11;16015;8;16032;8;16035;11;16037;11;16025.0;0.0
3;25900;ASH_COATED_OSMIUM;9991;14;9989;27;;;10010;12;10013;15;;;10001.0;0.0
3;25900;INTARIAN_PEPPER_ROOT;16016;12;16013;11;16010;11;16033;8;16036;8;16038;10;16025.0;0.0
3;26000;ASH_COATED_OSMIUM;9988;15;9986;11;;;10004;14;10006;10;;;9996.5;0.0
3;26000;INTARIAN_PEPPER_ROOT;16018;18;16017;11;16014;12;16030;12;16032;12;16035;21;16024.5;0.0
3;26100;ASH_COATED_OSMIUM;9986;10;9984;15;;;10005;15;10008;13;;;9996.0;0.0
3;26100;INTARIAN_PEPPER_ROOT;16020;9;16019;21;16018;10;16033;9;16035;12;16038;11;16026.5;0.0
3;26200;ASH_COATED_OSMIUM;9993;10;9990;15;9989;21;10009;15;10010;22;10013;15;10001.5;0.0
3;26200;INTARIAN_PEPPER_ROOT;16019;12;16016;10;;;16033;10;16034;12;;;16026.5;0.0
3;26300;ASH_COATED_OSMIUM;9988;10;9985;14;;;10006;13;10008;3;;;9997.0;0.0
3;26300;INTARIAN_PEPPER_ROOT;16018;10;;;;;16032;16;;;;;16025.0;0.0
3;26400;ASH_COATED_OSMIUM;9987;10;9984;11;9983;15;10005;22;10008;13;10010;14;9996.5;0.0
3;26400;INTARIAN_PEPPER_ROOT;16021;8;16020;8;;;16033;10;16034;12;;;16027.0;0.0
3;26500;ASH_COATED_OSMIUM;9994;12;9993;21;9991;12;10010;28;10011;13;10013;14;10002.0;0.0
3;26500;INTARIAN_PEPPER_ROOT;16019;20;;;;;16032;10;;;;;16026.0;0.0
3;26600;ASH_COATED_OSMIUM;9993;5;;;;;10009;11;;;;;10001.5;0.0
3;26600;INTARIAN_PEPPER_ROOT;16021;10;16018;11;;;16034;10;16036;24;;;16027.5;0.0
3;26700;ASH_COATED_OSMIUM;9992;11;;;;;10008;12;;;;;10000.5;0.0
3;26700;INTARIAN_PEPPER_ROOT;16022;12;16020;8;;;16033;11;16036;10;;;16028.0;0.0
3;26800;ASH_COATED_OSMIUM;9996;10;9993;10;9990;12;10005;12;10007;10;10008;13;10000.5;0.0
3;26800;INTARIAN_PEPPER_ROOT;16021;21;16019;11;;;16033;19;16034;10;;;16027.0;0.0
3;26900;ASH_COATED_OSMIUM;9986;12;9983;12;9981;10;10002;13;10003;12;10005;15;9994.5;0.0
3;26900;INTARIAN_PEPPER_ROOT;16016;11;;;;;16033;5;;;;;16025.0;0.0
3;27000;ASH_COATED_OSMIUM;9985;12;;;;;10003;13;;;;;9994.5;0.0
3;27000;INTARIAN_PEPPER_ROOT;16018;22;16015;12;;;16030;8;16032;9;;;16024.0;0.0
3;27100;ASH_COATED_OSMIUM;9991;13;9990;10;9988;13;10009;13;10012;15;10015;3;10000.5;0.0
3;27100;INTARIAN_PEPPER_ROOT;16018;9;16017;11;16014;12;16035;10;16037;12;16040;9;16026.5;0.0
3;27200;ASH_COATED_OSMIUM;9993;5;9991;29;;;10009;27;10010;14;;;10001.0;0.0
3;27200;INTARIAN_PEPPER_ROOT;16018;12;;;;;16033;8;;;;;16025.5;0.0
3;27300;ASH_COATED_OSMIUM;9987;14;9984;14;;;10003;13;10005;13;;;9995.5;0.0
3;27300;INTARIAN_PEPPER_ROOT;16022;9;16021;11;16019;9;16033;11;16035;11;16038;9;16028.0;0.0
3;27400;ASH_COATED_OSMIUM;9986;15;9983;11;9980;12;10005;10;10007;15;10010;30;9996.0;0.0
3;27400;INTARIAN_PEPPER_ROOT;16020;10;16017;9;;;16032;12;16033;10;;;16026.5;0.0
3;27500;ASH_COATED_OSMIUM;9986;12;9983;12;9982;11;10004;11;10006;14;10007;12;9995.5;0.0
3;27500;INTARIAN_PEPPER_ROOT;16031;8;16028;8;16027;11;16045;11;16046;11;16048;10;16038.0;0.0
3;27600;ASH_COATED_OSMIUM;9993;12;9992;10;9989;14;10009;11;10010;15;10013;29;10001.0;0.0
3;27600;INTARIAN_PEPPER_ROOT;16021;7;;;;;16037;12;;;;;16029.0;0.0
3;27700;ASH_COATED_OSMIUM;9987;14;9985;25;;;10005;14;10007;2;;;9996.0;0.0
3;27700;INTARIAN_PEPPER_ROOT;16020;10;;;;;16031;9;;;;;16026.0;0.0
3;27800;ASH_COATED_OSMIUM;9996;14;9994;15;;;10005;10;10008;11;;;10001.0;0.0
3;27800;INTARIAN_PEPPER_ROOT;16016;16;16014;8;;;16028;8;16030;8;;;16022.5;0.0
3;27900;ASH_COATED_OSMIUM;9987;11;9985;13;;;10003;14;10006;15;;;9995.5;0.0
3;27900;INTARIAN_PEPPER_ROOT;16020;8;;;;;16034;10;;;;;16027.5;0.0
3;28000;ASH_COATED_OSMIUM;9987;14;9984;13;9981;13;10003;13;10004;10;10007;15;9995.5;0.0
3;28000;INTARIAN_PEPPER_ROOT;16022;8;16020;12;;;16035;12;16037;11;;;16029.0;0.0
3;28100;ASH_COATED_OSMIUM;9993;15;;;;;10009;12;;;;;10001.0;0.0
3;28100;INTARIAN_PEPPER_ROOT;16019;6;16016;11;16014;9;16036;11;16038;11;16040;9;16028.0;0.0
3;28200;ASH_COATED_OSMIUM;9991;10;9990;23;;;10010;11;10013;14;;;10000.5;0.0
3;28200;INTARIAN_PEPPER_ROOT;16019;8;16016;10;;;16035;8;16036;11;;;16027.5;0.0
3;28300;ASH_COATED_OSMIUM;9985;11;9982;30;;;10003;4;10005;10;;;9994.5;0.0
3;28300;INTARIAN_PEPPER_ROOT;16021;10;16018;9;;;16034;10;16037;9;;;16028.0;0.0
3;28400;ASH_COATED_OSMIUM;9992;2;9989;15;9986;11;10008;15;10009;10;10012;20;10000.0;0.0
3;28400;INTARIAN_PEPPER_ROOT;16024;10;16021;9;16020;9;16036;10;16039;12;16040;8;16030.0;0.0
3;28500;ASH_COATED_OSMIUM;9987;14;9986;15;9983;12;10003;12;10006;10;10007;13;9995.0;0.0
3;28500;INTARIAN_PEPPER_ROOT;16025;8;16024;12;;;16037;10;16038;9;;;16031.0;0.0
3;28600;ASH_COATED_OSMIUM;9990;11;9987;10;9986;15;10009;21;10011;12;10012;14;10000.0;0.0
3;28600;INTARIAN_PEPPER_ROOT;16024;8;16021;11;16018;9;16038;9;16040;8;16043;15;16031.0;0.0
3;28700;ASH_COATED_OSMIUM;9991;24;9989;12;;;10007;15;10009;11;;;9999.0;0.0
3;28700;INTARIAN_PEPPER_ROOT;16021;8;16018;25;;;16034;12;16035;10;;;16028.0;0.0
3;28800;ASH_COATED_OSMIUM;9991;11;9989;13;9988;20;10007;27;10009;13;10010;28;9999.5;0.0
3;28800;INTARIAN_PEPPER_ROOT;16023;8;16022;10;16020;21;16034;9;16036;11;16039;9;16028.5;0.0
3;28900;ASH_COATED_OSMIUM;9989;2;;;;;10010;24;;;;;10000.0;0.0
3;28900;INTARIAN_PEPPER_ROOT;16021;10;16019;24;;;16037;9;16040;8;;;16029.5;0.0
3;29000;ASH_COATED_OSMIUM;9986;12;;;;;10002;20;;;;;9994.5;0.0
3;29000;INTARIAN_PEPPER_ROOT;16022;17;;;;;16034;20;;;;;16028.5;0.0
3;29100;ASH_COATED_OSMIUM;9991;11;;;;;10007;30;;;;;9999.5;0.0
3;29100;INTARIAN_PEPPER_ROOT;16021;9;16020;9;;;16034;10;16036;11;;;16027.5;0.0
3;29200;ASH_COATED_OSMIUM;9992;14;9991;13;;;9997;11;9998;14;;;9994.5;0.0
3;29200;INTARIAN_PEPPER_ROOT;16024;9;16021;9;;;16035;23;16036;12;;;16029.5;0.0
3;29300;ASH_COATED_OSMIUM;9990;13;9987;15;;;10009;12;10010;15;;;10000.0;0.0
3;29300;INTARIAN_PEPPER_ROOT;16021;8;;;;;16035;20;;;;;16028.0;0.0
3;29400;ASH_COATED_OSMIUM;9990;24;;;;;10008;13;;;;;9999.5;0.0
3;29400;INTARIAN_PEPPER_ROOT;16025;8;16023;11;;;16037;11;16040;12;;;16031.0;0.0
3;29500;ASH_COATED_OSMIUM;9986;4;9985;15;;;10002;25;10004;27;;;9994.5;0.0
3;29500;INTARIAN_PEPPER_ROOT;16025;12;16023;9;16020;8;16039;8;16041;11;16044;25;16032.0;0.0
3;29600;ASH_COATED_OSMIUM;9991;12;9988;14;;;10007;20;10008;13;;;9999.0;0.0
3;29600;INTARIAN_PEPPER_ROOT;16024;9;;;;;16036;18;;;;;16030.0;0.0
3;29700;ASH_COATED_OSMIUM;9989;23;9987;10;;;10007;10;10009;20;;;9998.5;0.0
3;29700;INTARIAN_PEPPER_ROOT;16024;8;16022;12;;;16036;25;16037;18;;;16030.0;0.0
3;29800;ASH_COATED_OSMIUM;9989;13;9986;10;;;10007;14;10008;11;;;9998.5;0.0
3;29800;INTARIAN_PEPPER_ROOT;16025;8;16023;12;16021;11;16036;11;16038;11;16041;8;16030.5;0.0
3;29900;ASH_COATED_OSMIUM;9989;12;;;;;10008;30;;;;;9998.5;0.0
3;29900;INTARIAN_PEPPER_ROOT;16025;8;16022;8;;;16037;24;16039;16;;;16031.0;0.0
3;30000;ASH_COATED_OSMIUM;9990;15;9989;13;;;10006;13;10009;14;;;9998.0;0.0
3;30000;INTARIAN_PEPPER_ROOT;16025;10;16023;22;;;16037;8;16039;11;;;16031.5;0.0
3;30100;ASH_COATED_OSMIUM;9985;13;9982;10;;;10001;13;10004;28;;;9993.0;0.0
3;30100;INTARIAN_PEPPER_ROOT;16024;8;16022;12;;;16036;11;16039;9;;;16030.0;0.0
3;30200;ASH_COATED_OSMIUM;9990;14;9989;13;9988;15;10006;11;10008;12;10009;12;9998.5;0.0
3;30200;INTARIAN_PEPPER_ROOT;16019;10;16018;10;16016;9;16036;11;16039;9;16041;9;16027.5;0.0
3;30300;ASH_COATED_OSMIUM;9990;23;9989;14;;;10006;12;10009;14;;;9998.0;0.0
3;30300;INTARIAN_PEPPER_ROOT;16028;24;16026;12;;;16031;10;16032;9;;;16029.5;0.0
3;30400;ASH_COATED_OSMIUM;9991;15;9989;13;;;10007;15;10010;11;;;9999.0;0.0
3;30400;INTARIAN_PEPPER_ROOT;16022;8;16019;8;16016;10;16035;10;16038;21;16040;10;16029.0;0.0
3;30500;ASH_COATED_OSMIUM;9986;24;9984;15;;;10002;10;10005;12;;;9994.0;0.0
3;30500;INTARIAN_PEPPER_ROOT;16024;9;16023;6;;;16036;11;16038;12;;;16030.5;0.0
3;30600;ASH_COATED_OSMIUM;9991;10;9990;14;;;10007;25;10010;14;;;9999.0;0.0
3;30600;INTARIAN_PEPPER_ROOT;16023;9;;;;;16036;9;;;;;16029.5;0.0
3;30700;ASH_COATED_OSMIUM;9986;11;9984;13;;;10002;8;10004;28;;;9994.0;0.0
3;30700;INTARIAN_PEPPER_ROOT;16021;12;16020;9;;;16037;25;16039;10;;;16029.5;0.0
3;30800;ASH_COATED_OSMIUM;9991;11;;;;;10007;12;;;;;9999.5;0.0
3;30800;INTARIAN_PEPPER_ROOT;16023;11;16020;10;16017;10;16038;12;16039;10;16042;11;16030.5;0.0
3;30900;ASH_COATED_OSMIUM;9989;15;9987;10;;;10000;15;10002;10;;;9994.5;0.0
3;30900;INTARIAN_PEPPER_ROOT;16025;9;16024;11;;;16036;12;16039;16;;;16030.5;0.0
3;31000;ASH_COATED_OSMIUM;9985;23;9984;12;9982;11;10004;12;10006;15;10007;15;9995.0;0.0
3;31000;INTARIAN_PEPPER_ROOT;16024;24;16021;25;;;16040;10;16042;8;;;16032.5;0.0
3;31100;ASH_COATED_OSMIUM;9992;10;;;;;10008;10;;;;;10000.0;0.0
3;31100;INTARIAN_PEPPER_ROOT;16025;8;16023;9;;;16042;11;16043;12;;;16034.0;0.0
3;31200;ASH_COATED_OSMIUM;9992;30;;;;;10008;12;;;;;10000.5;0.0
3;31200;INTARIAN_PEPPER_ROOT;16022;11;16020;9;;;16039;10;16042;16;;;16031.0;0.0
3;31300;ASH_COATED_OSMIUM;9987;14;;;;;10003;13;;;;;9995.5;0.0
3;31300;INTARIAN_PEPPER_ROOT;16028;18;16027;12;;;16042;8;16045;10;;;16035.0;0.0
3;31400;ASH_COATED_OSMIUM;9992;2;;;;;10008;12;;;;;10000.5;0.0
3;31400;INTARIAN_PEPPER_ROOT;16023;11;;;;;16036;22;;;;;16030.0;0.0
3;31500;ASH_COATED_OSMIUM;9987;20;9984;10;;;10003;14;10004;11;;;9995.0;0.0
3;31500;INTARIAN_PEPPER_ROOT;16025;18;16022;12;;;16027;11;16028;11;;;16026.5;0.0
3;31600;ASH_COATED_OSMIUM;9987;13;9985;10;9984;13;10005;11;10008;15;10011;12;9996.0;0.0
3;31600;INTARIAN_PEPPER_ROOT;16023;9;;;;;16037;20;;;;;16030.0;0.0
3;31700;ASH_COATED_OSMIUM;9992;14;9990;12;9988;4;10008;10;10011;15;10014;13;10000.5;0.0
3;31700;INTARIAN_PEPPER_ROOT;16025;9;16023;11;;;16037;10;16038;9;;;16031.5;0.0
3;31800;ASH_COATED_OSMIUM;9991;27;9989;14;;;10010;2;10011;11;;;10000.5;0.0
3;31800;INTARIAN_PEPPER_ROOT;16024;8;16021;24;;;16036;12;16039;23;;;16030.0;0.0
3;31900;ASH_COATED_OSMIUM;9992;15;;;;;10008;13;;;;;10000.5;0.0
3;31900;INTARIAN_PEPPER_ROOT;16028;21;16027;10;;;16040;9;16043;10;;;16034.0;0.0
3;32000;ASH_COATED_OSMIUM;9986;12;9984;13;9981;30;10005;23;10007;13;10008;10;9995.5;0.0
3;32000;INTARIAN_PEPPER_ROOT;16023;10;16020;8;;;16037;8;16038;8;;;16030.5;0.0
3;32100;ASH_COATED_OSMIUM;9987;15;9986;14;9983;14;10003;22;10006;12;10009;10;9995.5;0.0
3;32100;INTARIAN_PEPPER_ROOT;16027;10;;;;;16030;19;;;;;16028.5;0.0
3;32200;ASH_COATED_OSMIUM;9991;28;;;;;10010;26;;;;;10001.0;0.0
3;32200;INTARIAN_PEPPER_ROOT;16024;11;16023;22;16020;8;16037;15;16039;16;16041;8;16031.0;0.0
3;32300;ASH_COATED_OSMIUM;9987;12;9985;13;;;10003;15;10004;15;;;9995.5;0.0
3;32300;INTARIAN_PEPPER_ROOT;16024;10;16023;12;16021;9;16038;8;16040;11;16043;8;16031.5;0.0
3;32400;ASH_COATED_OSMIUM;9993;15;9990;14;9988;12;10009;10;10011;14;10014;11;10001.0;0.0
3;32400;INTARIAN_PEPPER_ROOT;16028;10;16025;8;;;16037;10;16040;12;;;16032.5;0.0
3;32500;ASH_COATED_OSMIUM;9987;10;9986;12;;;10003;14;10004;30;;;9995.5;0.0
3;32500;INTARIAN_PEPPER_ROOT;16024;18;16022;12;;;16039;12;16040;10;;;16032.0;0.0
3;32600;ASH_COATED_OSMIUM;9987;14;9985;12;9982;13;10003;23;10004;12;10006;10;9995.5;0.0
3;32600;INTARIAN_PEPPER_ROOT;16026;10;;;;;16039;10;;;;;16033.0;0.0
3;32700;ASH_COATED_OSMIUM;9992;27;;;;;10008;30;;;;;10000.5;0.0
3;32700;INTARIAN_PEPPER_ROOT;16026;11;;;;;16042;20;;;;;16034.0;0.0
3;32800;ASH_COATED_OSMIUM;9992;11;9989;11;;;10008;12;10010;13;;;10000.5;0.0
3;32800;INTARIAN_PEPPER_ROOT;16022;8;16021;10;;;16038;10;16039;10;;;16030.5;0.0
3;32900;ASH_COATED_OSMIUM;9992;20;9991;20;;;10008;13;10010;10;;;10000.5;0.0
3;32900;INTARIAN_PEPPER_ROOT;16026;9;16025;8;16024;12;16038;12;16041;11;16043;12;16032.0;0.0
3;33000;ASH_COATED_OSMIUM;9992;14;9990;14;;;10008;5;10011;10;;;10000.5;0.0
3;33000;INTARIAN_PEPPER_ROOT;16027;11;16024;10;;;16038;18;16039;3;;;16032.5;0.0
3;33100;ASH_COATED_OSMIUM;9987;14;9984;13;9983;10;10003;15;10006;13;10007;15;9995.5;0.0
3;33100;INTARIAN_PEPPER_ROOT;16024;9;16022;11;16021;12;16041;9;16043;10;16046;8;16033.0;0.0
3;33200;ASH_COATED_OSMIUM;9987;12;9985;13;;;10005;15;10008;21;;;9996.0;0.0
3;33200;INTARIAN_PEPPER_ROOT;16028;9;16027;17;;;16042;15;16043;12;;;16035.0;0.0
3;33300;ASH_COATED_OSMIUM;9993;15;9992;20;;;10009;22;10012;15;;;10001.5;0.0
3;33300;INTARIAN_PEPPER_ROOT;16029;21;;;;;16038;12;;;;;16033.5;0.0
3;33400;ASH_COATED_OSMIUM;9993;15;9992;11;;;10009;14;10010;25;;;10001.5;0.0
3;33400;INTARIAN_PEPPER_ROOT;16028;4;16026;25;;;16041;9;16044;8;;;16034.5;0.0
3;33500;ASH_COATED_OSMIUM;9994;12;9991;14;;;10010;11;10011;10;;;10002.0;0.0
3;33500;INTARIAN_PEPPER_ROOT;16029;11;16026;10;;;16043;10;16044;24;;;16036.0;0.0
3;33600;ASH_COATED_OSMIUM;9993;14;9990;13;;;10009;15;10012;13;;;10001.5;0.0
3;33600;INTARIAN_PEPPER_ROOT;16028;12;16027;8;;;16043;12;16045;11;;;16035.5;0.0
3;33700;ASH_COATED_OSMIUM;9997;12;9994;13;;;10006;11;10007;13;;;10001.5;0.0
3;33700;INTARIAN_PEPPER_ROOT;16028;8;;;;;16041;23;;;;;16035.0;0.0
3;33800;ASH_COATED_OSMIUM;9999;10;9996;10;9993;13;10006;14;10009;12;10010;10;10002.5;0.0
3;33800;INTARIAN_PEPPER_ROOT;16025;10;16024;8;16021;8;16041;9;16042;12;16043;25;16033.0;0.0
3;33900;ASH_COATED_OSMIUM;9989;14;9987;15;9985;13;10005;15;10006;12;10007;13;9997.0;0.0
3;33900;INTARIAN_PEPPER_ROOT;16027;23;16024;9;16023;10;16041;10;16044;12;16047;9;16034.0;0.0
3;34000;ASH_COATED_OSMIUM;9994;14;9993;24;;;10010;11;10011;12;;;10002.5;0.0
3;34000;INTARIAN_PEPPER_ROOT;16026;8;;;;;16040;10;;;;;16033.5;0.0
3;34100;ASH_COATED_OSMIUM;9988;11;;;;;10006;10;;;;;9997.5;0.0
3;34100;INTARIAN_PEPPER_ROOT;16025;8;;;;;16038;17;;;;;16032.0;0.0
3;34200;ASH_COATED_OSMIUM;9994;10;9991;4;;;10010;10;10012;11;;;10002.5;0.0
3;34200;INTARIAN_PEPPER_ROOT;16024;22;16022;12;;;16038;11;16039;11;;;16031.5;0.0
3;34300;ASH_COATED_OSMIUM;9989;15;;;;;10005;14;;;;;9997.0;0.0
3;34300;INTARIAN_PEPPER_ROOT;16026;22;16025;16;;;16044;11;16045;8;;;16035.0;0.0
3;34400;ASH_COATED_OSMIUM;9994;12;9993;13;;;10010;12;10011;10;;;10002.5;0.0
3;34400;INTARIAN_PEPPER_ROOT;16029;23;;;;;16044;10;;;;;16036.5;0.0
3;34500;ASH_COATED_OSMIUM;9989;13;9987;14;;;10007;11;10008;11;;;9998.0;0.0
3;34500;INTARIAN_PEPPER_ROOT;16026;20;16023;11;;;16038;10;16041;8;;;16032.5;0.0
3;34600;ASH_COATED_OSMIUM;9993;14;9991;14;;;10011;13;10013;10;;;10002.5;0.0
3;34600;INTARIAN_PEPPER_ROOT;16029;12;16026;10;;;16043;17;16046;12;;;16036.0;0.0
3;34700;ASH_COATED_OSMIUM;9988;12;;;;;10006;10;;;;;9997.0;0.0
3;34700;INTARIAN_PEPPER_ROOT;16032;15;16029;8;;;16035;10;16038;10;;;16034.0;0.0
3;34800;ASH_COATED_OSMIUM;9993;15;;;;;10009;24;;;;;10001.5;0.0
3;34800;INTARIAN_PEPPER_ROOT;16023;12;16021;11;;;16042;10;16044;10;;;16033.0;0.0
3;34900;ASH_COATED_OSMIUM;9993;11;9991;15;;;10009;13;10011;27;;;10001.5;0.0
3;34900;INTARIAN_PEPPER_ROOT;16025;8;;;;;16042;8;;;;;16034.0;0.0
3;35000;ASH_COATED_OSMIUM;9987;13;;;;;10005;26;;;;;9996.5;0.0
3;35000;INTARIAN_PEPPER_ROOT;16030;9;16027;10;;;16044;10;16046;12;;;16037.0;0.0
3;35100;ASH_COATED_OSMIUM;9993;12;9990;10;9989;12;10009;10;10010;12;10011;30;10001.0;0.0
3;35100;INTARIAN_PEPPER_ROOT;16029;6;;;;;16043;17;;;;;16036.0;0.0
3;35200;ASH_COATED_OSMIUM;9987;10;9986;24;;;10003;13;10004;14;;;9995.5;0.0
3;35200;INTARIAN_PEPPER_ROOT;16030;11;;;;;16042;8;;;;;16036.0;0.0
3;35300;ASH_COATED_OSMIUM;9986;13;9984;13;;;10005;14;10006;12;;;9996.0;0.0
3;35300;INTARIAN_PEPPER_ROOT;16024;11;;;;;16037;9;;;;;16031.0;0.0
3;35400;ASH_COATED_OSMIUM;9992;21;9991;11;;;10011;15;10014;29;;;10001.5;0.0
3;35400;INTARIAN_PEPPER_ROOT;16026;12;16025;9;;;16037;10;16039;8;;;16031.5;0.0
3;35500;ASH_COATED_OSMIUM;9988;25;9986;15;9983;15;10004;11;10007;10;10010;11;9996.5;0.0
3;35500;INTARIAN_PEPPER_ROOT;16030;10;16029;10;;;16042;11;16044;8;;;16036.0;0.0
3;35600;ASH_COATED_OSMIUM;9987;29;9985;12;;;10006;10;10008;15;;;9996.5;0.0
3;35600;INTARIAN_PEPPER_ROOT;16031;9;;;;;16043;12;;;;;16037.0;0.0
3;35700;ASH_COATED_OSMIUM;9988;12;9986;13;9984;11;10004;15;10007;2;10009;14;9996.0;0.0
3;35700;INTARIAN_PEPPER_ROOT;16033;21;16031;12;16030;11;16047;19;16049;8;16051;12;16040.0;0.0
3;35800;ASH_COATED_OSMIUM;9992;12;;;;;10011;14;;;;;10001.5;0.0
3;35800;INTARIAN_PEPPER_ROOT;16024;10;;;;;16041;11;;;;;16033.0;0.0
3;35900;ASH_COATED_OSMIUM;9987;25;9984;22;9982;23;10005;11;10006;10;10009;11;9996.5;0.0
3;35900;INTARIAN_PEPPER_ROOT;16031;8;16029;8;16026;12;16044;11;16047;10;16050;8;16037.5;0.0
3;36000;ASH_COATED_OSMIUM;9987;14;;;;;10006;15;;;;;9997.0;0.0
3;36000;INTARIAN_PEPPER_ROOT;16030;12;16028;10;;;16044;10;16047;12;;;16037.5;0.0
3;36100;ASH_COATED_OSMIUM;9989;10;9986;14;;;10005;15;10008;12;;;9997.0;0.0
3;36100;INTARIAN_PEPPER_ROOT;16029;9;;;;;16044;17;;;;;16036.5;0.0
3;36200;ASH_COATED_OSMIUM;9989;15;9987;12;;;10005;10;10006;24;;;9997.0;0.0
3;36200;INTARIAN_PEPPER_ROOT;16029;10;;;;;16042;21;;;;;16035.5;0.0
3;36300;ASH_COATED_OSMIUM;9989;15;9986;12;9983;11;10005;11;10006;20;10009;13;9997.0;0.0
3;36300;INTARIAN_PEPPER_ROOT;16027;11;16024;10;16022;9;16041;22;16044;10;16047;9;16034.5;0.0
3;36400;ASH_COATED_OSMIUM;9994;13;9992;13;9989;15;10012;15;10013;13;10014;14;10003.0;0.0
3;36400;INTARIAN_PEPPER_ROOT;16029;12;16028;12;;;16045;10;16047;8;;;16037.5;0.0
3;36500;ASH_COATED_OSMIUM;9994;25;;;;;10010;14;;;;;10002.5;0.0
3;36500;INTARIAN_PEPPER_ROOT;16031;8;;;;;16042;10;;;;;16037.0;0.0
3;36600;ASH_COATED_OSMIUM;9988;15;;;;;10004;22;;;;;9996.0;0.0
3;36600;INTARIAN_PEPPER_ROOT;16023;22;;;;;16041;10;;;;;16032.5;0.0
3;36700;ASH_COATED_OSMIUM;9987;11;;;;;10005;12;;;;;9996.5;0.0
3;36700;INTARIAN_PEPPER_ROOT;16036;22;16034;10;;;16039;10;16042;9;;;16037.5;0.0
3;36800;ASH_COATED_OSMIUM;9993;10;9992;13;9991;24;10009;11;10010;14;10012;22;10001.0;0.0
3;36800;INTARIAN_PEPPER_ROOT;16033;21;16030;11;;;16048;9;16050;8;;;16041.0;0.0
3;36900;ASH_COATED_OSMIUM;9986;26;9984;12;;;10005;12;10007;15;;;9996.0;0.0
3;36900;INTARIAN_PEPPER_ROOT;16031;12;16028;9;16026;8;16048;10;16050;8;16052;21;16039.5;0.0
3;37000;ASH_COATED_OSMIUM;9992;12;9989;15;;;10011;20;10013;22;;;10001.5;0.0
3;37000;INTARIAN_PEPPER_ROOT;16032;10;;;;;16045;8;;;;;16039.0;0.0
3;37100;ASH_COATED_OSMIUM;9992;15;9991;10;;;9999;13;10001;13;;;9996.0;0.0
3;37100;INTARIAN_PEPPER_ROOT;16029;21;;;;;16040;8;;;;;16035.0;0.0
3;37200;ASH_COATED_OSMIUM;9993;10;;;;;10009;15;;;;;10001.0;0.0
3;37200;INTARIAN_PEPPER_ROOT;16031;11;;;;;16043;4;;;;;16037.0;0.0
3;37300;ASH_COATED_OSMIUM;9987;13;;;;;10003;14;;;;;9995.5;0.0
3;37300;INTARIAN_PEPPER_ROOT;16033;10;;;;;16048;11;;;;;16040.5;0.0
3;37400;ASH_COATED_OSMIUM;9993;10;9991;4;;;10009;14;10010;26;;;10001.0;0.0
3;37400;INTARIAN_PEPPER_ROOT;16031;11;16029;11;16027;23;16044;8;16045;11;16046;8;16037.5;0.0
3;37500;ASH_COATED_OSMIUM;9988;22;;;;;10004;11;;;;;9996.0;0.0
3;37500;INTARIAN_PEPPER_ROOT;16031;9;16030;10;16027;8;16044;23;16045;16;16048;8;16038.0;0.0
3;37600;ASH_COATED_OSMIUM;9991;14;9989;13;;;10002;29;10003;14;;;9996.5;0.0
3;37600;INTARIAN_PEPPER_ROOT;16030;12;16029;16;;;16044;8;16045;11;;;16037.5;0.0
3;37700;ASH_COATED_OSMIUM;9993;24;;;;;10009;14;;;;;10001.5;0.0
3;37700;INTARIAN_PEPPER_ROOT;16030;10;16028;9;16025;12;16045;11;16046;12;16047;10;16038.0;0.0
3;37800;ASH_COATED_OSMIUM;9992;13;9991;13;;;10011;10;10012;12;;;10001.5;0.0
3;37800;INTARIAN_PEPPER_ROOT;16031;9;;;;;16047;12;;;;;16039.5;0.0
3;37900;ASH_COATED_OSMIUM;9992;13;9991;10;9990;13;10011;12;10012;15;10015;15;10002.0;0.0
3;37900;INTARIAN_PEPPER_ROOT;16031;9;16030;16;;;16046;3;16047;9;;;16039.0;0.0
3;38000;ASH_COATED_OSMIUM;9989;10;;;;;10005;14;;;;;9997.0;0.0
3;38000;INTARIAN_PEPPER_ROOT;16029;9;16027;25;;;16041;10;16042;8;;;16035.5;0.0
3;38100;ASH_COATED_OSMIUM;9993;15;;;;;10009;10;;;;;10001.5;0.0
3;38100;INTARIAN_PEPPER_ROOT;16031;8;;;;;16042;19;;;;;16037.0;0.0
3;38200;ASH_COATED_OSMIUM;9987;15;9984;10;9983;15;10005;29;10008;12;10011;24;9996.5;0.0
3;38200;INTARIAN_PEPPER_ROOT;16028;8;16025;10;16024;10;16046;8;16049;8;16050;9;16037.5;0.0
3;38300;ASH_COATED_OSMIUM;9988;11;9987;12;9986;12;10004;14;10005;12;10007;4;9996.5;0.0
3;38300;INTARIAN_PEPPER_ROOT;16032;20;16031;12;;;16047;12;16048;12;;;16039.5;0.0
3;38400;ASH_COATED_OSMIUM;9993;15;9991;14;9989;25;10009;22;10011;14;10013;13;10001.5;0.0
3;38400;INTARIAN_PEPPER_ROOT;16033;18;16031;10;;;16045;19;16046;11;;;16039.0;0.0
3;38500;ASH_COATED_OSMIUM;9988;4;;;;;10004;10;;;;;9996.5;0.0
3;38500;INTARIAN_PEPPER_ROOT;16034;12;16032;9;16029;6;16045;12;16047;11;16048;8;16040.0;0.0
3;38600;ASH_COATED_OSMIUM;9992;11;9989;11;;;10010;13;10013;14;;;10001.5;0.0
3;38600;INTARIAN_PEPPER_ROOT;16033;12;16030;11;;;16044;11;16046;8;;;16039.0;0.0
3;38700;ASH_COATED_OSMIUM;9988;13;9986;15;9983;10;10004;13;10007;15;10009;14;9996.5;0.0
3;38700;INTARIAN_PEPPER_ROOT;16034;11;16031;15;;;16046;9;16047;9;;;16040.0;0.0
3;38800;ASH_COATED_OSMIUM;9992;27;9991;14;;;10010;13;10012;14;;;10001.5;0.0
3;38800;INTARIAN_PEPPER_ROOT;16033;9;16031;25;;;16044;8;16047;12;;;16038.5;0.0
3;38900;ASH_COATED_OSMIUM;9992;13;;;;;10010;10;;;;;10001.5;0.0
3;38900;INTARIAN_PEPPER_ROOT;16034;8;16032;9;;;16048;8;16049;9;;;16041.0;0.0
3;39000;ASH_COATED_OSMIUM;9992;12;9990;15;9989;12;10010;25;10012;12;10015;14;10001.5;0.0
3;39000;INTARIAN_PEPPER_ROOT;16031;11;16030;5;16029;16;16048;12;16050;10;16052;12;16040.0;0.0
3;39100;ASH_COATED_OSMIUM;9988;27;9985;13;9982;15;10004;13;10007;10;10009;12;9996.0;0.0
3;39100;INTARIAN_PEPPER_ROOT;16032;8;16030;9;;;16044;10;16045;12;;;16038.5;0.0
3;39200;ASH_COATED_OSMIUM;9992;11;9991;13;9989;12;10011;13;10012;12;10014;23;10001.5;0.0
3;39200;INTARIAN_PEPPER_ROOT;16034;12;;;;;16048;12;;;;;16041.0;0.0
3;39300;ASH_COATED_OSMIUM;9993;11;;;;;10009;4;;;;;10001.0;0.0
3;39300;INTARIAN_PEPPER_ROOT;16032;24;16029;16;16026;8;16045;8;16047;9;16049;17;16039.0;0.0
3;39400;ASH_COATED_OSMIUM;9991;27;9990;11;;;10010;15;10012;11;;;10001.0;0.0
3;39400;INTARIAN_PEPPER_ROOT;16034;9;16032;9;16029;8;16047;12;16048;21;16051;9;16040.5;0.0
3;39500;ASH_COATED_OSMIUM;9986;6;;;;;10004;23;;;;;9995.5;0.0
3;39500;INTARIAN_PEPPER_ROOT;16035;12;16032;12;;;16047;16;16050;11;;;16041.5;0.0
3;39600;ASH_COATED_OSMIUM;9994;11;9993;15;9990;26;10010;14;10011;10;10013;13;10002.0;0.0
3;39600;INTARIAN_PEPPER_ROOT;16033;8;16030;23;;;16045;22;16047;8;;;16039.0;0.0
3;39700;ASH_COATED_OSMIUM;9989;13;9986;13;;;10005;12;10007;10;;;9997.0;0.0
3;39700;INTARIAN_PEPPER_ROOT;16038;8;;;;;16040;11;;;;;16039.5;0.0
3;39800;ASH_COATED_OSMIUM;9988;15;;;;;10004;11;;;;;9996.5;0.0
3;39800;INTARIAN_PEPPER_ROOT;16031;8;16030;10;;;16047;11;16048;20;;;16039.5;0.0
3;39900;ASH_COATED_OSMIUM;9987;11;9985;15;;;10005;12;10008;15;;;9996.5;0.0
3;39900;INTARIAN_PEPPER_ROOT;16033;8;16031;12;16029;5;16050;10;16052;22;16054;10;16042.0;0.0
3;40000;ASH_COATED_OSMIUM;9986;15;9983;14;;;10004;13;10005;7;;;9995.5;0.0
3;40000;INTARIAN_PEPPER_ROOT;16028;8;16025;12;;;16044;9;16045;21;;;16036.5;0.0
3;40100;ASH_COATED_OSMIUM;9991;13;9989;5;;;10009;13;10011;11;;;10000.5;0.0
3;40100;INTARIAN_PEPPER_ROOT;16030;11;;;;;16049;10;;;;;16039.5;0.0
3;40200;ASH_COATED_OSMIUM;9992;23;9990;12;9988;15;10008;22;10009;14;10011;15;10000.0;0.0
3;40200;INTARIAN_PEPPER_ROOT;16033;11;16030;12;;;16045;10;16048;9;;;16039.5;0.0
3;40300;ASH_COATED_OSMIUM;9991;12;9990;10;;;10007;12;10010;20;;;9999.5;0.0
3;40300;INTARIAN_PEPPER_ROOT;16038;8;16037;11;16035;11;16050;9;16052;9;16054;12;16044.5;0.0
3;40400;ASH_COATED_OSMIUM;9991;14;9989;12;;;10007;12;10008;29;;;9999.5;0.0
3;40400;INTARIAN_PEPPER_ROOT;16036;11;16033;6;;;16047;11;16050;10;;;16041.5;0.0
3;40500;ASH_COATED_OSMIUM;9992;11;9989;11;;;10008;10;10009;10;;;10000.0;0.0
3;40500;INTARIAN_PEPPER_ROOT;16033;18;;;;;16049;18;;;;;16041.0;0.0
3;40600;ASH_COATED_OSMIUM;9991;15;9988;13;9987;10;10007;10;10008;14;10009;12;9999.5;0.0
3;40600;INTARIAN_PEPPER_ROOT;16036;12;16035;9;;;16049;11;16050;11;;;16043.0;0.0
3;40700;ASH_COATED_OSMIUM;9986;15;9984;12;;;10002;11;10003;15;;;9994.0;0.0
3;40700;INTARIAN_PEPPER_ROOT;16028;10;16027;8;;;16047;20;16050;10;;;16038.0;0.0
3;40800;ASH_COATED_OSMIUM;9989;15;9988;14;9985;15;10008;12;10010;12;10013;10;9999.0;0.0
3;40800;INTARIAN_PEPPER_ROOT;16038;12;16035;11;;;16041;12;16043;8;;;16039.5;0.0
3;40900;ASH_COATED_OSMIUM;9985;11;;;;;10004;10;;;;;9994.5;0.0
3;40900;INTARIAN_PEPPER_ROOT;16030;8;;;;;16045;9;;;;;16038.0;0.0
3;41000;ASH_COATED_OSMIUM;9985;10;9982;14;;;10003;14;10004;10;;;9994.0;0.0
3;41000;INTARIAN_PEPPER_ROOT;16036;8;;;;;16047;15;;;;;16042.0;0.0
3;41100;ASH_COATED_OSMIUM;9985;11;;;;;10003;20;;;;;9994.5;0.0
3;41100;INTARIAN_PEPPER_ROOT;16034;10;;;;;16047;10;;;;;16040.5;0.0
3;41200;ASH_COATED_OSMIUM;9991;14;9989;10;;;10007;14;10009;11;;;9999.0;0.0
3;41200;INTARIAN_PEPPER_ROOT;16035;12;16032;12;16031;11;16047;12;16048;8;16049;9;16041.5;0.0
3;41300;ASH_COATED_OSMIUM;9985;15;9984;10;;;10001;2;10004;14;;;9993.5;0.0
3;41300;INTARIAN_PEPPER_ROOT;16035;8;16033;12;;;16047;12;16048;8;;;16041.0;0.0
3;41400;ASH_COATED_OSMIUM;9987;13;9984;25;;;9999;10;10002;20;;;9993.5;0.0
3;41400;INTARIAN_PEPPER_ROOT;16033;11;16031;12;16029;10;16050;10;16052;9;16055;12;16042.0;0.0
3;41500;ASH_COATED_OSMIUM;9985;22;9982;8;;;10001;11;10003;15;;;9993.0;0.0
3;41500;INTARIAN_PEPPER_ROOT;16035;12;;;;;16046;10;;;;;16040.5;0.0
3;41600;ASH_COATED_OSMIUM;9990;20;9989;12;9988;26;10006;10;10009;13;10012;10;9998.5;0.0
3;41600;INTARIAN_PEPPER_ROOT;16036;19;16035;9;16032;10;16047;8;16049;11;16052;11;16042.0;0.0
3;41700;ASH_COATED_OSMIUM;9985;13;;;;;10001;12;;;;;9993.0;0.0
3;41700;INTARIAN_PEPPER_ROOT;16034;17;16033;10;;;16049;11;16050;12;;;16041.5;0.0
3;41800;ASH_COATED_OSMIUM;9990;13;9988;21;;;10006;15;10007;11;;;9998.5;0.0
3;41800;INTARIAN_PEPPER_ROOT;16040;9;;;;;16043;8;;;;;16041.5;0.0
3;41900;ASH_COATED_OSMIUM;9991;14;9990;27;9987;11;10007;13;10008;25;10010;10;9999.0;0.0
3;41900;INTARIAN_PEPPER_ROOT;16036;9;;;;;16047;11;;;;;16042.0;0.0
3;42000;ASH_COATED_OSMIUM;9985;14;;;;;10001;23;;;;;9993.5;0.0
3;42000;INTARIAN_PEPPER_ROOT;16035;3;16033;24;;;16048;9;16050;25;;;16041.5;0.0
3;42100;ASH_COATED_OSMIUM;9990;13;9988;25;9985;26;10008;11;10010;10;10012;13;9999.0;0.0
3;42100;INTARIAN_PEPPER_ROOT;16033;9;;;;;16049;17;;;;;16041.0;0.0
3;42200;ASH_COATED_OSMIUM;9991;21;;;;;10007;10;;;;;9999.5;0.0
3;42200;INTARIAN_PEPPER_ROOT;16038;8;16036;6;;;16049;22;16051;10;;;16044.0;0.0
3;42300;ASH_COATED_OSMIUM;9985;14;9982;30;9980;14;10001;12;10003;14;10006;14;9993.5;0.0
3;42300;INTARIAN_PEPPER_ROOT;16038;11;16035;9;16033;9;16051;11;16054;9;16057;8;16045.0;0.0
3;42400;ASH_COATED_OSMIUM;9986;11;;;;;10002;13;;;;;9994.0;0.0
3;42400;INTARIAN_PEPPER_ROOT;16036;8;;;;;16048;10;;;;;16042.0;0.0
3;42500;ASH_COATED_OSMIUM;9985;10;9982;14;;;10001;10;10002;11;;;9993.5;0.0
3;42500;INTARIAN_PEPPER_ROOT;16038;11;;;;;16051;9;;;;;16045.0;0.0
3;42600;ASH_COATED_OSMIUM;9989;14;9987;12;;;10007;14;10009;10;;;9998.5;0.0
3;42600;INTARIAN_PEPPER_ROOT;16034;12;;;;;16047;9;;;;;16040.5;0.0
3;42700;ASH_COATED_OSMIUM;9984;11;;;;;10003;11;;;;;9993.5;0.0
3;42700;INTARIAN_PEPPER_ROOT;16035;12;;;;;16047;9;;;;;16041.0;0.0
3;42800;ASH_COATED_OSMIUM;9986;11;9985;10;9982;13;10002;10;10004;11;10006;14;9994.0;0.0
3;42800;INTARIAN_PEPPER_ROOT;16042;10;;;;;16054;24;;;;;16048.5;0.0
3;42900;ASH_COATED_OSMIUM;9991;15;9988;12;;;10007;14;10008;15;;;9999.5;0.0
3;42900;INTARIAN_PEPPER_ROOT;16038;12;16037;9;16034;23;16050;8;16052;10;16053;9;16044.0;0.0
3;43000;ASH_COATED_OSMIUM;9991;15;;;;;10007;11;;;;;9999.5;0.0
3;43000;INTARIAN_PEPPER_ROOT;16034;7;16032;12;16030;16;16046;10;16048;10;16050;11;16040.5;0.0
3;43100;ASH_COATED_OSMIUM;9992;11;9990;13;;;10008;28;10009;13;;;10000.0;0.0
3;43100;INTARIAN_PEPPER_ROOT;16034;8;16031;10;;;16045;9;16047;8;;;16039.5;0.0
3;43200;ASH_COATED_OSMIUM;9992;30;9990;13;;;9997;12;9998;15;;;9995.0;0.0
3;43200;INTARIAN_PEPPER_ROOT;16040;9;16039;12;;;16053;11;16054;9;;;16046.5;0.0
3;43300;ASH_COATED_OSMIUM;9986;15;9985;11;;;10002;14;10004;15;;;9994.0;0.0
3;43300;INTARIAN_PEPPER_ROOT;16037;12;;;;;16049;23;;;;;16043.0;0.0
3;43400;ASH_COATED_OSMIUM;9991;15;9988;14;9986;26;10009;15;10010;14;10013;13;10000.0;0.0
3;43400;INTARIAN_PEPPER_ROOT;16036;12;;;;;16049;10;;;;;16042.5;0.0
3;43500;ASH_COATED_OSMIUM;9992;29;9989;14;9988;30;10008;12;10009;12;10010;15;10000.5;0.0
3;43500;INTARIAN_PEPPER_ROOT;16037;10;;;;;16049;9;;;;;16043.0;0.0
3;43600;ASH_COATED_OSMIUM;9990;23;9989;14;;;9999;15;10002;12;;;9995.0;0.0
3;43600;INTARIAN_PEPPER_ROOT;16038;12;16035;10;;;16052;24;16054;9;;;16045.5;0.0
3;43700;ASH_COATED_OSMIUM;9990;10;;;;;10011;15;;;;;10000.5;0.0
3;43700;INTARIAN_PEPPER_ROOT;16037;9;16036;15;;;16051;25;16052;25;;;16044.0;0.0
3;43800;ASH_COATED_OSMIUM;9990;11;;;;;10000;23;;;;;9995.5;0.0
3;43800;INTARIAN_PEPPER_ROOT;16037;10;16036;10;;;16049;8;16052;10;;;16043.0;0.0
3;43900;ASH_COATED_OSMIUM;9988;24;;;;;10004;15;;;;;9996.0;0.0
3;43900;INTARIAN_PEPPER_ROOT;16038;10;;;;;16051;23;;;;;16044.5;0.0
3;44000;ASH_COATED_OSMIUM;9993;20;9992;9;;;10009;10;10012;14;;;10001.5;0.0
3;44000;INTARIAN_PEPPER_ROOT;16041;8;16040;12;;;16049;11;16052;9;;;16045.5;0.0
3;44100;ASH_COATED_OSMIUM;9988;12;9986;24;9984;11;10004;4;10006;11;10007;15;9996.5;0.0
3;44100;INTARIAN_PEPPER_ROOT;16038;8;16035;8;;;16050;10;16052;9;;;16044.0;0.0
3;44200;ASH_COATED_OSMIUM;9988;15;9986;10;;;10004;14;10005;15;;;9996.5;0.0
3;44200;INTARIAN_PEPPER_ROOT;16038;9;16037;12;16036;12;16051;10;16052;17;16055;11;16044.5;0.0
3;44300;ASH_COATED_OSMIUM;9988;30;9987;14;;;10004;15;10006;25;;;9996.5;0.0
3;44300;INTARIAN_PEPPER_ROOT;16042;12;16040;11;16039;10;16057;11;16058;10;16061;8;16050.0;0.0
3;44400;ASH_COATED_OSMIUM;9986;13;;;;;10007;12;;;;;9997.0;0.0
3;44400;INTARIAN_PEPPER_ROOT;16036;10;16034;25;16033;10;16050;10;16052;11;16053;10;16043.0;0.0
3;44500;ASH_COATED_OSMIUM;9989;15;9987;11;9984;10;10005;15;10006;13;10009;21;9997.0;0.0
3;44500;INTARIAN_PEPPER_ROOT;16037;8;;;;;16050;9;;;;;16043.5;0.0
3;44600;ASH_COATED_OSMIUM;9988;27;9985;24;;;10004;13;10007;12;;;9996.5;0.0
3;44600;INTARIAN_PEPPER_ROOT;16036;22;;;;;16048;11;;;;;16042.0;0.0
3;44700;ASH_COATED_OSMIUM;9993;11;9990;10;;;10011;28;10013;15;;;10002.0;0.0
3;44700;INTARIAN_PEPPER_ROOT;16035;12;16033;9;;;16051;10;16054;5;;;16043.5;0.0
3;44800;ASH_COATED_OSMIUM;9992;13;9989;11;9986;11;10001;10;10004;13;10005;26;9996.5;0.0
3;44800;INTARIAN_PEPPER_ROOT;16040;10;16037;10;16035;11;16053;9;16056;11;16059;11;16046.5;0.0
3;44900;ASH_COATED_OSMIUM;9994;15;9992;10;9989;13;10010;15;10012;12;10014;12;10002.0;0.0
3;44900;INTARIAN_PEPPER_ROOT;16042;9;16040;10;16039;10;16054;8;16055;8;16057;11;16048.5;0.0
3;45000;ASH_COATED_OSMIUM;9989;12;9988;12;9986;13;10005;11;10006;27;10009;15;9997.0;0.0
3;45000;INTARIAN_PEPPER_ROOT;16038;8;16036;11;;;16052;8;16054;16;;;16045.0;0.0
3;45100;ASH_COATED_OSMIUM;9988;10;;;;;10006;14;;;;;9997.5;0.0
3;45100;INTARIAN_PEPPER_ROOT;16038;9;16036;8;;;16051;9;16052;18;;;16045.0;0.0
3;45200;ASH_COATED_OSMIUM;9990;11;9989;20;;;10006;14;10009;30;;;9998.0;0.0
3;45200;INTARIAN_PEPPER_ROOT;16037;23;16036;21;16034;10;16050;11;16051;12;16053;10;16043.5;0.0
3;45300;ASH_COATED_OSMIUM;9995;10;;;;;10011;11;;;;;10003.5;0.0
3;45300;INTARIAN_PEPPER_ROOT;16037;16;;;;;16048;11;;;;;16043.0;0.0
3;45400;ASH_COATED_OSMIUM;9989;14;9987;14;;;10007;13;10008;6;;;9998.0;0.0
3;45400;INTARIAN_PEPPER_ROOT;16039;11;;;;;16052;10;;;;;16046.0;0.0
3;45500;ASH_COATED_OSMIUM;9995;11;;;;;10011;15;;;;;10003.5;0.0
3;45500;INTARIAN_PEPPER_ROOT;16040;9;16039;12;;;16052;8;16054;11;;;16046.5;0.0
3;45600;ASH_COATED_OSMIUM;9989;4;;;;;10008;10;;;;;9998.5;0.0
3;45600;INTARIAN_PEPPER_ROOT;16042;9;16039;9;;;16054;10;16056;12;;;16048.0;0.0
3;45700;ASH_COATED_OSMIUM;9996;30;;;;;10012;28;;;;;10004.0;0.0
3;45700;INTARIAN_PEPPER_ROOT;16039;8;;;;;16052;11;;;;;16045.5;0.0
3;45800;ASH_COATED_OSMIUM;9989;15;9986;13;9985;30;10007;14;10008;13;10011;15;9998.5;0.0
3;45800;INTARIAN_PEPPER_ROOT;16038;8;16035;8;16034;9;16051;9;16052;8;16055;15;16045.0;0.0
3;45900;ASH_COATED_OSMIUM;9991;28;9990;13;;;10007;28;10009;27;;;9999.5;0.0
3;45900;INTARIAN_PEPPER_ROOT;16039;9;;;;;16050;11;;;;;16045.0;0.0
3;46000;ASH_COATED_OSMIUM;10001;24;;;;;10007;10;;;;;10004.5;0.0
3;46000;INTARIAN_PEPPER_ROOT;16036;9;16035;24;;;16052;11;16054;8;;;16044.5;0.0
3;46100;ASH_COATED_OSMIUM;9990;7;9988;14;;;10008;15;10009;11;;;9999.5;0.0
3;46100;INTARIAN_PEPPER_ROOT;16041;11;16038;12;;;16052;9;16054;9;;;16046.5;0.0
3;46200;ASH_COATED_OSMIUM;9997;12;9995;10;9992;20;10013;12;10015;10;10016;30;10005.0;0.0
3;46200;INTARIAN_PEPPER_ROOT;16042;8;16041;6;;;16053;11;16054;3;;;16047.5;0.0
3;46300;ASH_COATED_OSMIUM;9991;15;;;;;10007;12;;;;;9999.5;0.0
3;46300;INTARIAN_PEPPER_ROOT;16041;12;;;;;16054;11;;;;;16048.0;0.0
3;46400;ASH_COATED_OSMIUM;9990;12;;;;;10009;13;;;;;9999.5;0.0
3;46400;INTARIAN_PEPPER_ROOT;16040;10;;;;;16053;10;;;;;16046.5;0.0
3;46500;ASH_COATED_OSMIUM;9997;20;9994;11;9993;15;10013;28;10015;12;10017;11;10005.5;0.0
3;46500;INTARIAN_PEPPER_ROOT;16038;10;;;;;16050;22;;;;;16044.0;0.0
3;46600;ASH_COATED_OSMIUM;9997;25;9994;24;;;10013;10;10015;11;;;10005.5;0.0
3;46600;INTARIAN_PEPPER_ROOT;16039;8;16037;12;16034;10;16051;11;16052;10;16054;10;16045.5;0.0
3;46700;ASH_COATED_OSMIUM;9992;9;9991;11;;;10008;29;10011;23;;;10000.0;0.0
3;46700;INTARIAN_PEPPER_ROOT;16040;24;16039;11;;;16054;8;16056;10;;;16047.0;0.0
3;46800;ASH_COATED_OSMIUM;9997;14;;;;;10013;20;;;;;10005.0;0.0
3;46800;INTARIAN_PEPPER_ROOT;16038;12;16035;11;;;16054;9;16055;20;;;16046.0;0.0
3;46900;ASH_COATED_OSMIUM;9991;13;9988;11;;;10007;14;10010;11;;;9999.5;0.0
3;46900;INTARIAN_PEPPER_ROOT;16041;9;16039;18;;;16053;12;16056;21;;;16047.5;0.0
3;47000;ASH_COATED_OSMIUM;9991;12;9989;12;9988;12;10007;14;10010;13;10013;10;9999.5;0.0
3;47000;INTARIAN_PEPPER_ROOT;16041;16;;;;;16056;7;;;;;16048.5;0.0
3;47100;ASH_COATED_OSMIUM;9996;14;9994;10;;;10014;4;10015;14;;;10005.0;0.0
3;47100;INTARIAN_PEPPER_ROOT;16040;17;16039;24;16038;11;16051;10;16053;9;16055;11;16045.5;0.0
3;47200;ASH_COATED_OSMIUM;9994;13;9991;11;;;10005;11;10007;27;;;10000.0;0.0
3;47200;INTARIAN_PEPPER_ROOT;16040;11;16039;23;16037;10;16056;11;16059;12;16060;11;16048.0;0.0
3;47300;ASH_COATED_OSMIUM;9996;28;9993;12;;;10014;13;10017;12;;;10005.5;0.0
3;47300;INTARIAN_PEPPER_ROOT;16044;11;16043;9;16040;10;16056;16;16057;10;16060;9;16050.0;0.0
3;47400;ASH_COATED_OSMIUM;9989;15;9988;11;9986;11;10010;13;10012;11;10013;13;10000.0;0.0
3;47400;INTARIAN_PEPPER_ROOT;16041;11;16039;12;16038;11;16054;10;16057;8;16059;25;16047.5;0.0
3;47500;ASH_COATED_OSMIUM;9992;4;9990;15;;;10008;6;10010;27;;;10000.0;0.0
3;47500;INTARIAN_PEPPER_ROOT;16040;11;16038;9;;;16054;9;16055;11;;;16047.5;0.0
3;47600;ASH_COATED_OSMIUM;9997;12;9995;15;9993;3;10013;13;10016;12;10017;14;10005.0;0.0
3;47600;INTARIAN_PEPPER_ROOT;16044;12;;;;;16058;10;;;;;16051.0;0.0
3;47700;ASH_COATED_OSMIUM;9990;11;9987;13;;;10006;11;10009;21;;;9998.5;0.0
3;47700;INTARIAN_PEPPER_ROOT;16039;8;16037;8;;;16053;11;16055;12;;;16046.0;0.0
3;47800;ASH_COATED_OSMIUM;9996;11;;;;;10012;29;;;;;10004.5;0.0
3;47800;INTARIAN_PEPPER_ROOT;16046;11;;;;;16049;8;;;;;16048.0;0.0
3;47900;ASH_COATED_OSMIUM;10001;13;;;;;10007;10;;;;;10004.5;0.0
3;47900;INTARIAN_PEPPER_ROOT;16041;10;16039;12;;;16055;8;16056;8;;;16048.5;0.0
3;48000;ASH_COATED_OSMIUM;9991;12;;;;;10007;13;;;;;9999.0;0.0
3;48000;INTARIAN_PEPPER_ROOT;16041;17;16039;8;;;16057;11;16060;25;;;16049.5;0.0
3;48100;ASH_COATED_OSMIUM;9995;30;9994;12;;;10013;13;10014;13;;;10004.0;0.0
3;48100;INTARIAN_PEPPER_ROOT;16044;4;16042;8;;;16055;12;16058;11;;;16049.5;0.0
3;48200;ASH_COATED_OSMIUM;9990;28;;;;;10008;13;;;;;9999.0;0.0
3;48200;INTARIAN_PEPPER_ROOT;16040;21;16038;11;16036;8;16056;10;16058;12;16060;12;16048.5;0.0
3;48300;ASH_COATED_OSMIUM;9991;9;;;;;10007;13;;;;;9999.0;0.0
3;48300;INTARIAN_PEPPER_ROOT;16041;11;16038;12;;;16055;8;16057;9;;;16048.0;0.0
3;48400;ASH_COATED_OSMIUM;9990;14;9989;12;9987;15;10006;14;10009;15;10012;3;9998.5;0.0
3;48400;INTARIAN_PEPPER_ROOT;16043;19;;;;;16054;10;;;;;16049.0;0.0
3;48500;ASH_COATED_OSMIUM;9991;11;9990;15;9987;4;10007;10;10009;14;10011;25;9999.0;0.0
3;48500;INTARIAN_PEPPER_ROOT;16042;10;16039;12;;;16056;9;16057;5;;;16049.0;0.0
3;48600;ASH_COATED_OSMIUM;9995;23;9994;14;9993;12;10011;15;10014;15;10017;10;10003.5;0.0
3;48600;INTARIAN_PEPPER_ROOT;16036;9;16035;12;;;16053;11;16054;8;;;16045.0;0.0
3;48700;ASH_COATED_OSMIUM;9995;14;;;;;10011;13;;;;;10003.5;0.0
3;48700;INTARIAN_PEPPER_ROOT;16040;9;16038;9;16035;9;16051;11;16054;9;16055;11;16045.5;0.0
3;48800;ASH_COATED_OSMIUM;9995;13;;;;;10011;15;;;;;10003.5;0.0
3;48800;INTARIAN_PEPPER_ROOT;16043;10;16042;16;16041;21;16056;8;16057;8;16060;8;16049.5;0.0
3;48900;ASH_COATED_OSMIUM;9990;11;9987;12;9986;13;10006;10;10007;13;10009;24;9998.5;0.0
3;48900;INTARIAN_PEPPER_ROOT;16044;10;16042;12;16039;10;16056;25;16059;10;16061;12;16050.0;0.0
3;49000;ASH_COATED_OSMIUM;10001;14;9999;11;;;10006;14;10007;14;;;10004.0;0.0
3;49000;INTARIAN_PEPPER_ROOT;16045;12;16042;4;16040;12;16049;8;16052;9;16054;9;16047.5;0.0
3;49100;ASH_COATED_OSMIUM;9990;6;9989;14;9988;6;10006;13;10007;28;10008;15;9998.5;0.0
3;49100;INTARIAN_PEPPER_ROOT;16041;11;16039;12;;;16055;11;16056;8;;;16048.0;0.0
3;49200;ASH_COATED_OSMIUM;9996;4;9993;10;;;10012;10;10013;11;;;10004.0;0.0
3;49200;INTARIAN_PEPPER_ROOT;16039;9;16036;23;16035;11;16053;19;16055;12;16058;21;16046.5;0.0
3;49300;ASH_COATED_OSMIUM;10001;10;10000;11;;;10007;14;10009;14;;;10004.0;0.0
3;49300;INTARIAN_PEPPER_ROOT;16043;11;16042;10;16039;12;16056;10;16057;25;16058;9;16050.0;0.0
3;49400;ASH_COATED_OSMIUM;9995;13;;;;;10011;10;;;;;10003.5;0.0
3;49400;INTARIAN_PEPPER_ROOT;16045;9;16042;9;16040;10;16056;12;16057;10;16060;12;16050.5;0.0
3;49500;ASH_COATED_OSMIUM;9990;15;;;;;10006;11;;;;;9998.5;0.0
3;49500;INTARIAN_PEPPER_ROOT;16044;12;16042;9;;;16057;16;16058;8;;;16050.5;0.0
3;49600;ASH_COATED_OSMIUM;9990;14;9987;9;;;10006;11;10008;14;;;9998.5;0.0
3;49600;INTARIAN_PEPPER_ROOT;16044;10;16041;20;;;16055;15;16058;15;;;16049.5;0.0
3;49700;ASH_COATED_OSMIUM;9995;10;;;;;10011;12;;;;;10003.5;0.0
3;49700;INTARIAN_PEPPER_ROOT;16041;12;16039;12;16037;12;16054;10;16056;23;16059;12;16047.5;0.0
3;49800;ASH_COATED_OSMIUM;9990;13;9988;29;;;10006;11;10007;11;;;9998.0;0.0
3;49800;INTARIAN_PEPPER_ROOT;16046;11;;;;;16058;19;;;;;16052.5;0.0
3;49900;ASH_COATED_OSMIUM;9988;13;9987;13;;;10007;12;10009;14;;;9998.0;0.0
3;49900;INTARIAN_PEPPER_ROOT;16045;10;;;;;16056;10;;;;;16050.5;0.0
3;50000;ASH_COATED_OSMIUM;9994;14;9991;14;;;10012;11;10014;10;;;10003.5;0.0
3;50000;INTARIAN_PEPPER_ROOT;16045;9;;;;;16057;11;;;;;16051.0;0.0
3;50100;ASH_COATED_OSMIUM;9989;13;9987;12;;;10007;10;10009;15;;;9998.5;0.0
3;50100;INTARIAN_PEPPER_ROOT;16042;9;16039;8;16038;8;16054;11;16055;9;16056;10;16048.5;0.0
3;50200;ASH_COATED_OSMIUM;9994;10;9991;25;9989;12;10012;10;10014;12;10017;11;10003.5;0.0
3;50200;INTARIAN_PEPPER_ROOT;16042;12;16040;11;;;16056;11;16058;10;;;16049.0;0.0
3;50300;ASH_COATED_OSMIUM;9995;10;9993;14;9990;14;10011;14;10013;25;10015;25;10003.0;0.0
3;50300;INTARIAN_PEPPER_ROOT;16043;12;;;;;16058;8;;;;;16051.0;0.0
3;50400;ASH_COATED_OSMIUM;9988;10;9987;10;;;10006;15;10008;12;;;9997.5;0.0
3;50400;INTARIAN_PEPPER_ROOT;16043;5;;;;;16055;9;;;;;16049.5;0.0
3;50500;ASH_COATED_OSMIUM;9999;14;9997;14;9996;10;10005;13;10007;21;10008;11;10002.5;0.0
3;50500;INTARIAN_PEPPER_ROOT;16044;12;;;;;16056;8;;;;;16050.0;0.0
3;50600;ASH_COATED_OSMIUM;9989;14;;;;;10005;10;;;;;9997.5;0.0
3;50600;INTARIAN_PEPPER_ROOT;16042;10;;;;;16053;10;;;;;16047.5;0.0
3;50700;ASH_COATED_OSMIUM;9994;10;9993;22;9992;11;10010;14;10011;14;10013;12;10002.5;0.0
3;50700;INTARIAN_PEPPER_ROOT;16043;8;16040;11;;;16056;11;16059;17;;;16050.0;0.0
3;50800;ASH_COATED_OSMIUM;9988;11;9987;14;;;10007;10;10008;11;;;9997.5;0.0
3;50800;INTARIAN_PEPPER_ROOT;16045;10;16042;9;16040;12;16058;11;16061;23;16064;10;16052.0;0.0
3;50900;ASH_COATED_OSMIUM;9989;11;9988;15;9985;15;10005;10;10007;10;10009;15;9997.5;0.0
3;50900;INTARIAN_PEPPER_ROOT;16042;11;16039;10;;;16057;19;16058;10;;;16050.0;0.0
3;51000;ASH_COATED_OSMIUM;9989;12;9987;11;;;10005;14;10008;14;;;9997.0;0.0
3;51000;INTARIAN_PEPPER_ROOT;16042;24;;;;;16058;12;;;;;16050.5;0.0
3;51100;ASH_COATED_OSMIUM;9988;28;9986;12;;;10006;15;10008;15;;;9997.5;0.0
3;51100;INTARIAN_PEPPER_ROOT;16045;8;16043;19;;;16058;8;16060;8;;;16051.5;0.0
3;51200;ASH_COATED_OSMIUM;9989;10;9987;14;;;10007;2;10009;12;;;9998.0;0.0
3;51200;INTARIAN_PEPPER_ROOT;16039;12;16036;8;;;16051;19;16053;9;;;16045.0;0.0
3;51300;ASH_COATED_OSMIUM;9994;15;9992;15;;;10012;14;10013;10;;;10003.5;0.0
3;51300;INTARIAN_PEPPER_ROOT;16041;11;16040;12;;;16055;9;16056;10;;;16048.5;0.0
3;51400;ASH_COATED_OSMIUM;9995;14;9992;11;9989;14;10011;15;10014;10;10016;13;10003.5;0.0
3;51400;INTARIAN_PEPPER_ROOT;16043;10;16040;8;;;16056;8;16059;11;;;16050.0;0.0
3;51500;ASH_COATED_OSMIUM;9998;15;;;;;10008;10;;;;;10003.0;0.0
3;51500;INTARIAN_PEPPER_ROOT;16047;17;;;;;16059;19;;;;;16053.5;0.0
3;51600;ASH_COATED_OSMIUM;9995;11;9993;12;;;10011;21;10012;14;;;10003.5;0.0
3;51600;INTARIAN_PEPPER_ROOT;16049;19;16047;11;;;16060;11;16061;8;;;16055.0;0.0
3;51700;ASH_COATED_OSMIUM;9994;12;;;;;10012;24;;;;;10003.5;0.0
3;51700;INTARIAN_PEPPER_ROOT;16046;11;16043;8;;;16057;11;16059;8;;;16051.5;0.0
3;51800;ASH_COATED_OSMIUM;9995;14;9994;10;9993;10;10011;14;10012;10;10014;15;10003.5;0.0
3;51800;INTARIAN_PEPPER_ROOT;16046;11;;;;;16061;8;;;;;16054.0;0.0
3;51900;ASH_COATED_OSMIUM;9991;15;9990;15;;;10007;10;10008;27;;;9999.0;0.0
3;51900;INTARIAN_PEPPER_ROOT;16045;11;16042;12;16040;16;16059;5;16060;10;16063;23;16052.5;0.0
3;52000;ASH_COATED_OSMIUM;9991;13;9990;13;;;10007;13;10010;15;;;9999.5;0.0
3;52000;INTARIAN_PEPPER_ROOT;16050;8;;;;;16061;11;;;;;16056.0;0.0
3;52100;ASH_COATED_OSMIUM;9996;10;9994;24;;;10012;15;10014;11;;;10004.5;0.0
3;52100;INTARIAN_PEPPER_ROOT;16049;9;16047;8;;;16063;10;16065;9;;;16056.0;0.0
3;52200;ASH_COATED_OSMIUM;9996;14;9994;26;;;10012;12;10013;13;;;10004.0;0.0
3;52200;INTARIAN_PEPPER_ROOT;16045;17;;;;;16056;8;;;;;16051.0;0.0
3;52300;ASH_COATED_OSMIUM;9996;10;;;;;10012;14;;;;;10004.0;0.0
3;52300;INTARIAN_PEPPER_ROOT;16043;21;16040;9;;;16058;23;16060;10;;;16050.5;0.0
3;52400;ASH_COATED_OSMIUM;9991;15;;;;;10007;12;;;;;9999.0;0.0
3;52400;INTARIAN_PEPPER_ROOT;16046;10;16045;11;16043;11;16060;19;16061;8;16062;12;16053.0;0.0
3;52500;ASH_COATED_OSMIUM;9995;12;9994;15;;;10013;11;10016;10;;;10004.5;0.0
3;52500;INTARIAN_PEPPER_ROOT;16049;12;16048;10;;;16061;10;16063;8;;;16055.5;0.0
3;52600;ASH_COATED_OSMIUM;9991;10;9989;12;;;10007;22;10010;21;;;9999.0;0.0
3;52600;INTARIAN_PEPPER_ROOT;16046;12;16043;9;16042;21;16060;24;16061;9;16064;11;16053.5;0.0
3;52700;ASH_COATED_OSMIUM;9996;26;9993;11;9992;15;10012;24;10015;14;10018;10;10004.5;0.0
3;52700;INTARIAN_PEPPER_ROOT;16046;22;;;;;16057;18;;;;;16051.5;0.0
3;52800;ASH_COATED_OSMIUM;9996;15;;;;;10012;20;;;;;10004.0;0.0
3;52800;INTARIAN_PEPPER_ROOT;16043;9;16041;11;;;16063;11;16066;8;;;16053.5;0.0
3;52900;ASH_COATED_OSMIUM;9995;11;9993;12;;;10013;10;10016;12;;;10004.0;0.0
3;52900;INTARIAN_PEPPER_ROOT;16047;10;16045;8;;;16061;9;16064;9;;;16054.0;0.0
3;53000;ASH_COATED_OSMIUM;9989;11;;;;;10007;22;;;;;9998.5;0.0
3;53000;INTARIAN_PEPPER_ROOT;16048;8;16045;11;16042;10;16061;12;16062;8;16065;24;16055.0;0.0
3;53100;ASH_COATED_OSMIUM;9989;15;9988;11;9986;14;10008;25;10011;13;10012;14;9998.5;0.0
3;53100;INTARIAN_PEPPER_ROOT;16046;10;;;;;16062;8;;;;;16054.5;0.0
3;53200;ASH_COATED_OSMIUM;9998;14;9995;14;;;10010;13;10013;11;;;10004.5;0.0
3;53200;INTARIAN_PEPPER_ROOT;16046;12;16043;8;;;16058;11;16061;9;;;16052.0;0.0
3;53300;ASH_COATED_OSMIUM;9999;15;;;;;10008;10;;;;;10004.0;0.0
3;53300;INTARIAN_PEPPER_ROOT;16043;10;16040;8;;;16060;9;16063;8;;;16052.0;0.0
3;53400;ASH_COATED_OSMIUM;9990;15;9989;12;9986;12;10006;12;10007;14;10008;15;9998.5;0.0
3;53400;INTARIAN_PEPPER_ROOT;16044;9;16042;10;;;16058;18;16061;8;;;16051.0;0.0
3;53500;ASH_COATED_OSMIUM;9995;10;9994;12;9992;2;10011;12;10014;12;10017;8;10003.0;0.0
3;53500;INTARIAN_PEPPER_ROOT;16046;9;16044;12;;;16061;10;16063;24;;;16053.5;0.0
3;53600;ASH_COATED_OSMIUM;9989;11;9986;15;9985;10;10005;26;10007;12;10009;13;9997.5;0.0
3;53600;INTARIAN_PEPPER_ROOT;16044;12;16043;8;;;16061;10;16063;10;;;16052.5;0.0
3;53700;ASH_COATED_OSMIUM;9998;14;9996;10;;;10007;14;10008;13;;;10002.5;0.0
3;53700;INTARIAN_PEPPER_ROOT;16048;23;16046;11;16044;9;16060;8;16063;12;16064;11;16054.0;0.0
3;53800;ASH_COATED_OSMIUM;9990;27;9988;13;9986;11;10006;15;10009;26;10010;10;9998.0;0.0
3;53800;INTARIAN_PEPPER_ROOT;16047;24;16044;10;;;16060;9;16061;8;;;16054.0;0.0
3;53900;ASH_COATED_OSMIUM;9994;13;9991;10;;;10012;13;10014;12;;;10003.5;0.0
3;53900;INTARIAN_PEPPER_ROOT;16049;4;16047;12;16046;25;16061;12;16062;12;16063;19;16055.5;0.0
3;54000;ASH_COATED_OSMIUM;9995;10;9994;14;9992;14;10011;15;10013;15;10015;12;10003.5;0.0
3;54000;INTARIAN_PEPPER_ROOT;16050;24;16049;17;;;16061;12;16062;11;;;16056.0;0.0
3;54100;ASH_COATED_OSMIUM;9996;14;9995;14;9992;11;10012;15;10013;12;10014;21;10004.0;0.0
3;54100;INTARIAN_PEPPER_ROOT;16049;10;16046;8;16043;9;16060;11;16061;9;16064;10;16054.5;0.0
3;54200;ASH_COATED_OSMIUM;9991;13;9990;10;;;10007;25;10008;29;;;9999.0;0.0
3;54200;INTARIAN_PEPPER_ROOT;16047;10;16046;12;;;16059;8;16062;9;;;16053.0;0.0
3;54300;ASH_COATED_OSMIUM;9996;14;9995;14;;;10012;15;10013;14;;;10004.5;0.0
3;54300;INTARIAN_PEPPER_ROOT;16049;11;;;;;16060;25;;;;;16055.0;0.0
3;54400;ASH_COATED_OSMIUM;9996;6;;;;;10012;11;;;;;10004.0;0.0
3;54400;INTARIAN_PEPPER_ROOT;16050;24;;;;;16063;11;;;;;16057.0;0.0
3;54500;ASH_COATED_OSMIUM;9993;14;9990;13;9987;12;10014;20;10017;14;10018;11;10004.0;0.0
3;54500;INTARIAN_PEPPER_ROOT;16052;18;16050;9;;;16066;4;16069;12;;;16059.0;0.0
3;54600;ASH_COATED_OSMIUM;9997;10;9996;12;;;10013;14;10015;21;;;10005.0;0.0
3;54600;INTARIAN_PEPPER_ROOT;16047;8;16046;22;;;16065;11;16068;9;;;16056.5;0.0
3;54700;ASH_COATED_OSMIUM;9990;13;;;;;10009;7;;;;;10000.0;0.0
3;54700;INTARIAN_PEPPER_ROOT;16049;25;16047;9;16045;25;16062;12;16065;12;16066;12;16055.5;0.0
3;54800;ASH_COATED_OSMIUM;9997;11;9994;11;;;10013;13;10015;28;;;10005.5;0.0
3;54800;INTARIAN_PEPPER_ROOT;16049;10;;;;;16061;11;;;;;16055.5;0.0
3;54900;ASH_COATED_OSMIUM;9991;12;9990;11;9988;11;10007;11;10008;12;10011;12;9999.0;0.0
3;54900;INTARIAN_PEPPER_ROOT;16047;12;16046;8;;;16060;10;16063;9;;;16054.0;0.0
3;55000;ASH_COATED_OSMIUM;9993;14;9990;10;9989;14;10014;14;10017;10;10018;24;10004.0;0.0
3;55000;INTARIAN_PEPPER_ROOT;16047;11;16045;12;;;16060;12;16062;8;;;16053.5;0.0
3;55100;ASH_COATED_OSMIUM;9995;13;;;;;10011;11;;;;;10003.5;0.0
3;55100;INTARIAN_PEPPER_ROOT;16048;8;16045;11;16044;12;16065;12;16068;10;16069;12;16056.5;0.0
3;55200;ASH_COATED_OSMIUM;9990;12;9987;15;;;10006;8;10009;12;;;9998.5;0.0
3;55200;INTARIAN_PEPPER_ROOT;16046;12;;;;;16062;8;;;;;16054.0;0.0
3;55300;ASH_COATED_OSMIUM;9996;15;9993;15;9991;15;10012;24;10015;30;10017;27;10004.0;0.0
3;55300;INTARIAN_PEPPER_ROOT;16051;11;;;;;16062;22;;;;;16057.0;0.0
3;55400;ASH_COATED_OSMIUM;9994;13;9992;12;;;10015;14;10018;11;;;10004.5;0.0
3;55400;INTARIAN_PEPPER_ROOT;16050;23;;;;;16064;9;;;;;16057.0;0.0
3;55500;ASH_COATED_OSMIUM;9992;14;9989;12;;;10008;15;10010;10;;;10000.0;0.0
3;55500;INTARIAN_PEPPER_ROOT;16048;21;16045;10;;;16060;11;16062;8;;;16054.0;0.0
3;55600;ASH_COATED_OSMIUM;9990;10;9987;13;;;10009;24;10012;27;;;10000.0;0.0
3;55600;INTARIAN_PEPPER_ROOT;16046;8;16043;11;16042;5;16062;7;16063;23;16065;10;16054.5;0.0
3;55700;ASH_COATED_OSMIUM;9997;15;9996;11;;;10013;14;10016;15;;;10005.0;0.0
3;55700;INTARIAN_PEPPER_ROOT;16053;10;;;;;16065;9;;;;;16059.5;0.0
3;55800;ASH_COATED_OSMIUM;9997;11;;;;;10013;27;;;;;10005.5;0.0
3;55800;INTARIAN_PEPPER_ROOT;16048;11;16045;10;16043;21;16059;19;16061;12;16063;9;16053.5;0.0
3;55900;ASH_COATED_OSMIUM;9992;15;;;;;10008;12;;;;;10000.0;0.0
3;55900;INTARIAN_PEPPER_ROOT;16046;12;;;;;16062;25;;;;;16054.0;0.0
3;56000;ASH_COATED_OSMIUM;9991;13;;;;;10007;12;;;;;9999.5;0.0
3;56000;INTARIAN_PEPPER_ROOT;16049;21;16046;8;;;16061;8;16064;8;;;16055.0;0.0
3;56100;ASH_COATED_OSMIUM;9990;11;9987;10;;;10009;21;10011;9;;;9999.5;0.0
3;56100;INTARIAN_PEPPER_ROOT;16050;10;;;;;16063;12;;;;;16056.5;0.0
3;56200;ASH_COATED_OSMIUM;9997;13;9995;12;;;10013;11;10015;14;;;10005.0;0.0
3;56200;INTARIAN_PEPPER_ROOT;16051;21;;;;;16063;21;;;;;16057.5;0.0
3;56300;ASH_COATED_OSMIUM;9992;14;9990;5;9988;15;10008;3;10009;10;10012;20;10000.0;0.0
3;56300;INTARIAN_PEPPER_ROOT;16057;10;16054;9;16052;10;16060;11;16061;9;16063;12;16059.0;0.0
3;56400;ASH_COATED_OSMIUM;9991;15;9988;15;;;10007;13;10009;11;;;9999.5;0.0
3;56400;INTARIAN_PEPPER_ROOT;16044;11;16042;10;16041;12;16064;8;16067;10;16070;10;16054.0;0.0
3;56500;ASH_COATED_OSMIUM;9996;12;9995;15;9994;13;10003;15;10005;24;10006;10;9999.5;0.0
3;56500;INTARIAN_PEPPER_ROOT;16051;9;16049;12;16048;9;16063;22;16064;10;16067;18;16057.0;0.0
3;56600;ASH_COATED_OSMIUM;9996;14;9994;20;;;10012;15;10014;11;;;10004.5;0.0
3;56600;INTARIAN_PEPPER_ROOT;16050;18;16048;21;16045;11;16065;9;16067;9;16070;11;16057.5;0.0
3;56700;ASH_COATED_OSMIUM;9996;11;;;;;10012;13;;;;;10004.5;0.0
3;56700;INTARIAN_PEPPER_ROOT;16056;9;;;;;16058;22;;;;;16057.5;0.0
3;56800;ASH_COATED_OSMIUM;10002;27;10000;5;;;10007;12;10008;12;;;10005.0;0.0
3;56800;INTARIAN_PEPPER_ROOT;16051;11;;;;;16062;12;;;;;16057.0;0.0
3;56900;ASH_COATED_OSMIUM;9992;11;9990;14;;;10008;14;10011;11;;;10000.5;0.0
3;56900;INTARIAN_PEPPER_ROOT;16050;9;16049;18;16048;20;16064;11;16065;10;16067;8;16057.5;0.0
3;57000;ASH_COATED_OSMIUM;9992;15;;;;;10008;14;;;;;10000.0;0.0
3;57000;INTARIAN_PEPPER_ROOT;16052;8;16051;12;;;16064;8;16067;11;;;16058.0;0.0
3;57100;ASH_COATED_OSMIUM;9997;11;9995;14;;;10013;10;10016;10;;;10005.0;0.0
3;57100;INTARIAN_PEPPER_ROOT;16051;10;16049;11;16046;10;16066;9;16068;10;16070;10;16059.0;0.0
3;57200;ASH_COATED_OSMIUM;9992;21;9989;10;;;10008;13;10011;10;;;10000.0;0.0
3;57200;INTARIAN_PEPPER_ROOT;16055;10;;;;;16059;9;;;;;16057.0;0.0
3;57300;ASH_COATED_OSMIUM;9990;13;;;;;10009;12;;;;;10000.0;0.0
3;57300;INTARIAN_PEPPER_ROOT;16052;22;16050;10;16048;11;16063;10;16066;22;16069;9;16057.5;0.0
3;57400;ASH_COATED_OSMIUM;10000;12;9999;14;;;10010;28;10013;13;;;10005.0;0.0
3;57400;INTARIAN_PEPPER_ROOT;16048;11;16046;12;16044;12;16065;9;16067;9;16068;18;16057.0;0.0
3;57500;ASH_COATED_OSMIUM;9997;12;9996;30;;;10013;10;10016;12;;;10005.0;0.0
3;57500;INTARIAN_PEPPER_ROOT;16057;12;16054;20;16053;23;16068;12;16071;20;16074;3;16062.5;0.0
3;57600;ASH_COATED_OSMIUM;9990;13;;;;;10008;13;;;;;9999.5;0.0
3;57600;INTARIAN_PEPPER_ROOT;16049;24;16048;9;16046;11;16060;9;16063;17;16066;12;16054.5;0.0
3;57700;ASH_COATED_OSMIUM;9994;22;9992;10;9991;11;10005;12;10008;11;10010;22;9999.5;0.0
3;57700;INTARIAN_PEPPER_ROOT;16051;11;16048;8;;;16062;9;16065;11;;;16056.5;0.0
3;57800;ASH_COATED_OSMIUM;9992;14;9991;12;9990;15;10008;10;10010;15;10012;14;10000.0;0.0
3;57800;INTARIAN_PEPPER_ROOT;16051;8;16049;11;16048;9;16065;19;16067;9;16070;10;16058.0;0.0
3;57900;ASH_COATED_OSMIUM;9995;13;9993;15;;;10016;27;10018;14;;;10005.5;0.0
3;57900;INTARIAN_PEPPER_ROOT;16053;10;;;;;16068;10;;;;;16061.0;0.0
3;58000;ASH_COATED_OSMIUM;9996;12;;;;;10014;28;;;;;10005.5;0.0
3;58000;INTARIAN_PEPPER_ROOT;16054;8;16053;24;;;16065;10;16066;12;;;16059.5;0.0
3;58100;ASH_COATED_OSMIUM;9996;20;;;;;10015;13;;;;;10005.5;0.0
3;58100;INTARIAN_PEPPER_ROOT;16051;8;16050;10;16047;15;16066;11;16067;8;16069;11;16059.0;0.0
3;58200;ASH_COATED_OSMIUM;9992;13;9990;14;;;10008;10;10010;14;;;10000.5;0.0
3;58200;INTARIAN_PEPPER_ROOT;16051;12;16048;9;16045;24;16067;20;16068;11;16070;8;16059.0;0.0
3;58300;ASH_COATED_OSMIUM;9998;27;;;;;10014;12;;;;;10006.0;0.0
3;58300;INTARIAN_PEPPER_ROOT;16048;9;16045;19;;;16061;22;16064;11;;;16055.0;0.0
3;58400;ASH_COATED_OSMIUM;9992;15;;;;;10008;12;;;;;10000.5;0.0
3;58400;INTARIAN_PEPPER_ROOT;16054;10;16052;9;16050;9;16066;10;16067;11;16068;10;16060.5;0.0
3;58500;ASH_COATED_OSMIUM;9997;12;9994;26;9993;15;10013;10;10014;15;10016;14;10005.5;0.0
3;58500;INTARIAN_PEPPER_ROOT;16052;10;;;;;16064;12;;;;;16058.5;0.0
3;58600;ASH_COATED_OSMIUM;9993;13;9992;13;9991;12;10009;15;10011;11;10013;14;10001.0;0.0
3;58600;INTARIAN_PEPPER_ROOT;16053;9;16052;12;;;16065;9;16067;8;;;16059.0;0.0
3;58700;ASH_COATED_OSMIUM;9998;11;9997;10;;;10014;12;10017;12;;;10006.0;0.0
3;58700;INTARIAN_PEPPER_ROOT;16054;8;16052;4;;;16066;10;16069;21;;;16060.0;0.0
3;58800;ASH_COATED_OSMIUM;9998;15;9995;13;;;10014;12;10015;14;;;10006.0;0.0
3;58800;INTARIAN_PEPPER_ROOT;16048;16;;;;;16060;12;;;;;16054.5;0.0
3;58900;ASH_COATED_OSMIUM;9993;11;9991;3;;;10009;14;10012;14;;;10001.0;0.0
3;58900;INTARIAN_PEPPER_ROOT;16044;11;16043;8;;;16058;23;16061;15;;;16051.5;0.0
3;59000;ASH_COATED_OSMIUM;9998;10;;;;;10014;14;;;;;10006.5;0.0
3;59000;INTARIAN_PEPPER_ROOT;16050;9;16049;11;16047;10;16066;12;16068;8;16069;12;16058.5;0.0
3;59100;ASH_COATED_OSMIUM;9993;15;9991;13;;;10009;10;10012;13;;;10001.5;0.0
3;59100;INTARIAN_PEPPER_ROOT;16053;25;16051;12;;;16065;11;16067;12;;;16059.5;0.0
3;59200;ASH_COATED_OSMIUM;9998;13;9996;27;9995;12;10014;12;10015;23;10017;15;10006.0;0.0
3;59200;INTARIAN_PEPPER_ROOT;16050;10;;;;;16064;9;;;;;16057.5;0.0
3;59300;ASH_COATED_OSMIUM;9999;25;9997;11;;;10015;10;10017;14;;;10007.5;0.0
3;59300;INTARIAN_PEPPER_ROOT;16057;9;16055;9;;;16071;8;16073;9;;;16064.0;0.0
3;59400;ASH_COATED_OSMIUM;9993;15;;;;;10012;12;;;;;10002.5;0.0
3;59400;INTARIAN_PEPPER_ROOT;16055;8;;;;;16066;11;;;;;16060.5;0.0
3;59500;ASH_COATED_OSMIUM;9992;12;9990;14;;;10011;14;10013;15;;;10002.0;0.0
3;59500;INTARIAN_PEPPER_ROOT;16055;11;16054;9;;;16067;12;16068;22;;;16061.0;0.0
3;59600;ASH_COATED_OSMIUM;10000;21;;;;;10016;10;;;;;10008.0;0.0
3;59600;INTARIAN_PEPPER_ROOT;16055;10;16052;8;;;16067;12;16070;11;;;16061.0;0.0
3;59700;ASH_COATED_OSMIUM;9999;14;9998;14;;;10015;10;10016;3;;;10007.5;0.0
3;59700;INTARIAN_PEPPER_ROOT;16053;10;;;;;16067;11;;;;;16060.5;0.0
3;59800;ASH_COATED_OSMIUM;9997;15;9994;13;;;10008;29;10009;13;;;10002.5;0.0
3;59800;INTARIAN_PEPPER_ROOT;16058;10;;;;;16061;12;;;;;16059.5;0.0
3;59900;ASH_COATED_OSMIUM;10000;10;9999;13;9998;14;10016;29;10017;11;10018;7;10008.0;0.0
3;59900;INTARIAN_PEPPER_ROOT;16055;16;16054;12;;;16067;9;16068;8;;;16061.0;0.0
3;60000;ASH_COATED_OSMIUM;9994;12;9993;15;9990;12;10012;20;10013;12;10016;14;10003.0;0.0
3;60000;INTARIAN_PEPPER_ROOT;16051;11;16050;16;;;16064;12;16065;10;;;16058.0;0.0
3;60100;ASH_COATED_OSMIUM;9993;15;9992;13;;;10012;12;10013;15;;;10002.5;0.0
3;60100;INTARIAN_PEPPER_ROOT;16054;8;16052;9;;;16068;18;16069;12;;;16061.0;0.0
3;60200;ASH_COATED_OSMIUM;9999;14;;;;;10015;14;;;;;10007.0;0.0
3;60200;INTARIAN_PEPPER_ROOT;16056;11;16053;9;;;16068;11;16070;10;;;16062.5;0.0
3;60300;ASH_COATED_OSMIUM;9994;15;9993;13;;;10010;26;10012;11;;;10002.0;0.0
3;60300;INTARIAN_PEPPER_ROOT;16052;11;16049;10;;;16065;12;16066;8;;;16058.5;0.0
3;60400;ASH_COATED_OSMIUM;9998;14;;;;;10014;29;;;;;10006.5;0.0
3;60400;INTARIAN_PEPPER_ROOT;16056;9;16055;8;16054;21;16067;8;16068;10;16069;5;16061.5;0.0
3;60500;ASH_COATED_OSMIUM;9998;11;9996;15;;;10014;14;10017;11;;;10006.5;0.0
3;60500;INTARIAN_PEPPER_ROOT;16052;10;;;;;16066;11;;;;;16059.5;0.0
3;60600;ASH_COATED_OSMIUM;9997;22;9995;27;;;10015;10;10018;15;;;10006.5;0.0
3;60600;INTARIAN_PEPPER_ROOT;16052;10;16050;8;;;16068;8;16069;11;;;16060.0;0.0
3;60700;ASH_COATED_OSMIUM;9999;15;9997;15;9996;10;10005;12;10007;10;10009;11;10002.0;0.0
3;60700;INTARIAN_PEPPER_ROOT;16053;11;16052;11;;;16064;8;16065;12;;;16059.0;0.0
3;60800;ASH_COATED_OSMIUM;9999;11;9996;10;9994;10;10015;14;10016;30;10017;10;10007.0;0.0
3;60800;INTARIAN_PEPPER_ROOT;16052;9;;;;;16067;20;;;;;16060.0;0.0
3;60900;ASH_COATED_OSMIUM;9997;25;9995;21;9993;12;10015;30;10018;15;10020;13;10006.5;0.0
3;60900;INTARIAN_PEPPER_ROOT;16047;10;;;;;16061;8;;;;;16054.0;0.0
3;61000;ASH_COATED_OSMIUM;9998;12;9997;15;;;10014;30;10016;10;;;10006.5;0.0
3;61000;INTARIAN_PEPPER_ROOT;16052;22;16051;8;16048;10;16064;11;16065;10;16068;9;16058.0;0.0
3;61100;ASH_COATED_OSMIUM;9993;26;9991;9;9989;11;10009;27;10011;13;10014;14;10001.5;0.0
3;61100;INTARIAN_PEPPER_ROOT;16055;9;16052;11;16049;10;16066;15;16068;8;16069;11;16060.5;0.0
3;61200;ASH_COATED_OSMIUM;9999;13;9998;10;9995;12;10015;25;10016;15;10018;15;10007.0;0.0
3;61200;INTARIAN_PEPPER_ROOT;16055;11;16052;8;16050;8;16066;11;16069;9;16072;11;16060.5;0.0
3;61300;ASH_COATED_OSMIUM;9994;3;9993;12;9991;12;10010;10;10012;13;10015;15;10002.0;0.0
3;61300;INTARIAN_PEPPER_ROOT;16054;9;16052;10;16049;12;16070;8;16073;8;16074;16;16062.5;0.0
3;61400;ASH_COATED_OSMIUM;9999;25;9996;15;9995;13;10015;30;10018;10;10020;10;10007.0;0.0
3;61400;INTARIAN_PEPPER_ROOT;16059;12;16058;9;16055;12;16061;10;16063;12;16064;9;16060.0;0.0
3;61500;ASH_COATED_OSMIUM;9998;13;9997;14;9995;14;10014;13;10017;15;10018;13;10006.5;0.0
3;61500;INTARIAN_PEPPER_ROOT;16054;12;;;;;16068;8;;;;;16061.5;0.0
3;61600;ASH_COATED_OSMIUM;9992;10;9991;11;;;10008;12;10011;11;;;10000.5;0.0
3;61600;INTARIAN_PEPPER_ROOT;16058;10;16055;10;16053;11;16069;9;16072;19;16075;8;16063.5;0.0
3;61700;ASH_COATED_OSMIUM;9996;10;9995;22;9994;27;10015;11;10016;10;10018;10;10006.0;0.0
3;61700;INTARIAN_PEPPER_ROOT;16056;10;16055;9;;;16071;10;16073;8;;;16064.0;0.0
3;61800;ASH_COATED_OSMIUM;9993;10;9990;12;9987;25;10009;24;10012;11;10013;26;10001.0;0.0
3;61800;INTARIAN_PEPPER_ROOT;16053;9;16051;22;16048;25;16071;9;16073;10;16075;19;16062.0;0.0
3;61900;ASH_COATED_OSMIUM;9997;10;9995;21;;;10015;10;10017;13;;;10006.5;0.0
3;61900;INTARIAN_PEPPER_ROOT;16055;12;;;;;16067;25;;;;;16061.5;0.0
3;62000;ASH_COATED_OSMIUM;9991;12;;;;;10010;10;;;;;10001.0;0.0
3;62000;INTARIAN_PEPPER_ROOT;16058;24;;;;;16070;11;;;;;16064.5;0.0
3;62100;ASH_COATED_OSMIUM;9992;14;9990;12;;;10008;10;10010;30;;;10000.5;0.0
3;62100;INTARIAN_PEPPER_ROOT;16055;11;16052;10;;;16068;12;16071;12;;;16062.0;0.0
3;62200;ASH_COATED_OSMIUM;9991;11;;;;;10010;13;;;;;10000.5;0.0
3;62200;INTARIAN_PEPPER_ROOT;16054;10;;;;;16068;11;;;;;16061.0;0.0
3;62300;ASH_COATED_OSMIUM;9998;12;9995;13;9993;4;10014;14;10017;15;10020;14;10006.5;0.0
3;62300;INTARIAN_PEPPER_ROOT;16062;8;;;;;16065;12;;;;;16063.5;0.0
3;62400;ASH_COATED_OSMIUM;9998;12;;;;;10014;13;;;;;10006.5;0.0
3;62400;INTARIAN_PEPPER_ROOT;16058;11;16057;10;;;16069;6;16071;12;;;16063.5;0.0
3;62500;ASH_COATED_OSMIUM;9999;14;;;;;10015;12;;;;;10007.0;0.0
3;62500;INTARIAN_PEPPER_ROOT;16055;9;;;;;16070;11;;;;;16063.0;0.0
3;62600;ASH_COATED_OSMIUM;9994;14;9991;15;;;10010;15;10011;15;;;10002.0;0.0
3;62600;INTARIAN_PEPPER_ROOT;16055;11;;;;;16067;11;;;;;16061.5;0.0
3;62700;ASH_COATED_OSMIUM;9997;10;9995;14;;;10007;25;10009;28;;;10002.0;0.0
3;62700;INTARIAN_PEPPER_ROOT;16055;17;;;;;16066;9;;;;;16061.0;0.0
3;62800;ASH_COATED_OSMIUM;9993;14;;;;;10011;21;;;;;10002.5;0.0
3;62800;INTARIAN_PEPPER_ROOT;16055;11;16053;12;16050;8;16069;10;16072;11;16075;9;16062.0;0.0
3;62900;ASH_COATED_OSMIUM;9998;13;9996;24;9995;22;10017;26;10018;13;10021;15;10008.0;0.0
3;62900;INTARIAN_PEPPER_ROOT;16058;9;16055;10;;;16070;10;16072;12;;;16064.0;0.0
3;63000;ASH_COATED_OSMIUM;9994;12;;;;;10010;10;;;;;10002.5;0.0
3;63000;INTARIAN_PEPPER_ROOT;16058;23;16055;9;;;16069;10;16071;4;;;16064.0;0.0
3;63100;ASH_COATED_OSMIUM;10000;22;9999;11;9997;11;10016;12;10018;12;10021;15;10008.0;0.0
3;63100;INTARIAN_PEPPER_ROOT;16054;11;16052;9;;;16071;12;16073;10;;;16062.5;0.0
3;63200;ASH_COATED_OSMIUM;9994;20;9991;13;;;10010;13;10013;20;;;10002.5;0.0
3;63200;INTARIAN_PEPPER_ROOT;16054;9;16052;24;;;16072;11;16075;9;;;16063.0;0.0
3;63300;ASH_COATED_OSMIUM;9998;11;9995;15;9993;15;10017;13;10018;22;10021;15;10007.5;0.0
3;63300;INTARIAN_PEPPER_ROOT;16055;22;16053;9;;;16072;15;16074;11;;;16064.0;0.0
3;63400;ASH_COATED_OSMIUM;9999;13;9997;13;;;10015;4;10017;28;;;10007.5;0.0
3;63400;INTARIAN_PEPPER_ROOT;16059;11;16057;12;;;16061;17;16062;9;;;16060.5;0.0
3;63500;ASH_COATED_OSMIUM;9993;11;9991;9;;;10009;10;10011;5;;;10001.5;0.0
3;63500;INTARIAN_PEPPER_ROOT;16058;9;16056;10;16053;8;16075;11;16076;9;16078;10;16066.5;0.0
3;63600;ASH_COATED_OSMIUM;9998;25;;;;;10014;10;;;;;10006.5;0.0
3;63600;INTARIAN_PEPPER_ROOT;16057;12;16054;11;16052;15;16073;23;16076;20;16079;10;16065.5;0.0
3;63700;ASH_COATED_OSMIUM;9993;13;9991;15;;;10009;14;10010;14;;;10001.0;0.0
3;63700;INTARIAN_PEPPER_ROOT;16060;9;16059;17;;;16071;9;16073;10;;;16066.0;0.0
3;63800;ASH_COATED_OSMIUM;9993;12;9992;11;9991;15;10009;12;10011;12;10012;10;10001.5;0.0
3;63800;INTARIAN_PEPPER_ROOT;16054;10;;;;;16071;11;;;;;16062.5;0.0
3;63900;ASH_COATED_OSMIUM;9993;13;9990;28;;;10009;10;10011;14;;;10001.5;0.0
3;63900;INTARIAN_PEPPER_ROOT;16060;10;;;;;16076;11;;;;;16068.5;0.0
3;64000;ASH_COATED_OSMIUM;9998;23;9996;13;;;10014;11;10016;13;;;10006.5;0.0
3;64000;INTARIAN_PEPPER_ROOT;16055;8;16053;12;;;16071;12;16072;8;;;16063.5;0.0
3;64100;ASH_COATED_OSMIUM;9993;22;9991;25;9989;14;10009;28;10010;14;10012;11;10001.5;0.0
3;64100;INTARIAN_PEPPER_ROOT;16057;8;16055;9;;;16071;11;16072;10;;;16064.5;0.0
3;64200;ASH_COATED_OSMIUM;9999;15;9997;22;;;10015;12;10017;12;;;10007.0;0.0
3;64200;INTARIAN_PEPPER_ROOT;16056;10;;;;;16068;10;;;;;16062.5;0.0
3;64300;ASH_COATED_OSMIUM;9993;10;9991;10;;;10009;15;10012;13;;;10001.5;0.0
3;64300;INTARIAN_PEPPER_ROOT;16056;9;16055;9;;;16068;10;16071;11;;;16062.5;0.0
3;64400;ASH_COATED_OSMIUM;9993;14;9990;15;;;10009;12;10012;13;;;10001.5;0.0
3;64400;INTARIAN_PEPPER_ROOT;16055;9;16052;12;;;16072;12;16074;11;;;16063.5;0.0
3;64500;ASH_COATED_OSMIUM;9993;11;;;;;10009;11;;;;;10001.5;0.0
3;64500;INTARIAN_PEPPER_ROOT;16060;19;16059;10;;;16071;16;16072;25;;;16065.5;0.0
3;64600;ASH_COATED_OSMIUM;9994;12;9993;13;;;10009;14;10011;15;;;10001.5;0.0
3;64600;INTARIAN_PEPPER_ROOT;16055;9;16054;8;;;16068;10;16070;18;;;16061.5;0.0
3;64700;ASH_COATED_OSMIUM;10002;13;10001;10;9998;13;10011;14;10012;11;10013;20;10007.0;0.0
