day;timestamp;product;bid_price_1;bid_volume_1;bid_price_2;bid_volume_2;bid_price_3;bid_volume_3;ask_price_1;ask_volume_1;ask_price_2;ask_volume_2;ask_price_3;ask_volume_3;mid_price;profit_and_loss
35;0;ASH_COATED_OSMIUM;9995;10;9992;2;9990;14;10013;10;10014;14;10015;13;10004.5;0.0
35;0;INTARIAN_PEPPER_ROOT;47991;8;47990;8;47989;8;48008;9;48010;11;48011;23;47999.5;0.0
35;100;ASH_COATED_OSMIUM;9993;14;9991;11;;;10009;10;10012;22;;;10001.0;0.0
35;100;INTARIAN_PEPPER_ROOT;47994;8;47992;10;47990;9;48008;12;48010;12;48013;10;48001.5;0.0
35;200;ASH_COATED_OSMIUM;9992;14;9991;12;;;10013;11;10015;12;;;10002.5;0.0
35;200;INTARIAN_PEPPER_ROOT;47993;10;;;;;48008;12;;;;;48001.0;0.0
35;300;ASH_COATED_OSMIUM;9998;25;9995;22;;;10014;10;10017;22;;;10006.0;0.0
35;300;INTARIAN_PEPPER_ROOT;47995;11;47994;9;47992;10;48011;11;48014;12;48016;8;48003.0;0.0
35;400;ASH_COATED_OSMIUM;9992;28;9991;15;;;10008;13;10011;10;;;10000.0;0.0
35;400;INTARIAN_PEPPER_ROOT;47991;11;47989;9;47988;11;48003;10;48005;23;48006;11;47997.0;0.0
35;500;ASH_COATED_OSMIUM;9994;12;9991;29;;;10010;10;10012;26;;;10002.5;0.0
35;500;INTARIAN_PEPPER_ROOT;47996;12;47995;8;47992;9;48010;12;48011;24;48014;12;48003.5;0.0
35;600;ASH_COATED_OSMIUM;9992;27;9991;10;9990;11;10008;10;10011;14;10012;20;10000.0;0.0
35;600;INTARIAN_PEPPER_ROOT;47994;12;;;;;48009;11;;;;;48001.5;0.0
35;700;ASH_COATED_OSMIUM;9992;12;;;;;10008;14;;;;;10000.5;0.0
35;700;INTARIAN_PEPPER_ROOT;47995;11;47992;11;47991;9;48008;9;48011;10;48014;9;48001.5;0.0
35;800;ASH_COATED_OSMIUM;9997;13;;;;;10015;13;;;;;10006.5;0.0
35;800;INTARIAN_PEPPER_ROOT;47993;9;47991;11;;;48004;11;48006;8;;;47999.0;0.0
35;900;ASH_COATED_OSMIUM;10006;15;10003;15;;;10017;14;10019;11;;;10011.5;0.0
35;900;INTARIAN_PEPPER_ROOT;47991;10;47990;10;47989;18;48005;12;48007;9;48010;17;47998.5;0.0
35;1000;ASH_COATED_OSMIUM;10000;4;9999;14;;;10016;14;10017;24;;;10008.5;0.0
35;1000;INTARIAN_PEPPER_ROOT;47996;10;47993;15;47990;10;48008;19;48009;8;48010;8;48002.5;0.0
35;1100;ASH_COATED_OSMIUM;10000;15;9997;15;9994;13;10019;13;10020;13;10023;11;10009.5;0.0
35;1100;INTARIAN_PEPPER_ROOT;47994;20;47993;10;47990;10;48008;9;48010;7;48012;9;48001.0;0.0
35;1200;ASH_COATED_OSMIUM;9999;13;9998;14;;;10015;10;10017;14;;;10007.0;0.0
35;1200;INTARIAN_PEPPER_ROOT;47994;12;;;;;48010;11;;;;;48002.0;0.0
35;1300;ASH_COATED_OSMIUM;10000;24;;;;;10017;11;;;;;10009.0;0.0
35;1300;INTARIAN_PEPPER_ROOT;47993;11;47992;9;47991;11;48004;8;48007;9;48010;11;47998.5;0.0
35;1400;ASH_COATED_OSMIUM;10001;15;10000;28;;;10017;13;10018;12;;;10009.0;0.0
35;1400;INTARIAN_PEPPER_ROOT;48000;18;47998;9;;;48014;12;48015;11;;;48007.0;0.0
35;1500;ASH_COATED_OSMIUM;9993;14;;;;;10012;10;;;;;10002.5;0.0
35;1500;INTARIAN_PEPPER_ROOT;47998;11;47996;12;;;48011;8;48014;10;;;48005.0;0.0
35;1600;ASH_COATED_OSMIUM;9998;12;9995;24;;;10014;12;10017;13;;;10006.0;0.0
35;1600;INTARIAN_PEPPER_ROOT;47994;8;;;;;48008;24;;;;;48001.0;0.0
35;1700;ASH_COATED_OSMIUM;9997;11;9996;13;;;10013;10;10016;11;;;10005.0;0.0
35;1700;INTARIAN_PEPPER_ROOT;47992;11;;;;;48009;12;;;;;48000.5;0.0
35;1800;ASH_COATED_OSMIUM;9987;25;;;;;10003;11;;;;;9995.5;0.0
35;1800;INTARIAN_PEPPER_ROOT;47993;12;;;;;48005;11;;;;;47999.5;0.0
35;1900;ASH_COATED_OSMIUM;9979;10;9978;29;;;9998;26;9999;11;;;9989.0;0.0
35;1900;INTARIAN_PEPPER_ROOT;47996;10;;;;;48007;12;;;;;48001.5;0.0
35;2000;ASH_COATED_OSMIUM;9987;24;9985;29;;;10003;11;10006;12;;;9995.0;0.0
35;2000;INTARIAN_PEPPER_ROOT;47997;9;;;;;48009;8;;;;;48003.0;0.0
35;2100;ASH_COATED_OSMIUM;9997;13;;;;;10003;14;;;;;10000.0;0.0
35;2100;INTARIAN_PEPPER_ROOT;47995;9;47994;10;;;48006;12;48009;10;;;48001.0;0.0
35;2200;ASH_COATED_OSMIUM;9990;14;;;;;10006;10;;;;;9998.0;0.0
35;2200;INTARIAN_PEPPER_ROOT;47997;8;47994;11;;;48010;9;48011;10;;;48004.0;0.0
35;2300;ASH_COATED_OSMIUM;9988;12;9987;26;;;10004;11;10005;30;;;9996.0;0.0
35;2300;INTARIAN_PEPPER_ROOT;47995;9;47994;11;;;48010;10;48011;9;;;48003.0;0.0
35;2400;ASH_COATED_OSMIUM;9990;15;9987;15;;;10006;10;10007;10;;;9998.5;0.0
35;2400;INTARIAN_PEPPER_ROOT;47995;23;47994;9;47992;6;48009;11;48010;9;48011;25;48002.5;0.0
35;2500;ASH_COATED_OSMIUM;9987;15;9984;24;9983;15;10005;15;10006;13;10008;11;9996.5;0.0
35;2500;INTARIAN_PEPPER_ROOT;47996;11;47993;19;;;48009;9;48011;8;;;48003.0;0.0
35;2600;ASH_COATED_OSMIUM;9987;20;9986;5;;;10003;8;10005;13;;;9995.0;0.0
35;2600;INTARIAN_PEPPER_ROOT;48006;18;;;;;48008;10;;;;;48007.0;0.0
35;2700;ASH_COATED_OSMIUM;9992;11;9989;15;9988;12;10008;13;10009;12;10010;14;10000.0;0.0
35;2700;INTARIAN_PEPPER_ROOT;47993;9;47992;12;;;48010;11;48011;18;;;48001.5;0.0
35;2800;ASH_COATED_OSMIUM;9997;14;9995;10;;;10013;15;10014;12;;;10005.5;0.0
35;2800;INTARIAN_PEPPER_ROOT;47991;9;;;;;48006;11;;;;;47999.0;0.0
35;2900;ASH_COATED_OSMIUM;9996;11;9994;13;9991;15;10012;14;10014;14;10017;13;10004.5;0.0
35;2900;INTARIAN_PEPPER_ROOT;47994;12;47991;20;;;48006;10;48007;10;;;48000.0;0.0
35;3000;ASH_COATED_OSMIUM;9994;12;;;;;10010;14;;;;;10002.5;0.0
35;3000;INTARIAN_PEPPER_ROOT;48000;8;47999;10;;;48012;10;48015;11;;;48006.5;0.0
35;3100;ASH_COATED_OSMIUM;9995;10;9992;15;;;10011;13;10013;10;;;10003.5;0.0
35;3100;INTARIAN_PEPPER_ROOT;47994;12;47993;15;;;48006;9;48008;11;;;48000.5;0.0
35;3200;ASH_COATED_OSMIUM;9991;11;9990;13;;;10009;10;10012;14;;;10000.0;0.0
35;3200;INTARIAN_PEPPER_ROOT;47999;8;47997;10;;;48011;12;48013;17;;;48005.0;0.0
35;3300;ASH_COATED_OSMIUM;9991;14;9989;28;9986;12;10007;14;10009;10;10012;12;9999.0;0.0
35;3300;INTARIAN_PEPPER_ROOT;47990;8;47987;11;;;48006;12;48007;8;;;47998.0;0.0
35;3400;ASH_COATED_OSMIUM;9990;12;9988;10;;;10006;14;10007;8;;;9998.5;0.0
35;3400;INTARIAN_PEPPER_ROOT;47997;8;;;;;48011;12;;;;;48004.5;0.0
35;3500;ASH_COATED_OSMIUM;9988;10;;;;;10004;12;;;;;9996.5;0.0
35;3500;INTARIAN_PEPPER_ROOT;47996;9;47994;7;;;48008;9;48011;15;;;48002.5;0.0
35;3600;ASH_COATED_OSMIUM;9986;12;9985;11;9982;14;10002;15;10005;12;10007;10;9994.0;0.0
35;3600;INTARIAN_PEPPER_ROOT;47996;10;47993;10;;;48010;19;48011;12;;;48003.5;0.0
35;3700;ASH_COATED_OSMIUM;9982;15;9979;11;;;10003;10;10004;13;;;9992.5;0.0
35;3700;INTARIAN_PEPPER_ROOT;47997;8;47994;11;;;48010;11;48012;10;;;48003.5;0.0
35;3800;ASH_COATED_OSMIUM;9986;14;;;;;10004;10;;;;;9995.5;0.0
35;3800;INTARIAN_PEPPER_ROOT;47996;20;47993;8;;;48009;11;48011;10;;;48002.5;0.0
35;3900;ASH_COATED_OSMIUM;9985;10;9984;6;9982;13;10001;11;10004;30;10006;20;9993.0;0.0
35;3900;INTARIAN_PEPPER_ROOT;47997;8;;;;;48008;9;;;;;48003.0;0.0
35;4000;ASH_COATED_OSMIUM;9992;15;9991;14;9989;10;10008;12;10011;10;10012;14;10000.0;0.0
35;4000;INTARIAN_PEPPER_ROOT;47996;11;47994;10;47991;8;48012;10;48013;17;48016;10;48004.5;0.0
35;4100;ASH_COATED_OSMIUM;9993;13;9990;10;9989;14;10009;23;10010;24;10013;11;10001.0;0.0
35;4100;INTARIAN_PEPPER_ROOT;47997;11;47995;9;47992;8;48010;12;48012;8;48013;12;48003.5;0.0
35;4200;ASH_COATED_OSMIUM;9993;25;;;;;10009;29;;;;;10001.5;0.0
35;4200;INTARIAN_PEPPER_ROOT;47996;8;47994;10;;;48012;12;48013;9;;;48004.5;0.0
35;4300;ASH_COATED_OSMIUM;9991;4;9990;11;;;10007;15;10008;11;;;9999.5;0.0
35;4300;INTARIAN_PEPPER_ROOT;47996;9;;;;;48012;8;;;;;48004.5;0.0
35;4400;ASH_COATED_OSMIUM;9995;23;;;;;10014;13;;;;;10005.0;0.0
35;4400;INTARIAN_PEPPER_ROOT;47998;9;47995;8;47992;11;48012;11;48013;9;48016;18;48005.5;0.0
35;4500;ASH_COATED_OSMIUM;9995;14;9992;3;9991;13;10013;11;10014;14;10016;12;10004.0;0.0
35;4500;INTARIAN_PEPPER_ROOT;48001;16;48000;15;47999;8;48010;8;48013;10;48015;12;48006.0;0.0
35;4600;ASH_COATED_OSMIUM;10000;15;9999;14;;;10007;26;10010;15;;;10003.5;0.0
35;4600;INTARIAN_PEPPER_ROOT;47997;8;47994;12;47993;15;48012;7;48014;12;48016;9;48005.0;0.0
35;4700;ASH_COATED_OSMIUM;9999;13;9997;11;;;10015;13;10017;15;;;10007.5;0.0
35;4700;INTARIAN_PEPPER_ROOT;47998;12;47996;8;47995;11;48009;8;48011;9;48012;9;48003.5;0.0
35;4800;ASH_COATED_OSMIUM;9999;27;9997;13;;;10015;11;10016;24;;;10007.5;0.0
35;4800;INTARIAN_PEPPER_ROOT;47999;12;;;;;48014;21;;;;;48006.5;0.0
35;4900;ASH_COATED_OSMIUM;9996;12;9995;13;;;10017;12;10020;10;;;10006.5;0.0
35;4900;INTARIAN_PEPPER_ROOT;47998;12;47997;8;;;48014;22;48016;9;;;48006.5;0.0
35;5000;ASH_COATED_OSMIUM;9996;21;;;;;10012;11;;;;;10004.0;0.0
35;5000;INTARIAN_PEPPER_ROOT;47999;9;;;;;48015;18;;;;;48007.0;0.0
35;5100;ASH_COATED_OSMIUM;9997;12;9994;15;9992;11;10013;15;10015;15;10016;25;10005.0;0.0
35;5100;INTARIAN_PEPPER_ROOT;48000;10;;;;;48013;12;;;;;48007.0;0.0
35;5200;ASH_COATED_OSMIUM;9999;10;9997;26;;;10015;11;10016;11;;;10007.0;0.0
35;5200;INTARIAN_PEPPER_ROOT;47995;17;47993;10;;;48007;15;48008;11;;;48001.5;0.0
35;5300;ASH_COATED_OSMIUM;9999;15;;;;;10015;12;;;;;10007.0;0.0
35;5300;INTARIAN_PEPPER_ROOT;48000;12;47999;9;47998;10;48015;11;48018;9;48021;16;48008.0;0.0
35;5400;ASH_COATED_OSMIUM;9998;10;;;;;10014;14;;;;;10006.5;0.0
35;5400;INTARIAN_PEPPER_ROOT;48003;8;48000;17;47998;12;48014;8;48015;9;48018;9;48008.5;0.0
35;5500;ASH_COATED_OSMIUM;10005;12;10002;15;10001;10;10012;10;10013;14;10015;11;10008.5;0.0
35;5500;INTARIAN_PEPPER_ROOT;48000;9;47997;11;47994;10;48012;12;48014;9;48015;8;48006.5;0.0
35;5600;ASH_COATED_OSMIUM;9999;14;;;;;10011;12;;;;;10005.5;0.0
35;5600;INTARIAN_PEPPER_ROOT;48000;12;47998;12;;;48013;17;48016;9;;;48006.5;0.0
35;5700;ASH_COATED_OSMIUM;10005;11;10002;15;10000;23;10021;11;10023;11;10025;14;10013.0;0.0
35;5700;INTARIAN_PEPPER_ROOT;47999;22;47998;9;;;48010;25;48011;21;;;48005.0;0.0
35;5800;ASH_COATED_OSMIUM;10003;12;;;;;10019;14;;;;;10011.5;0.0
35;5800;INTARIAN_PEPPER_ROOT;47996;9;47993;8;;;48010;25;48012;15;;;48003.0;0.0
35;5900;ASH_COATED_OSMIUM;10002;10;10001;5;;;10018;12;10021;12;;;10010.5;0.0
35;5900;INTARIAN_PEPPER_ROOT;48000;12;47999;10;47997;22;48012;12;48015;8;48018;9;48006.0;0.0
35;6000;ASH_COATED_OSMIUM;10002;13;10000;10;;;10021;11;10023;11;;;10011.5;0.0
35;6000;INTARIAN_PEPPER_ROOT;47994;8;47992;12;47991;8;48011;12;48012;11;48015;10;48003.0;0.0
35;6100;ASH_COATED_OSMIUM;9996;14;9994;15;9992;10;10012;12;10013;11;10014;13;10004.5;0.0
35;6100;INTARIAN_PEPPER_ROOT;47998;11;;;;;48013;8;;;;;48005.5;0.0
35;6200;ASH_COATED_OSMIUM;9995;13;9994;14;;;10011;14;10012;13;;;10003.0;0.0
35;6200;INTARIAN_PEPPER_ROOT;48005;12;;;;;48008;12;;;;;48007.0;0.0
35;6300;ASH_COATED_OSMIUM;9996;12;9994;10;;;10012;24;10014;10;;;10004.0;0.0
35;6300;INTARIAN_PEPPER_ROOT;48002;15;48000;8;47998;10;48020;12;48023;18;48025;9;48011.0;0.0
35;6400;ASH_COATED_OSMIUM;9996;20;9995;10;;;10014;11;10017;11;;;10005.0;0.0
35;6400;INTARIAN_PEPPER_ROOT;47999;11;47998;15;;;48013;22;48014;10;;;48006.5;0.0
35;6500;ASH_COATED_OSMIUM;10002;12;10000;12;;;10018;2;10019;15;;;10010.0;0.0
35;6500;INTARIAN_PEPPER_ROOT;48000;11;47999;11;;;48011;10;48014;11;;;48006.0;0.0
35;6600;ASH_COATED_OSMIUM;9996;12;9994;29;;;10012;14;10015;11;;;10004.0;0.0
35;6600;INTARIAN_PEPPER_ROOT;47999;11;47997;8;;;48012;11;48014;8;;;48005.5;0.0
35;6700;ASH_COATED_OSMIUM;9998;26;9997;23;;;10014;15;10016;10;;;10006.5;0.0
35;6700;INTARIAN_PEPPER_ROOT;47998;25;47995;12;;;48015;12;48017;11;;;48006.5;0.0
35;6800;ASH_COATED_OSMIUM;9995;13;9994;11;;;10014;13;10015;13;;;10005.0;0.0
35;6800;INTARIAN_PEPPER_ROOT;47998;11;;;;;48015;11;;;;;48007.0;0.0
35;6900;ASH_COATED_OSMIUM;10001;14;9999;12;;;10017;11;10018;30;;;10009.0;0.0
35;6900;INTARIAN_PEPPER_ROOT;48002;11;;;;;48019;8;;;;;48011.0;0.0
35;7000;ASH_COATED_OSMIUM;10001;5;;;;;10019;15;;;;;10010.5;0.0
35;7000;INTARIAN_PEPPER_ROOT;48000;21;47998;8;;;48013;9;48015;8;;;48007.0;0.0
35;7100;ASH_COATED_OSMIUM;9996;13;9993;22;;;10012;15;10015;14;;;10004.5;0.0
35;7100;INTARIAN_PEPPER_ROOT;48002;11;47999;12;;;48014;10;48016;9;;;48008.5;0.0
35;7200;ASH_COATED_OSMIUM;9994;22;9992;10;;;10015;10;10018;22;;;10004.5;0.0
35;7200;INTARIAN_PEPPER_ROOT;48001;11;47998;9;47995;9;48014;10;48016;9;48018;12;48008.0;0.0
35;7300;ASH_COATED_OSMIUM;10003;28;;;;;10011;12;;;;;10007.0;0.0
35;7300;INTARIAN_PEPPER_ROOT;48004;10;48001;12;47999;22;48016;11;48019;16;48020;10;48010.5;0.0
35;7400;ASH_COATED_OSMIUM;9995;13;9993;12;;;10001;28;10004;11;;;9998.0;0.0
35;7400;INTARIAN_PEPPER_ROOT;48003;12;;;;;48014;9;;;;;48008.5;0.0
35;7500;ASH_COATED_OSMIUM;9992;27;;;;;10005;11;;;;;9999.0;0.0
35;7500;INTARIAN_PEPPER_ROOT;48004;9;48003;19;;;48016;8;48019;11;;;48010.5;0.0
35;7600;ASH_COATED_OSMIUM;9997;10;;;;;10013;11;;;;;10005.0;0.0
35;7600;INTARIAN_PEPPER_ROOT;48005;8;48003;11;;;48017;9;48020;12;;;48011.0;0.0
35;7700;ASH_COATED_OSMIUM;10004;11;10001;11;;;10020;23;10023;10;;;10012.0;0.0
35;7700;INTARIAN_PEPPER_ROOT;47997;9;47995;10;;;48013;18;48014;9;;;48005.0;0.0
35;7800;ASH_COATED_OSMIUM;10004;14;10002;12;;;10020;22;10023;11;;;10012.0;0.0
35;7800;INTARIAN_PEPPER_ROOT;48000;8;;;;;48016;11;;;;;48008.5;0.0
35;7900;ASH_COATED_OSMIUM;10000;10;;;;;10016;13;;;;;10008.5;0.0
35;7900;INTARIAN_PEPPER_ROOT;47999;10;;;;;48010;12;;;;;48004.5;0.0
35;8000;ASH_COATED_OSMIUM;9992;11;9991;15;;;10010;12;10012;8;;;10001.5;0.0
35;8000;INTARIAN_PEPPER_ROOT;48002;9;;;;;48014;11;;;;;48008.5;0.0
35;8100;ASH_COATED_OSMIUM;9990;4;9989;28;9986;11;10006;15;10008;14;10009;2;9998.0;0.0
35;8100;INTARIAN_PEPPER_ROOT;48003;10;48001;9;;;48016;23;48018;10;;;48009.5;0.0
35;8200;ASH_COATED_OSMIUM;9986;12;;;;;10002;12;;;;;9994.5;0.0
35;8200;INTARIAN_PEPPER_ROOT;48002;18;48000;10;47998;11;48015;9;48017;9;48018;23;48008.5;0.0
35;8300;ASH_COATED_OSMIUM;9983;12;9981;24;9979;27;10002;12;10003;26;10005;28;9992.5;0.0
35;8300;INTARIAN_PEPPER_ROOT;48004;20;;;;;48017;9;;;;;48010.5;0.0
35;8400;ASH_COATED_OSMIUM;9987;13;9986;5;;;10003;11;10005;10;;;9995.0;0.0
35;8400;INTARIAN_PEPPER_ROOT;48003;11;;;;;48020;10;;;;;48011.5;0.0
35;8500;ASH_COATED_OSMIUM;9981;11;9980;14;;;9999;10;10001;10;;;9990.0;0.0
35;8500;INTARIAN_PEPPER_ROOT;48000;12;;;;;48013;11;;;;;48006.5;0.0
35;8600;ASH_COATED_OSMIUM;9982;28;9979;13;9978;14;9994;15;9997;15;9999;25;9988.0;0.0
35;8600;INTARIAN_PEPPER_ROOT;47999;9;;;;;48012;9;;;;;48006.0;0.0
35;8700;ASH_COATED_OSMIUM;9983;15;;;;;9999;10;;;;;9991.0;0.0
35;8700;INTARIAN_PEPPER_ROOT;48009;12;48007;10;;;48012;10;48014;11;;;48010.5;0.0
35;8800;ASH_COATED_OSMIUM;9981;15;9978;29;9975;10;9999;14;10000;22;10002;14;9990.5;0.0
35;8800;INTARIAN_PEPPER_ROOT;48003;9;;;;;48016;6;;;;;48010.0;0.0
35;8900;ASH_COATED_OSMIUM;9985;12;9982;30;9981;15;10006;11;10007;13;10009;14;9996.0;0.0
35;8900;INTARIAN_PEPPER_ROOT;48004;9;48002;10;;;48017;9;48020;17;;;48011.0;0.0
35;9000;ASH_COATED_OSMIUM;9994;11;9992;13;;;10010;13;10013;10;;;10002.5;0.0
35;9000;INTARIAN_PEPPER_ROOT;48003;10;48002;21;;;48016;8;48019;10;;;48010.0;0.0
35;9100;ASH_COATED_OSMIUM;9992;4;9989;24;9988;15;10010;29;10012;14;10014;11;10001.5;0.0
35;9100;INTARIAN_PEPPER_ROOT;48006;10;48005;8;;;48018;15;48020;12;;;48012.0;0.0
35;9200;ASH_COATED_OSMIUM;9987;14;;;;;10003;12;;;;;9995.0;0.0
35;9200;INTARIAN_PEPPER_ROOT;48003;11;48000;11;47997;11;48016;11;48017;9;48020;12;48010.0;0.0
35;9300;ASH_COATED_OSMIUM;9987;11;9986;12;;;10006;14;10007;10;;;9997.0;0.0
35;9300;INTARIAN_PEPPER_ROOT;48004;12;;;;;48018;10;;;;;48011.0;0.0
35;9400;ASH_COATED_OSMIUM;9992;15;;;;;10008;12;;;;;10000.5;0.0
35;9400;INTARIAN_PEPPER_ROOT;48002;8;48000;15;47999;10;48015;15;48018;11;48020;12;48009.0;0.0
35;9500;ASH_COATED_OSMIUM;9992;12;9991;20;9990;10;10008;15;10010;4;10013;13;10000.0;0.0
35;9500;INTARIAN_PEPPER_ROOT;48001;8;;;;;48012;12;;;;;48007.0;0.0
35;9600;ASH_COATED_OSMIUM;9991;14;9988;26;;;10009;14;10011;10;;;10000.5;0.0
35;9600;INTARIAN_PEPPER_ROOT;48001;10;47999;8;;;48020;9;48021;8;;;48010.5;0.0
35;9700;ASH_COATED_OSMIUM;9996;27;9994;29;9992;14;10012;15;10013;13;10014;12;10004.5;0.0
35;9700;INTARIAN_PEPPER_ROOT;48001;24;48000;10;47999;11;48017;10;48019;10;48021;12;48009.0;0.0
35;9800;ASH_COATED_OSMIUM;9997;11;;;;;10013;10;;;;;10005.5;0.0
35;9800;INTARIAN_PEPPER_ROOT;48003;9;;;;;48017;9;;;;;48010.5;0.0
35;9900;ASH_COATED_OSMIUM;9994;10;9993;13;9990;10;10013;23;10015;30;10017;13;10003.5;0.0
35;9900;INTARIAN_PEPPER_ROOT;48002;9;47999;9;;;48013;10;48014;8;;;48007.5;0.0
35;10000;ASH_COATED_OSMIUM;9993;14;9992;14;;;10009;10;10012;3;;;10001.0;0.0
35;10000;INTARIAN_PEPPER_ROOT;48008;12;;;;;48020;15;;;;;48014.5;0.0
35;10100;ASH_COATED_OSMIUM;9994;13;9993;14;;;10010;12;10013;27;;;10002.0;0.0
35;10100;INTARIAN_PEPPER_ROOT;48008;12;;;;;48019;11;;;;;48013.5;0.0
35;10200;ASH_COATED_OSMIUM;9987;26;9985;15;;;10005;21;10007;22;;;9996.0;0.0
35;10200;INTARIAN_PEPPER_ROOT;48007;18;48005;19;48002;17;48018;12;48020;8;48021;9;48013.0;0.0
35;10300;ASH_COATED_OSMIUM;9989;12;9988;10;;;10005;10;10008;14;;;9997.0;0.0
35;10300;INTARIAN_PEPPER_ROOT;48000;9;;;;;48015;9;;;;;48007.5;0.0
35;10400;ASH_COATED_OSMIUM;9990;12;9987;11;9985;10;10006;4;10007;27;10010;15;9998.0;0.0
35;10400;INTARIAN_PEPPER_ROOT;48001;19;47999;12;47997;12;48015;12;48018;22;48021;10;48008.5;0.0
35;10500;ASH_COATED_OSMIUM;9994;15;9991;10;;;10010;12;10012;27;;;10002.0;0.0
35;10500;INTARIAN_PEPPER_ROOT;48004;11;48002;10;48001;8;48021;9;48023;12;48026;10;48012.5;0.0
35;10600;ASH_COATED_OSMIUM;9990;14;;;;;10006;11;;;;;9998.5;0.0
35;10600;INTARIAN_PEPPER_ROOT;48000;9;47998;10;;;48018;8;48019;8;;;48009.0;0.0
35;10700;ASH_COATED_OSMIUM;9989;3;9988;13;;;10005;14;10006;15;;;9997.0;0.0
35;10700;INTARIAN_PEPPER_ROOT;48001;11;47998;8;;;48014;9;48015;9;;;48008.0;0.0
35;10800;ASH_COATED_OSMIUM;9990;11;9989;11;9988;10;10006;11;10009;28;10010;13;9998.0;0.0
35;10800;INTARIAN_PEPPER_ROOT;47999;10;;;;;48016;25;;;;;48008.0;0.0
35;10900;ASH_COATED_OSMIUM;9988;21;9987;12;9986;22;10007;12;10009;10;10010;12;9997.5;0.0
35;10900;INTARIAN_PEPPER_ROOT;48004;10;;;;;48017;24;;;;;48010.5;0.0
35;11000;ASH_COATED_OSMIUM;9990;13;;;;;10006;11;;;;;9998.5;0.0
35;11000;INTARIAN_PEPPER_ROOT;48006;9;48005;8;;;48019;9;48021;16;;;48012.5;0.0
35;11100;ASH_COATED_OSMIUM;9990;11;9989;13;;;10009;11;10011;12;;;9999.5;0.0
35;11100;INTARIAN_PEPPER_ROOT;48008;11;48007;12;;;48021;10;48022;9;;;48015.0;0.0
35;11200;ASH_COATED_OSMIUM;9993;12;;;;;10009;24;;;;;10001.0;0.0
35;11200;INTARIAN_PEPPER_ROOT;48003;9;48001;12;;;48019;11;48021;12;;;48011.0;0.0
35;11300;ASH_COATED_OSMIUM;9990;5;9988;10;;;10006;10;10007;14;;;9998.5;0.0
35;11300;INTARIAN_PEPPER_ROOT;48001;9;48000;10;;;48020;17;48022;9;;;48011.0;0.0
35;11400;ASH_COATED_OSMIUM;9987;13;9986;24;;;10006;15;10008;14;;;9997.0;0.0
35;11400;INTARIAN_PEPPER_ROOT;48005;8;48002;11;;;48020;19;48023;11;;;48013.0;0.0
35;11500;ASH_COATED_OSMIUM;9983;11;;;;;9999;15;;;;;9991.0;0.0
35;11500;INTARIAN_PEPPER_ROOT;48003;8;;;;;48017;9;;;;;48010.5;0.0
35;11600;ASH_COATED_OSMIUM;9985;12;9983;12;;;10001;13;10004;26;;;9993.0;0.0
35;11600;INTARIAN_PEPPER_ROOT;48003;8;48002;12;;;48019;10;48020;21;;;48011.0;0.0
35;11700;ASH_COATED_OSMIUM;9986;14;9983;10;9981;14;10004;10;10007;10;10010;13;9995.0;0.0
35;11700;INTARIAN_PEPPER_ROOT;48004;8;;;;;48018;20;;;;;48011.0;0.0
35;11800;ASH_COATED_OSMIUM;9986;15;;;;;10002;11;;;;;9994.5;0.0
35;11800;INTARIAN_PEPPER_ROOT;48009;12;;;;;48022;8;;;;;48016.0;0.0
35;11900;ASH_COATED_OSMIUM;9991;14;;;;;10009;27;;;;;10000.5;0.0
35;11900;INTARIAN_PEPPER_ROOT;48000;9;47999;8;;;48017;12;48018;9;;;48008.5;0.0
35;12000;ASH_COATED_OSMIUM;9995;10;;;;;10011;14;;;;;10003.0;0.0
35;12000;INTARIAN_PEPPER_ROOT;48004;12;48002;8;;;48016;8;48017;11;;;48010.5;0.0
35;12100;ASH_COATED_OSMIUM;9991;13;9988;10;;;10010;27;10012;12;;;10000.5;0.0
35;12100;INTARIAN_PEPPER_ROOT;48007;11;48005;8;48004;9;48019;8;48022;10;48023;8;48013.5;0.0
35;12200;ASH_COATED_OSMIUM;9989;12;9987;14;;;10005;26;10008;12;;;9997.5;0.0
35;12200;INTARIAN_PEPPER_ROOT;48002;24;;;;;48015;10;;;;;48008.5;0.0
35;12300;ASH_COATED_OSMIUM;9994;14;;;;;10010;10;;;;;10002.5;0.0
35;12300;INTARIAN_PEPPER_ROOT;48006;12;;;;;48020;19;;;;;48013.0;0.0
35;12400;ASH_COATED_OSMIUM;10001;15;9998;15;9995;15;10011;13;10013;11;10014;23;10006.0;0.0
35;12400;INTARIAN_PEPPER_ROOT;48002;9;48001;9;;;48017;19;48018;22;;;48010.0;0.0
35;12500;ASH_COATED_OSMIUM;9995;10;9992;27;;;10011;23;10013;12;;;10003.5;0.0
35;12500;INTARIAN_PEPPER_ROOT;48008;8;48006;11;48005;21;48021;9;48022;10;48025;12;48015.0;0.0
35;12600;ASH_COATED_OSMIUM;9999;25;9996;12;9993;14;10017;25;10019;13;10021;13;10008.5;0.0
35;12600;INTARIAN_PEPPER_ROOT;48004;24;48002;8;;;48021;8;48024;9;;;48013.0;0.0
35;12700;ASH_COATED_OSMIUM;10002;11;10001;15;9998;25;10018;24;10019;27;10022;27;10010.5;0.0
35;12700;INTARIAN_PEPPER_ROOT;48004;12;;;;;48020;25;;;;;48012.5;0.0
35;12800;ASH_COATED_OSMIUM;9997;15;9994;15;9992;10;10013;13;10015;24;10017;15;10005.5;0.0
35;12800;INTARIAN_PEPPER_ROOT;48006;10;48003;10;;;48019;8;48022;9;;;48013.0;0.0
35;12900;ASH_COATED_OSMIUM;9991;10;;;;;10012;10;;;;;10001.5;0.0
35;12900;INTARIAN_PEPPER_ROOT;48003;24;48000;8;;;48020;8;48023;10;;;48012.0;0.0
35;13000;ASH_COATED_OSMIUM;9997;13;9994;14;;;10013;12;10015;12;;;10005.5;0.0
35;13000;INTARIAN_PEPPER_ROOT;48004;18;48001;8;;;48017;16;48018;19;;;48011.0;0.0
35;13100;ASH_COATED_OSMIUM;9999;26;9998;13;9995;10;10015;11;10016;10;10017;11;10007.0;0.0
35;13100;INTARIAN_PEPPER_ROOT;48006;10;48005;25;48003;11;48019;12;48022;11;48023;23;48012.5;0.0
35;13200;ASH_COATED_OSMIUM;9999;4;9996;11;;;10017;10;10018;10;;;10008.5;0.0
35;13200;INTARIAN_PEPPER_ROOT;48007;9;48004;12;;;48022;22;48024;12;;;48015.0;0.0
35;13300;ASH_COATED_OSMIUM;10001;13;10000;23;9997;10;10017;15;10020;10;10023;15;10009.5;0.0
35;13300;INTARIAN_PEPPER_ROOT;48005;12;48003;12;;;48017;10;48018;8;;;48011.5;0.0
35;13400;ASH_COATED_OSMIUM;10004;11;10003;12;;;10010;14;10011;10;;;10007.5;0.0
35;13400;INTARIAN_PEPPER_ROOT;48006;22;48003;9;;;48020;11;48022;11;;;48013.0;0.0
35;13500;ASH_COATED_OSMIUM;9997;11;9994;15;;;10018;13;10020;11;;;10008.0;0.0
35;13500;INTARIAN_PEPPER_ROOT;48010;11;48008;11;48007;11;48023;8;48024;8;48026;9;48017.0;0.0
35;13600;ASH_COATED_OSMIUM;9992;12;9990;2;;;10008;10;10011;11;;;10000.5;0.0
35;13600;INTARIAN_PEPPER_ROOT;48000;18;47999;11;47997;12;48014;12;48016;10;48017;9;48007.5;0.0
35;13700;ASH_COATED_OSMIUM;9989;24;9986;13;;;10005;11;10008;14;;;9997.0;0.0
35;13700;INTARIAN_PEPPER_ROOT;48008;10;48006;8;;;48021;5;48023;9;;;48015.0;0.0
35;13800;ASH_COATED_OSMIUM;9987;5;9986;13;;;10005;11;10007;14;;;9996.5;0.0
35;13800;INTARIAN_PEPPER_ROOT;48005;11;;;;;48018;12;;;;;48012.0;0.0
35;13900;ASH_COATED_OSMIUM;9996;11;;;;;10012;15;;;;;10004.0;0.0
35;13900;INTARIAN_PEPPER_ROOT;48005;24;;;;;48018;9;;;;;48012.0;0.0
35;14000;ASH_COATED_OSMIUM;9997;27;9995;13;9992;13;10013;11;10015;28;10016;29;10005.5;0.0
35;14000;INTARIAN_PEPPER_ROOT;48005;8;48004;11;48002;8;48020;11;48023;12;48024;12;48013.0;0.0
35;14100;ASH_COATED_OSMIUM;9999;9;9996;11;;;10010;24;10013;11;;;10004.5;0.0
35;14100;INTARIAN_PEPPER_ROOT;48008;12;48006;24;48004;11;48021;11;48022;9;48025;8;48015.0;0.0
35;14200;ASH_COATED_OSMIUM;9995;15;;;;;10011;15;;;;;10003.0;0.0
35;14200;INTARIAN_PEPPER_ROOT;48011;11;;;;;48023;11;;;;;48017.5;0.0
35;14300;ASH_COATED_OSMIUM;9995;11;;;;;10004;11;;;;;9999.5;0.0
35;14300;INTARIAN_PEPPER_ROOT;48003;9;48000;12;;;48022;10;48023;10;;;48013.0;0.0
35;14400;ASH_COATED_OSMIUM;9988;14;;;;;10006;13;;;;;9997.5;0.0
35;14400;INTARIAN_PEPPER_ROOT;48008;23;48005;11;48004;12;48021;21;48022;8;48025;11;48015.0;0.0
35;14500;ASH_COATED_OSMIUM;9997;12;9996;13;;;10013;14;10015;15;;;10005.0;0.0
35;14500;INTARIAN_PEPPER_ROOT;48013;12;48011;11;;;48024;12;48025;23;;;48019.0;0.0
35;14600;ASH_COATED_OSMIUM;9995;28;9993;26;9992;14;10013;11;10014;15;10017;13;10004.5;0.0
35;14600;INTARIAN_PEPPER_ROOT;48008;20;;;;;48020;10;;;;;48014.0;0.0
35;14700;ASH_COATED_OSMIUM;9990;10;9987;15;9985;11;10006;10;10009;27;10011;11;9998.5;0.0
35;14700;INTARIAN_PEPPER_ROOT;48006;20;48004;11;;;48018;8;48019;9;;;48012.0;0.0
35;14800;ASH_COATED_OSMIUM;9988;11;9986;23;9984;14;10004;14;10005;12;10008;15;9996.5;0.0
35;14800;INTARIAN_PEPPER_ROOT;48007;11;48005;24;48003;9;48022;12;48023;8;48025;9;48015.0;0.0
35;14900;ASH_COATED_OSMIUM;9983;14;;;;;9999;13;;;;;9991.0;0.0
35;14900;INTARIAN_PEPPER_ROOT;48006;22;;;;;48022;12;;;;;48014.5;0.0
35;15000;ASH_COATED_OSMIUM;9982;14;9979;14;;;9998;11;10000;30;;;9990.5;0.0
35;15000;INTARIAN_PEPPER_ROOT;48008;12;48005;12;;;48019;8;48022;9;;;48013.5;0.0
35;15100;ASH_COATED_OSMIUM;9986;24;;;;;10002;11;;;;;9994.5;0.0
35;15100;INTARIAN_PEPPER_ROOT;48008;24;48006;8;;;48019;10;48020;10;;;48013.5;0.0
35;15200;ASH_COATED_OSMIUM;9993;11;;;;;10009;10;;;;;10001.0;0.0
35;15200;INTARIAN_PEPPER_ROOT;48013;10;48011;12;;;48024;12;48027;8;;;48019.0;0.0
35;15300;ASH_COATED_OSMIUM;9992;11;;;;;10011;13;;;;;10001.5;0.0
35;15300;INTARIAN_PEPPER_ROOT;48005;12;48003;11;;;48025;24;48026;9;;;48015.5;0.0
35;15400;ASH_COATED_OSMIUM;9996;12;;;;;10002;15;;;;;9999.0;0.0
35;15400;INTARIAN_PEPPER_ROOT;48012;22;;;;;48023;11;;;;;48018.0;0.0
35;15500;ASH_COATED_OSMIUM;9992;15;9990;10;;;10008;14;10011;15;;;10000.0;0.0
35;15500;INTARIAN_PEPPER_ROOT;48009;12;;;;;48024;10;;;;;48016.5;0.0
35;15600;ASH_COATED_OSMIUM;10003;15;10001;11;9998;11;10013;15;10016;13;10017;15;10008.0;0.0
35;15600;INTARIAN_PEPPER_ROOT;48005;10;;;;;48022;11;;;;;48013.5;0.0
35;15700;ASH_COATED_OSMIUM;9997;14;9996;14;9995;15;10013;12;10015;13;10018;12;10005.0;0.0
35;15700;INTARIAN_PEPPER_ROOT;48008;10;48006;10;48005;9;48024;8;48026;8;48028;11;48016.0;0.0
35;15800;ASH_COATED_OSMIUM;9994;10;9991;12;;;10012;11;10015;13;;;10003.5;0.0
35;15800;INTARIAN_PEPPER_ROOT;48009;8;48007;15;;;48023;19;48024;17;;;48016.0;0.0
35;15900;ASH_COATED_OSMIUM;9996;12;9995;11;9993;12;10003;12;10005;15;10008;15;10000.0;0.0
35;15900;INTARIAN_PEPPER_ROOT;48009;10;48007;12;48004;11;48026;10;48028;12;48029;9;48017.5;0.0
35;16000;ASH_COATED_OSMIUM;9994;15;9992;12;9989;10;10013;4;10016;22;10019;14;10003.5;0.0
35;16000;INTARIAN_PEPPER_ROOT;48009;10;;;;;48022;11;;;;;48015.5;0.0
35;16100;ASH_COATED_OSMIUM;9992;12;9990;10;;;10008;11;10011;27;;;10000.0;0.0
35;16100;INTARIAN_PEPPER_ROOT;48015;24;;;;;48017;8;;;;;48016.5;0.0
35;16200;ASH_COATED_OSMIUM;9991;22;;;;;10007;15;;;;;9999.0;0.0
35;16200;INTARIAN_PEPPER_ROOT;48019;9;48017;9;;;48022;8;48023;10;;;48020.5;0.0
35;16300;ASH_COATED_OSMIUM;9992;10;9989;11;9987;22;10008;15;10009;12;10011;11;10000.0;0.0
35;16300;INTARIAN_PEPPER_ROOT;48015;11;48013;9;48010;12;48017;9;48020;11;48021;9;48016.5;0.0
35;16400;ASH_COATED_OSMIUM;9994;29;9992;10;;;10010;27;10011;30;;;10002.5;0.0
35;16400;INTARIAN_PEPPER_ROOT;48011;10;48008;12;;;48025;8;48026;10;;;48018.0;0.0
35;16500;ASH_COATED_OSMIUM;9988;12;;;;;10004;15;;;;;9996.5;0.0
35;16500;INTARIAN_PEPPER_ROOT;48011;16;48008;12;;;48023;12;48025;9;;;48017.5;0.0
35;16600;ASH_COATED_OSMIUM;9998;14;;;;;10014;15;;;;;10006.0;0.0
35;16600;INTARIAN_PEPPER_ROOT;48014;8;;;;;48026;9;;;;;48020.0;0.0
35;16700;ASH_COATED_OSMIUM;10000;12;9997;11;;;10016;10;10019;10;;;10008.0;0.0
35;16700;INTARIAN_PEPPER_ROOT;48009;9;;;;;48020;11;;;;;48015.0;0.0
35;16800;ASH_COATED_OSMIUM;10002;10;;;;;10018;15;;;;;10010.5;0.0
35;16800;INTARIAN_PEPPER_ROOT;48008;11;48006;20;;;48024;11;48026;8;;;48016.5;0.0
35;16900;ASH_COATED_OSMIUM;9999;21;9996;27;;;10015;13;10017;30;;;10007.5;0.0
35;16900;INTARIAN_PEPPER_ROOT;48008;8;48006;8;48003;12;48019;11;48020;11;48022;9;48013.5;0.0
35;17000;ASH_COATED_OSMIUM;10004;14;;;;;10020;15;;;;;10012.5;0.0
35;17000;INTARIAN_PEPPER_ROOT;48013;9;;;;;48024;11;;;;;48018.5;0.0
35;17100;ASH_COATED_OSMIUM;10002;15;10001;15;9998;13;10018;15;10019;13;10022;14;10010.5;0.0
35;17100;INTARIAN_PEPPER_ROOT;48010;11;48009;12;48006;10;48026;11;48028;8;48030;12;48018.0;0.0
35;17200;ASH_COATED_OSMIUM;9996;12;9993;3;9992;15;10014;10;10016;11;10017;14;10005.0;0.0
35;17200;INTARIAN_PEPPER_ROOT;48010;8;;;;;48024;18;;;;;48017.0;0.0
35;17300;ASH_COATED_OSMIUM;10000;14;9998;14;;;10018;3;10020;14;;;10009.0;0.0
35;17300;INTARIAN_PEPPER_ROOT;48011;23;48008;10;48007;11;48027;10;48030;9;48033;16;48019.0;0.0
35;17400;ASH_COATED_OSMIUM;9998;11;;;;;10014;13;;;;;10006.5;0.0
35;17400;INTARIAN_PEPPER_ROOT;48013;15;48010;10;;;48024;12;48026;9;;;48018.5;0.0
35;17500;ASH_COATED_OSMIUM;9993;10;9991;13;9990;14;10009;12;10010;12;10012;24;10001.0;0.0
35;17500;INTARIAN_PEPPER_ROOT;48009;12;;;;;48022;10;;;;;48016.0;0.0
35;17600;ASH_COATED_OSMIUM;9996;30;9994;12;;;10012;11;10013;11;;;10004.0;0.0
35;17600;INTARIAN_PEPPER_ROOT;48011;8;48009;8;;;48025;17;48028;25;;;48018.0;0.0
35;17700;ASH_COATED_OSMIUM;9995;10;9994;23;9991;5;10013;10;10015;14;10017;25;10004.0;0.0
35;17700;INTARIAN_PEPPER_ROOT;48010;19;48009;11;48007;12;48024;12;48027;12;48028;10;48017.5;0.0
35;17800;ASH_COATED_OSMIUM;9994;13;9992;11;;;10010;12;10012;11;;;10002.0;0.0
35;17800;INTARIAN_PEPPER_ROOT;48010;9;48007;18;48006;25;48026;12;48027;12;48029;11;48018.0;0.0
35;17900;ASH_COATED_OSMIUM;9993;25;9990;2;;;10011;15;10014;20;;;10002.0;0.0
35;17900;INTARIAN_PEPPER_ROOT;48015;3;48014;9;48012;11;48029;8;48032;9;48035;10;48022.5;0.0
35;18000;ASH_COATED_OSMIUM;9993;14;9990;15;;;10012;10;10014;11;;;10003.0;0.0
35;18000;INTARIAN_PEPPER_ROOT;48014;12;;;;;48026;12;;;;;48020.0;0.0
35;18100;ASH_COATED_OSMIUM;9992;9;9990;11;;;10011;11;10013;14;;;10001.5;0.0
35;18100;INTARIAN_PEPPER_ROOT;48012;20;48010;16;;;48023;9;48024;9;;;48017.5;0.0
35;18200;ASH_COATED_OSMIUM;9998;13;9997;13;;;10014;15;10015;27;;;10006.5;0.0
35;18200;INTARIAN_PEPPER_ROOT;48012;12;;;;;48026;8;;;;;48019.5;0.0
35;18300;ASH_COATED_OSMIUM;9998;12;;;;;10004;6;;;;;10001.5;0.0
35;18300;INTARIAN_PEPPER_ROOT;48009;8;48008;10;;;48025;9;48027;11;;;48017.5;0.0
35;18400;ASH_COATED_OSMIUM;10000;10;9998;10;;;10016;15;10019;15;;;10008.0;0.0
35;18400;INTARIAN_PEPPER_ROOT;48009;8;48008;10;;;48023;11;48026;17;;;48016.5;0.0
35;18500;ASH_COATED_OSMIUM;9990;30;9988;12;9985;11;10006;14;10007;15;10008;11;9998.5;0.0
35;18500;INTARIAN_PEPPER_ROOT;48011;11;48008;10;;;48024;22;48026;9;;;48017.5;0.0
35;18600;ASH_COATED_OSMIUM;9992;3;9990;14;;;10010;15;10013;14;;;10001.0;0.0
35;18600;INTARIAN_PEPPER_ROOT;48015;11;48014;8;48011;11;48026;12;48027;9;48029;21;48021.0;0.0
35;18700;ASH_COATED_OSMIUM;9995;10;;;;;10011;15;;;;;10003.5;0.0
35;18700;INTARIAN_PEPPER_ROOT;48013;11;;;;;48028;8;;;;;48020.5;0.0
35;18800;ASH_COATED_OSMIUM;9995;15;9993;10;9991;13;10013;11;10016;15;10019;13;10004.0;0.0
35;18800;INTARIAN_PEPPER_ROOT;48010;8;;;;;48021;10;;;;;48016.0;0.0
35;18900;ASH_COATED_OSMIUM;9998;13;;;;;10007;13;;;;;10002.5;0.0
35;18900;INTARIAN_PEPPER_ROOT;48012;11;48011;10;;;48023;11;48026;8;;;48018.0;0.0
35;19000;ASH_COATED_OSMIUM;9995;10;9992;21;;;10011;15;10013;11;;;10003.5;0.0
35;19000;INTARIAN_PEPPER_ROOT;48013;11;;;;;48027;18;;;;;48020.5;0.0
35;19100;ASH_COATED_OSMIUM;9992;30;9990;28;9987;27;10008;12;10009;12;10012;11;10000.0;0.0
35;19100;INTARIAN_PEPPER_ROOT;48014;11;48012;10;;;48027;17;48028;9;;;48020.5;0.0
35;19200;ASH_COATED_OSMIUM;9988;15;9986;14;;;10007;2;10010;13;;;9998.0;0.0
35;19200;INTARIAN_PEPPER_ROOT;48009;11;48008;11;;;48022;11;48024;9;;;48016.0;0.0
35;19300;ASH_COATED_OSMIUM;9990;15;9988;13;9987;15;10006;3;10007;12;10009;13;9998.0;0.0
35;19300;INTARIAN_PEPPER_ROOT;48015;5;48012;12;;;48028;12;48029;9;;;48022.0;0.0
35;19400;ASH_COATED_OSMIUM;9989;4;9987;15;;;10007;24;10009;12;;;9998.5;0.0
35;19400;INTARIAN_PEPPER_ROOT;48012;7;48009;16;48007;9;48026;9;48028;10;48029;17;48019.0;0.0
35;19500;ASH_COATED_OSMIUM;9994;12;9992;12;;;10010;12;10012;21;;;10002.5;0.0
35;19500;INTARIAN_PEPPER_ROOT;48015;12;;;;;48028;22;;;;;48022.0;0.0
35;19600;ASH_COATED_OSMIUM;9996;11;;;;;10006;15;;;;;10001.0;0.0
35;19600;INTARIAN_PEPPER_ROOT;48013;18;48010;11;48007;17;48025;10;48028;21;48030;12;48019.0;0.0
35;19700;ASH_COATED_OSMIUM;9993;5;9990;14;9987;15;10012;10;10013;14;10016;15;10002.5;0.0
35;19700;INTARIAN_PEPPER_ROOT;48013;9;48010;4;;;48025;19;48028;12;;;48019.5;0.0
35;19800;ASH_COATED_OSMIUM;9996;5;9995;13;;;10012;14;10014;24;;;10004.0;0.0
35;19800;INTARIAN_PEPPER_ROOT;48011;12;48008;10;48006;10;48024;11;48025;20;48027;10;48017.5;0.0
35;19900;ASH_COATED_OSMIUM;9994;15;;;;;10010;13;;;;;10002.0;0.0
35;19900;INTARIAN_PEPPER_ROOT;48014;10;48013;12;48011;8;48026;10;48028;8;48031;10;48020.0;0.0
35;20000;ASH_COATED_OSMIUM;9987;11;9985;29;9982;27;10005;20;10007;15;10010;10;9996.5;0.0
35;20000;INTARIAN_PEPPER_ROOT;48010;12;48007;10;;;48022;20;48023;9;;;48016.5;0.0
35;20100;ASH_COATED_OSMIUM;9995;14;9994;11;;;10014;11;10017;22;;;10004.5;0.0
35;20100;INTARIAN_PEPPER_ROOT;48015;12;48012;10;;;48026;20;48027;12;;;48021.0;0.0
35;20200;ASH_COATED_OSMIUM;9992;5;9990;6;9989;12;10010;11;10011;15;10014;20;10001.5;0.0
35;20200;INTARIAN_PEPPER_ROOT;48011;9;;;;;48024;19;;;;;48017.5;0.0
35;20300;ASH_COATED_OSMIUM;9994;13;;;;;10000;11;;;;;9997.0;0.0
35;20300;INTARIAN_PEPPER_ROOT;48011;12;;;;;48028;23;;;;;48020.0;0.0
35;20400;ASH_COATED_OSMIUM;9993;10;;;;;10011;12;;;;;10002.0;0.0
35;20400;INTARIAN_PEPPER_ROOT;48020;9;48018;8;48015;11;48023;9;48024;12;48025;12;48021.5;0.0
35;20500;ASH_COATED_OSMIUM;9994;10;9991;15;9988;12;10010;10;10012;10;10014;15;10002.5;0.0
35;20500;INTARIAN_PEPPER_ROOT;48016;9;48013;9;;;48028;9;48030;9;;;48022.0;0.0
35;20600;ASH_COATED_OSMIUM;9994;12;9993;4;;;10010;12;10012;29;;;10002.5;0.0
35;20600;INTARIAN_PEPPER_ROOT;48011;8;48009;8;48008;12;48023;10;48025;11;48027;10;48017.5;0.0
35;20700;ASH_COATED_OSMIUM;9988;13;9987;14;;;10004;13;10005;20;;;9996.0;0.0
35;20700;INTARIAN_PEPPER_ROOT;48013;12;48011;8;48009;11;48026;10;48029;10;48032;10;48020.0;0.0
35;20800;ASH_COATED_OSMIUM;9993;15;;;;;10009;12;;;;;10001.0;0.0
35;20800;INTARIAN_PEPPER_ROOT;48013;9;48012;11;;;48027;8;48030;8;;;48020.5;0.0
35;20900;ASH_COATED_OSMIUM;9986;22;9984;12;9982;11;10002;13;10005;5;10007;14;9994.5;0.0
35;20900;INTARIAN_PEPPER_ROOT;48013;23;48012;9;48011;11;48027;11;48029;10;48032;25;48020.5;0.0
35;21000;ASH_COATED_OSMIUM;9985;15;9982;11;;;10001;13;10003;13;;;9993.0;0.0
35;21000;INTARIAN_PEPPER_ROOT;48016;12;48015;11;;;48028;8;48029;11;;;48022.0;0.0
35;21100;ASH_COATED_OSMIUM;9981;12;;;;;10000;12;;;;;9991.0;0.0
35;21100;INTARIAN_PEPPER_ROOT;48013;12;;;;;48027;24;;;;;48020.5;0.0
35;21200;ASH_COATED_OSMIUM;9981;25;9979;26;9978;11;9997;14;9999;11;10000;13;9989.0;0.0
35;21200;INTARIAN_PEPPER_ROOT;48018;12;48017;10;48014;8;48032;11;48033;8;48034;10;48025.5;0.0
35;21300;ASH_COATED_OSMIUM;9986;15;9984;10;;;10003;15;10004;11;;;9994.5;0.0
35;21300;INTARIAN_PEPPER_ROOT;48015;9;;;;;48028;12;;;;;48022.0;0.0
35;21400;ASH_COATED_OSMIUM;9990;14;9988;15;9987;14;10009;4;10011;12;10013;11;9999.5;0.0
35;21400;INTARIAN_PEPPER_ROOT;48011;12;48010;10;;;48028;4;48031;8;;;48020.0;0.0
35;21500;ASH_COATED_OSMIUM;9985;15;9984;15;;;10001;11;10004;26;;;9993.0;0.0
35;21500;INTARIAN_PEPPER_ROOT;48014;12;;;;;48026;9;;;;;48020.0;0.0
35;21600;ASH_COATED_OSMIUM;9985;13;;;;;10001;12;;;;;9993.5;0.0
35;21600;INTARIAN_PEPPER_ROOT;48013;19;48011;8;48009;8;48027;22;48029;8;48031;11;48020.0;0.0
35;21700;ASH_COATED_OSMIUM;9992;12;9989;10;9988;12;10008;14;10009;11;10010;11;10000.5;0.0
35;21700;INTARIAN_PEPPER_ROOT;48014;9;;;;;48027;11;;;;;48021.0;0.0
35;21800;ASH_COATED_OSMIUM;9989;4;;;;;10005;10;;;;;9997.0;0.0
35;21800;INTARIAN_PEPPER_ROOT;48014;21;48013;8;;;48030;10;48032;11;;;48022.5;0.0
35;21900;ASH_COATED_OSMIUM;9990;13;;;;;10006;5;;;;;9998.0;0.0
35;21900;INTARIAN_PEPPER_ROOT;48020;9;48019;11;48017;12;48032;25;48034;11;48035;8;48026.5;0.0
35;22000;ASH_COATED_OSMIUM;9991;13;;;;;10007;30;;;;;9999.5;0.0
35;22000;INTARIAN_PEPPER_ROOT;48018;9;48015;12;48014;12;48029;11;48031;10;48033;20;48023.5;0.0
35;22100;ASH_COATED_OSMIUM;9985;14;9984;10;;;10001;28;10003;13;;;9993.0;0.0
35;22100;INTARIAN_PEPPER_ROOT;48015;3;48013;12;48012;10;48029;8;48030;11;48031;18;48022.5;0.0
35;22200;ASH_COATED_OSMIUM;9988;15;9985;15;;;10004;15;10007;11;;;9996.5;0.0
35;22200;INTARIAN_PEPPER_ROOT;48015;8;48013;9;;;48031;8;48033;12;;;48023.0;0.0
35;22300;ASH_COATED_OSMIUM;9994;11;;;;;10010;15;;;;;10002.5;0.0
35;22300;INTARIAN_PEPPER_ROOT;48015;9;48014;11;;;48027;17;48029;11;;;48021.5;0.0
35;22400;ASH_COATED_OSMIUM;9993;15;9991;15;9990;12;10012;10;10013;12;10016;15;10002.5;0.0
35;22400;INTARIAN_PEPPER_ROOT;48019;11;48016;9;;;48031;12;48034;10;;;48025.5;0.0
35;22500;ASH_COATED_OSMIUM;9991;23;9989;15;;;10007;10;10008;12;;;9999.0;0.0
35;22500;INTARIAN_PEPPER_ROOT;48011;9;48010;20;48009;11;48024;8;48027;10;48030;12;48018.0;0.0
35;22600;ASH_COATED_OSMIUM;9986;27;9984;15;;;10002;21;10004;5;;;9994.0;0.0
35;22600;INTARIAN_PEPPER_ROOT;48017;8;48016;10;48013;10;48031;8;48033;10;48036;10;48024.0;0.0
35;22700;ASH_COATED_OSMIUM;9988;10;;;;;10009;26;;;;;9998.5;0.0
35;22700;INTARIAN_PEPPER_ROOT;48020;9;48018;7;48016;10;48030;12;48031;11;48034;10;48025.0;0.0
35;22800;ASH_COATED_OSMIUM;9991;15;9989;12;;;10007;15;10008;13;;;9999.5;0.0
35;22800;INTARIAN_PEPPER_ROOT;48017;12;48016;12;48015;23;48031;12;48033;10;48034;8;48024.5;0.0
35;22900;ASH_COATED_OSMIUM;9989;13;9986;13;;;10007;28;10010;12;;;9998.5;0.0
35;22900;INTARIAN_PEPPER_ROOT;48014;10;48011;11;;;48026;3;48028;10;;;48020.5;0.0
35;23000;ASH_COATED_OSMIUM;9990;13;9989;11;9988;24;10006;15;10009;10;10011;12;9998.5;0.0
35;23000;INTARIAN_PEPPER_ROOT;48016;11;48013;8;;;48032;10;48033;9;;;48024.0;0.0
35;23100;ASH_COATED_OSMIUM;9992;10;9991;13;;;10008;13;10009;11;;;10000.0;0.0
35;23100;INTARIAN_PEPPER_ROOT;48014;9;48013;10;48012;23;48030;11;48033;10;48034;9;48022.0;0.0
35;23200;ASH_COATED_OSMIUM;9984;10;;;;;10005;10;;;;;9995.0;0.0
35;23200;INTARIAN_PEPPER_ROOT;48017;12;;;;;48030;8;;;;;48024.0;0.0
35;23300;ASH_COATED_OSMIUM;9991;10;9988;12;9987;13;10007;5;10009;11;10011;15;9999.0;0.0
35;23300;INTARIAN_PEPPER_ROOT;48012;11;48009;10;;;48024;25;48025;9;;;48018.5;0.0
35;23400;ASH_COATED_OSMIUM;9990;12;9987;15;;;10008;15;10011;3;;;9999.0;0.0
35;23400;INTARIAN_PEPPER_ROOT;48018;8;;;;;48030;10;;;;;48024.5;0.0
35;23500;ASH_COATED_OSMIUM;9991;13;9990;12;9987;20;10007;10;10008;14;10011;14;9999.5;0.0
35;23500;INTARIAN_PEPPER_ROOT;48017;12;;;;;48029;21;;;;;48023.0;0.0
35;23600;ASH_COATED_OSMIUM;9990;26;;;;;10003;12;;;;;9996.5;0.0
35;23600;INTARIAN_PEPPER_ROOT;48020;10;48017;15;;;48033;8;48034;8;;;48026.5;0.0
35;23700;ASH_COATED_OSMIUM;9990;11;9989;15;;;10008;22;10011;14;;;9999.0;0.0
35;23700;INTARIAN_PEPPER_ROOT;48019;12;48018;18;48015;11;48030;12;48033;12;48035;23;48025.0;0.0
35;23800;ASH_COATED_OSMIUM;9991;14;;;;;10007;4;;;;;9999.0;0.0
35;23800;INTARIAN_PEPPER_ROOT;48014;4;48011;11;;;48027;25;48030;5;;;48021.0;0.0
35;23900;ASH_COATED_OSMIUM;9989;15;9988;20;9986;12;9999;13;10000;12;10002;14;9994.5;0.0
35;23900;INTARIAN_PEPPER_ROOT;48017;8;48015;10;48012;11;48028;11;48030;5;48032;16;48023.0;0.0
35;24000;ASH_COATED_OSMIUM;9984;13;9981;10;;;10003;14;10006;14;;;9993.5;0.0
35;24000;INTARIAN_PEPPER_ROOT;48016;7;;;;;48029;16;;;;;48022.5;0.0
35;24100;ASH_COATED_OSMIUM;9978;14;;;;;9994;12;;;;;9986.0;0.0
35;24100;INTARIAN_PEPPER_ROOT;48020;10;48017;8;;;48036;9;48039;8;;;48028.0;0.0
35;24200;ASH_COATED_OSMIUM;9985;10;9984;30;;;10001;10;10002;28;;;9993.5;0.0
35;24200;INTARIAN_PEPPER_ROOT;48013;6;48012;10;;;48026;19;48027;17;;;48019.5;0.0
35;24300;ASH_COATED_OSMIUM;9988;14;9987;13;;;10007;14;10009;11;;;9998.0;0.0
35;24300;INTARIAN_PEPPER_ROOT;48013;15;48010;21;;;48032;12;48035;8;;;48022.5;0.0
35;24400;ASH_COATED_OSMIUM;9990;4;9988;11;9987;15;10006;13;10008;11;10010;10;9998.5;0.0
35;24400;INTARIAN_PEPPER_ROOT;48022;10;48019;11;;;48033;10;48035;8;;;48028.0;0.0
35;24500;ASH_COATED_OSMIUM;9998;10;9997;13;;;10014;4;10016;14;;;10006.0;0.0
35;24500;INTARIAN_PEPPER_ROOT;48016;10;;;;;48029;12;;;;;48023.0;0.0
35;24600;ASH_COATED_OSMIUM;9994;11;9992;15;9990;15;10010;15;10013;20;10016;12;10002.5;0.0
35;24600;INTARIAN_PEPPER_ROOT;48018;10;48015;9;;;48032;8;48034;9;;;48025.5;0.0
35;24700;ASH_COATED_OSMIUM;10000;10;9997;25;9996;26;10010;13;10012;12;10015;29;10005.0;0.0
35;24700;INTARIAN_PEPPER_ROOT;48023;9;48021;11;;;48036;16;48038;8;;;48030.0;0.0
35;24800;ASH_COATED_OSMIUM;9995;10;;;;;10011;14;;;;;10003.5;0.0
35;24800;INTARIAN_PEPPER_ROOT;48017;12;48014;21;;;48031;12;48032;8;;;48024.0;0.0
35;24900;ASH_COATED_OSMIUM;9989;15;;;;;10005;13;;;;;9997.5;0.0
35;24900;INTARIAN_PEPPER_ROOT;48016;20;48014;9;;;48029;10;48030;10;;;48023.0;0.0
35;25000;ASH_COATED_OSMIUM;9995;24;9994;15;9993;13;10000;12;10001;11;10003;13;9998.0;0.0
35;25000;INTARIAN_PEPPER_ROOT;48028;9;48026;11;;;48031;8;48034;5;;;48029.5;0.0
35;25100;ASH_COATED_OSMIUM;9987;30;9986;22;;;10003;14;10006;15;;;9995.0;0.0
35;25100;INTARIAN_PEPPER_ROOT;48018;9;48016;21;;;48033;11;48036;8;;;48026.0;0.0
35;25200;ASH_COATED_OSMIUM;9985;30;;;;;10001;12;;;;;9993.5;0.0
35;25200;INTARIAN_PEPPER_ROOT;48017;10;48016;8;;;48033;18;48035;9;;;48025.5;0.0
35;25300;ASH_COATED_OSMIUM;9987;12;;;;;10003;12;;;;;9995.0;0.0
35;25300;INTARIAN_PEPPER_ROOT;48022;11;48020;10;;;48038;8;48041;10;;;48030.0;0.0
35;25400;ASH_COATED_OSMIUM;9989;14;;;;;10008;13;;;;;9998.5;0.0
35;25400;INTARIAN_PEPPER_ROOT;48022;12;;;;;48034;17;;;;;48028.0;0.0
35;25500;ASH_COATED_OSMIUM;9992;13;9990;15;;;10008;10;10011;11;;;10000.5;0.0
35;25500;INTARIAN_PEPPER_ROOT;48019;8;48016;8;;;48034;10;48035;11;;;48027.0;0.0
35;25600;ASH_COATED_OSMIUM;9999;10;9997;15;;;10015;11;10017;15;;;10007.5;0.0
35;25600;INTARIAN_PEPPER_ROOT;48021;11;;;;;48033;9;;;;;48027.5;0.0
35;25700;ASH_COATED_OSMIUM;10001;11;;;;;10013;20;;;;;10007.0;0.0
35;25700;INTARIAN_PEPPER_ROOT;48019;8;48017;11;;;48032;11;48034;5;;;48026.0;0.0
35;25800;ASH_COATED_OSMIUM;9996;10;9995;14;9994;13;10012;14;10015;10;10017;28;10004.0;0.0
35;25800;INTARIAN_PEPPER_ROOT;48017;9;48014;11;;;48033;8;48036;12;;;48025.5;0.0
35;25900;ASH_COATED_OSMIUM;10000;5;9997;14;;;10016;15;10019;14;;;10008.0;0.0
35;25900;INTARIAN_PEPPER_ROOT;48019;8;;;;;48031;8;;;;;48025.5;0.0
35;26000;ASH_COATED_OSMIUM;9998;11;9996;13;;;10014;14;10015;13;;;10006.0;0.0
35;26000;INTARIAN_PEPPER_ROOT;48025;9;48023;9;;;48028;12;48029;15;;;48027.0;0.0
35;26100;ASH_COATED_OSMIUM;9999;11;9996;12;;;10015;13;10016;14;;;10007.5;0.0
35;26100;INTARIAN_PEPPER_ROOT;48014;25;;;;;48032;9;;;;;48023.5;0.0
35;26200;ASH_COATED_OSMIUM;10006;11;10005;14;10002;15;10013;15;10016;13;10018;15;10010.0;0.0
35;26200;INTARIAN_PEPPER_ROOT;48020;12;;;;;48034;19;;;;;48027.0;0.0
35;26300;ASH_COATED_OSMIUM;10000;11;9998;23;;;10016;12;10017;12;;;10008.0;0.0
35;26300;INTARIAN_PEPPER_ROOT;48019;11;;;;;48033;10;;;;;48026.5;0.0
35;26400;ASH_COATED_OSMIUM;9999;15;9997;15;9996;10;10018;11;10020;13;10023;12;10009.0;0.0
35;26400;INTARIAN_PEPPER_ROOT;48021;18;48020;8;48018;9;48036;22;48039;11;48041;15;48029.0;0.0
35;26500;ASH_COATED_OSMIUM;10005;14;10004;10;;;10021;11;10022;12;;;10013.0;0.0
35;26500;INTARIAN_PEPPER_ROOT;48021;10;48018;10;;;48033;12;48034;8;;;48027.0;0.0
35;26600;ASH_COATED_OSMIUM;9998;13;9997;10;9996;14;10016;13;10017;14;10019;26;10007.5;0.0
35;26600;INTARIAN_PEPPER_ROOT;48020;11;;;;;48034;12;;;;;48027.0;0.0
35;26700;ASH_COATED_OSMIUM;10003;10;;;;;10016;11;;;;;10009.5;0.0
35;26700;INTARIAN_PEPPER_ROOT;48016;10;48014;12;48013;10;48032;11;48035;8;48038;8;48024.5;0.0
35;26800;ASH_COATED_OSMIUM;10000;11;;;;;10019;11;;;;;10009.5;0.0
35;26800;INTARIAN_PEPPER_ROOT;48018;10;;;;;48032;9;;;;;48025.5;0.0
35;26900;ASH_COATED_OSMIUM;9994;10;9991;10;;;10010;14;10013;11;;;10002.5;0.0
35;26900;INTARIAN_PEPPER_ROOT;48018;11;48017;9;48014;12;48034;9;48037;10;48039;11;48026.5;0.0
35;27000;ASH_COATED_OSMIUM;9993;14;;;;;10009;15;;;;;10001.5;0.0
35;27000;INTARIAN_PEPPER_ROOT;48019;10;;;;;48030;11;;;;;48025.0;0.0
35;27100;ASH_COATED_OSMIUM;9992;14;;;;;10011;13;;;;;10001.5;0.0
35;27100;INTARIAN_PEPPER_ROOT;48021;8;48020;19;;;48037;19;48040;8;;;48029.5;0.0
35;27200;ASH_COATED_OSMIUM;9989;10;9987;12;9986;10;10008;25;10009;25;10011;13;9999.0;0.0
35;27200;INTARIAN_PEPPER_ROOT;48021;19;48020;12;48019;10;48034;9;48037;8;48038;9;48028.0;0.0
35;27300;ASH_COATED_OSMIUM;9994;13;9992;12;;;10010;11;10011;21;;;10002.0;0.0
35;27300;INTARIAN_PEPPER_ROOT;48021;12;48020;9;48017;10;48035;12;48036;10;48038;10;48028.0;0.0
35;27400;ASH_COATED_OSMIUM;9994;11;;;;;10010;11;;;;;10002.5;0.0
35;27400;INTARIAN_PEPPER_ROOT;48021;25;;;;;48037;9;;;;;48029.0;0.0
35;27500;ASH_COATED_OSMIUM;9995;14;;;;;10013;13;;;;;10004.5;0.0
35;27500;INTARIAN_PEPPER_ROOT;48018;17;48015;20;;;48033;12;48034;20;;;48026.0;0.0
35;27600;ASH_COATED_OSMIUM;9997;14;;;;;10013;22;;;;;10005.0;0.0
35;27600;INTARIAN_PEPPER_ROOT;48018;12;48017;8;;;48033;9;48035;20;;;48026.0;0.0
35;27700;ASH_COATED_OSMIUM;9989;15;9988;10;9985;14;10008;14;10010;11;10012;29;9998.5;0.0
35;27700;INTARIAN_PEPPER_ROOT;48022;12;48019;12;48017;15;48033;11;48034;12;48037;8;48028.0;0.0
35;27800;ASH_COATED_OSMIUM;9991;5;;;;;10007;12;;;;;9999.5;0.0
35;27800;INTARIAN_PEPPER_ROOT;48025;8;48023;8;;;48037;12;48040;15;;;48031.0;0.0
35;27900;ASH_COATED_OSMIUM;9990;2;9989;11;;;10006;13;10007;15;;;9998.5;0.0
35;27900;INTARIAN_PEPPER_ROOT;48018;20;48015;9;48014;11;48033;8;48036;9;48039;17;48025.5;0.0
35;28000;ASH_COATED_OSMIUM;9986;11;;;;;10005;10;;;;;9996.0;0.0
35;28000;INTARIAN_PEPPER_ROOT;48021;12;48019;9;;;48034;11;48035;9;;;48028.0;0.0
35;28100;ASH_COATED_OSMIUM;9994;15;9993;30;9990;14;9999;14;10001;15;10003;25;9996.5;0.0
35;28100;INTARIAN_PEPPER_ROOT;48022;17;48020;10;;;48036;12;48037;12;;;48029.5;0.0
35;28200;ASH_COATED_OSMIUM;9991;15;;;;;10007;12;;;;;9999.5;0.0
35;28200;INTARIAN_PEPPER_ROOT;48024;12;;;;;48036;11;;;;;48030.0;0.0
35;28300;ASH_COATED_OSMIUM;9993;13;9992;28;9989;12;10009;12;10010;12;10011;3;10001.5;0.0
35;28300;INTARIAN_PEPPER_ROOT;48021;10;;;;;48034;8;;;;;48028.0;0.0
35;28400;ASH_COATED_OSMIUM;9988;14;9986;11;9985;13;10004;15;10007;13;10008;14;9996.0;0.0
35;28400;INTARIAN_PEPPER_ROOT;48024;11;48022;10;48021;11;48038;17;48041;10;48042;8;48031.5;0.0
35;28500;ASH_COATED_OSMIUM;9989;14;9987;11;;;10005;13;10007;27;;;9997.0;0.0
35;28500;INTARIAN_PEPPER_ROOT;48022;10;48019;11;48018;23;48035;9;48036;8;48038;11;48029.0;0.0
35;28600;ASH_COATED_OSMIUM;9990;12;9989;14;;;10008;20;10009;11;;;9999.0;0.0
35;28600;INTARIAN_PEPPER_ROOT;48018;9;48015;9;;;48031;8;48034;10;;;48024.5;0.0
35;28700;ASH_COATED_OSMIUM;9991;13;9988;11;9985;22;10007;20;10008;11;10010;15;9999.0;0.0
35;28700;INTARIAN_PEPPER_ROOT;48025;9;48023;12;;;48039;9;48040;11;;;48032.0;0.0
35;28800;ASH_COATED_OSMIUM;9997;10;;;;;10013;13;;;;;10005.0;0.0
35;28800;INTARIAN_PEPPER_ROOT;48021;11;48018;10;;;48038;9;48040;9;;;48029.5;0.0
35;28900;ASH_COATED_OSMIUM;9996;12;9994;10;9991;24;10012;11;10014;11;10017;11;10004.0;0.0
35;28900;INTARIAN_PEPPER_ROOT;48023;11;48021;5;;;48034;10;48035;8;;;48029.0;0.0
35;29000;ASH_COATED_OSMIUM;9996;11;9993;22;9992;10;10012;15;10014;23;10017;12;10004.0;0.0
35;29000;INTARIAN_PEPPER_ROOT;48022;10;;;;;48034;11;;;;;48028.5;0.0
35;29100;ASH_COATED_OSMIUM;9995;10;;;;;10011;15;;;;;10003.5;0.0
35;29100;INTARIAN_PEPPER_ROOT;48022;9;;;;;48033;12;;;;;48028.0;0.0
35;29200;ASH_COATED_OSMIUM;9995;14;9994;15;;;10011;10;10013;11;;;10003.0;0.0
35;29200;INTARIAN_PEPPER_ROOT;48023;9;48020;10;48018;8;48037;9;48039;11;48041;11;48030.5;0.0
35;29300;ASH_COATED_OSMIUM;9994;12;9991;10;;;10010;12;10012;12;;;10002.5;0.0
35;29300;INTARIAN_PEPPER_ROOT;48024;9;48021;8;;;48040;18;48042;8;;;48032.0;0.0
35;29400;ASH_COATED_OSMIUM;9992;15;;;;;10010;15;;;;;10001.5;0.0
35;29400;INTARIAN_PEPPER_ROOT;48021;9;;;;;48035;9;;;;;48028.5;0.0
35;29500;ASH_COATED_OSMIUM;10000;12;;;;;10016;12;;;;;10008.0;0.0
35;29500;INTARIAN_PEPPER_ROOT;48023;10;48021;10;48019;22;48036;8;48039;10;48042;11;48029.5;0.0
35;29600;ASH_COATED_OSMIUM;9992;14;9989;15;;;10008;15;10010;11;;;10000.0;0.0
35;29600;INTARIAN_PEPPER_ROOT;48022;12;48021;10;;;48036;11;48038;11;;;48029.5;0.0
35;29700;ASH_COATED_OSMIUM;9991;10;9990;21;9988;14;10007;15;10009;13;10010;4;9999.5;0.0
35;29700;INTARIAN_PEPPER_ROOT;48025;10;48023;8;;;48037;12;48040;11;;;48031.0;0.0
35;29800;ASH_COATED_OSMIUM;9995;12;9992;10;;;10011;11;10012;21;;;10003.0;0.0
35;29800;INTARIAN_PEPPER_ROOT;48024;9;48022;8;;;48038;10;48041;10;;;48031.0;0.0
35;29900;ASH_COATED_OSMIUM;9993;10;;;;;10009;13;;;;;10001.5;0.0
35;29900;INTARIAN_PEPPER_ROOT;48026;12;;;;;48029;10;;;;;48028.0;0.0
35;30000;ASH_COATED_OSMIUM;9990;14;9989;12;9988;12;10006;15;10008;24;10009;13;9998.0;0.0
35;30000;INTARIAN_PEPPER_ROOT;48025;12;;;;;48037;11;;;;;48031.0;0.0
35;30100;ASH_COATED_OSMIUM;9989;24;9988;26;9986;25;10005;12;10008;13;10010;3;9997.5;0.0
35;30100;INTARIAN_PEPPER_ROOT;48022;12;48020;8;;;48034;12;48036;12;;;48028.0;0.0
35;30200;ASH_COATED_OSMIUM;9988;15;9985;15;;;10004;10;10006;12;;;9996.5;0.0
35;30200;INTARIAN_PEPPER_ROOT;48029;8;48026;18;;;48041;10;48043;21;;;48035.5;0.0
35;30300;ASH_COATED_OSMIUM;9991;13;9989;11;;;10007;13;10008;14;;;9999.5;0.0
35;30300;INTARIAN_PEPPER_ROOT;48026;23;48025;11;;;48032;24;48035;8;;;48029.5;0.0
35;30400;ASH_COATED_OSMIUM;9996;11;9993;10;9990;13;10012;10;10015;11;10018;10;10004.5;0.0
35;30400;INTARIAN_PEPPER_ROOT;48025;25;48023;12;;;48037;9;48038;8;;;48031.5;0.0
35;30500;ASH_COATED_OSMIUM;9994;10;;;;;10010;15;;;;;10002.5;0.0
35;30500;INTARIAN_PEPPER_ROOT;48022;8;;;;;48033;9;;;;;48028.0;0.0
35;30600;ASH_COATED_OSMIUM;9989;15;;;;;10005;11;;;;;9997.0;0.0
35;30600;INTARIAN_PEPPER_ROOT;48027;24;;;;;48039;9;;;;;48033.0;0.0
35;30700;ASH_COATED_OSMIUM;9990;11;9989;12;;;10006;20;10009;15;;;9998.5;0.0
35;30700;INTARIAN_PEPPER_ROOT;48027;10;48024;9;48021;11;48040;8;48042;11;48043;8;48033.5;0.0
35;30800;ASH_COATED_OSMIUM;9987;26;;;;;10006;15;;;;;9997.0;0.0
35;30800;INTARIAN_PEPPER_ROOT;48027;11;48026;8;48024;12;48039;9;48042;19;48044;8;48033.0;0.0
35;30900;ASH_COATED_OSMIUM;9993;11;9990;11;;;10009;13;10010;12;;;10001.5;0.0
35;30900;INTARIAN_PEPPER_ROOT;48023;9;48022;12;;;48040;12;48042;8;;;48031.5;0.0
35;31000;ASH_COATED_OSMIUM;9986;14;9983;12;;;10002;14;10004;11;;;9994.5;0.0
35;31000;INTARIAN_PEPPER_ROOT;48021;9;;;;;48038;8;;;;;48030.0;0.0
35;31100;ASH_COATED_OSMIUM;9988;12;9986;15;;;10004;10;10005;15;;;9996.0;0.0
35;31100;INTARIAN_PEPPER_ROOT;48024;24;48022;11;48020;11;48039;8;48041;12;48043;12;48032.0;0.0
35;31200;ASH_COATED_OSMIUM;9988;14;9986;10;;;9999;11;10001;13;;;9994.0;0.0
35;31200;INTARIAN_PEPPER_ROOT;48025;10;48023;11;;;48034;12;48036;11;;;48029.5;0.0
35;31300;ASH_COATED_OSMIUM;9990;12;9987;10;;;10006;25;10009;26;;;9998.0;0.0
35;31300;INTARIAN_PEPPER_ROOT;48023;9;;;;;48033;12;;;;;48028.0;0.0
35;31400;ASH_COATED_OSMIUM;9992;12;;;;;10008;5;;;;;10000.5;0.0
35;31400;INTARIAN_PEPPER_ROOT;48028;9;48027;9;48024;9;48041;9;48042;9;48045;10;48034.5;0.0
35;31500;ASH_COATED_OSMIUM;9989;12;9988;13;9987;12;10007;14;10008;14;10011;22;9998.5;0.0
35;31500;INTARIAN_PEPPER_ROOT;48026;9;48023;8;;;48039;9;48040;11;;;48033.0;0.0
35;31600;ASH_COATED_OSMIUM;9987;12;9984;25;9983;10;10005;12;10008;15;10010;10;9996.5;0.0
35;31600;INTARIAN_PEPPER_ROOT;48022;11;;;;;48036;11;;;;;48029.5;0.0
35;31700;ASH_COATED_OSMIUM;9987;14;9984;10;9981;27;10003;15;10005;15;10007;15;9995.5;0.0
35;31700;INTARIAN_PEPPER_ROOT;48022;11;48019;24;;;48035;9;48037;12;;;48029.0;0.0
35;31800;ASH_COATED_OSMIUM;9988;13;9987;13;9985;30;10004;10;10006;13;10009;11;9996.0;0.0
35;31800;INTARIAN_PEPPER_ROOT;48027;8;;;;;48038;12;;;;;48032.5;0.0
35;31900;ASH_COATED_OSMIUM;9990;15;9988;20;9985;14;10011;20;10012;3;10013;11;10000.5;0.0
35;31900;INTARIAN_PEPPER_ROOT;48035;8;;;;;48037;8;;;;;48036.5;0.0
35;32000;ASH_COATED_OSMIUM;9985;13;9984;14;9981;28;10001;9;10002;13;10003;11;9993.5;0.0
35;32000;INTARIAN_PEPPER_ROOT;48026;22;48025;10;48023;8;48038;11;48039;8;48041;12;48032.0;0.0
35;32100;ASH_COATED_OSMIUM;9983;10;9981;13;9978;12;9999;12;10000;26;10002;10;9991.0;0.0
35;32100;INTARIAN_PEPPER_ROOT;48026;11;48024;8;48023;8;48039;9;48040;19;48041;9;48033.0;0.0
35;32200;ASH_COATED_OSMIUM;9981;13;9979;14;;;9997;2;10000;10;;;9989.5;0.0
35;32200;INTARIAN_PEPPER_ROOT;48024;12;48023;10;;;48044;11;48047;12;;;48034.5;0.0
35;32300;ASH_COATED_OSMIUM;9982;12;9980;22;9977;6;10003;28;10004;10;10005;28;9993.0;0.0
35;32300;INTARIAN_PEPPER_ROOT;48024;9;48022;10;48021;9;48036;8;48037;9;48040;8;48030.5;0.0
35;32400;ASH_COATED_OSMIUM;9989;13;9987;15;;;10005;11;10007;15;;;9997.0;0.0
35;32400;INTARIAN_PEPPER_ROOT;48028;10;;;;;48040;12;;;;;48034.0;0.0
35;32500;ASH_COATED_OSMIUM;9987;13;9984;14;;;10003;5;10005;13;;;9995.0;0.0
35;32500;INTARIAN_PEPPER_ROOT;48025;10;48024;10;;;48038;10;48041;11;;;48032.0;0.0
35;32600;ASH_COATED_OSMIUM;9989;13;;;;;10000;23;;;;;9994.5;0.0
35;32600;INTARIAN_PEPPER_ROOT;48025;10;48023;8;;;48038;8;48039;11;;;48032.0;0.0
35;32700;ASH_COATED_OSMIUM;9989;13;9987;11;9985;13;9995;11;9998;20;10000;11;9992.0;0.0
35;32700;INTARIAN_PEPPER_ROOT;48023;8;48020;8;;;48040;9;48041;9;;;48032.0;0.0
35;32800;ASH_COATED_OSMIUM;9991;12;9989;20;;;10001;12;10004;27;;;9996.5;0.0
35;32800;INTARIAN_PEPPER_ROOT;48026;10;48024;10;;;48041;9;48042;8;;;48034.0;0.0
35;32900;ASH_COATED_OSMIUM;9988;11;;;;;10004;15;;;;;9996.0;0.0
35;32900;INTARIAN_PEPPER_ROOT;48031;12;;;;;48034;11;;;;;48033.0;0.0
35;33000;ASH_COATED_OSMIUM;9995;24;9994;11;;;10006;13;10008;13;;;10000.5;0.0
35;33000;INTARIAN_PEPPER_ROOT;48033;19;48031;11;48030;10;48035;10;48037;10;48039;10;48034.0;0.0
35;33100;ASH_COATED_OSMIUM;9995;15;9994;11;9992;27;10011;23;10013;15;10014;12;10003.0;0.0
35;33100;INTARIAN_PEPPER_ROOT;48026;12;48023;12;48021;12;48041;19;48043;9;48044;12;48033.5;0.0
35;33200;ASH_COATED_OSMIUM;10000;10;9998;13;;;10010;11;10011;24;;;10005.5;0.0
35;33200;INTARIAN_PEPPER_ROOT;48025;9;;;;;48040;11;;;;;48032.5;0.0
35;33300;ASH_COATED_OSMIUM;10002;27;10001;12;;;10018;12;10020;13;;;10010.5;0.0
35;33300;INTARIAN_PEPPER_ROOT;48024;21;48021;8;48018;10;48040;24;48043;8;48045;9;48032.5;0.0
35;33400;ASH_COATED_OSMIUM;10000;12;9998;10;9997;10;10018;13;10021;15;10023;14;10009.5;0.0
35;33400;INTARIAN_PEPPER_ROOT;48034;11;48031;10;;;48046;12;48047;11;;;48040.0;0.0
35;33500;ASH_COATED_OSMIUM;9996;14;9994;10;9992;10;10014;14;10016;12;10017;12;10005.5;0.0
35;33500;INTARIAN_PEPPER_ROOT;48026;12;;;;;48040;9;;;;;48033.0;0.0
35;33600;ASH_COATED_OSMIUM;9995;15;;;;;10011;25;;;;;10003.0;0.0
35;33600;INTARIAN_PEPPER_ROOT;48020;15;48017;9;;;48035;12;48038;11;;;48028.0;0.0
35;33700;ASH_COATED_OSMIUM;9999;13;9997;11;9994;12;10011;14;10014;13;10016;14;10005.0;0.0
35;33700;INTARIAN_PEPPER_ROOT;48034;22;48032;9;48030;10;48037;9;48038;11;48039;11;48036.0;0.0
35;33800;ASH_COATED_OSMIUM;9995;15;9994;13;;;10011;14;10013;10;;;10003.0;0.0
35;33800;INTARIAN_PEPPER_ROOT;48027;9;48024;12;;;48038;8;48041;9;;;48033.0;0.0
35;33900;ASH_COATED_OSMIUM;9986;13;9984;12;;;10005;11;10006;10;;;9995.5;0.0
35;33900;INTARIAN_PEPPER_ROOT;48026;8;48024;8;48021;8;48040;8;48043;10;48045;10;48033.5;0.0
35;34000;ASH_COATED_OSMIUM;9997;29;9995;15;;;10007;30;10009;13;;;10002.5;0.0
35;34000;INTARIAN_PEPPER_ROOT;48023;9;;;;;48038;10;;;;;48031.0;0.0
35;34100;ASH_COATED_OSMIUM;9991;13;9989;20;9987;13;10007;10;10008;29;10011;15;9999.0;0.0
35;34100;INTARIAN_PEPPER_ROOT;48026;12;48023;8;48022;12;48040;11;48043;8;48045;7;48033.0;0.0
35;34200;ASH_COATED_OSMIUM;9988;14;;;;;10004;13;;;;;9996.5;0.0
35;34200;INTARIAN_PEPPER_ROOT;48027;10;48025;22;48024;12;48039;8;48042;12;48045;24;48033.0;0.0
35;34300;ASH_COATED_OSMIUM;9990;10;9989;13;9986;20;10009;10;10010;10;10013;15;10000.0;0.0
35;34300;INTARIAN_PEPPER_ROOT;48026;8;48023;18;48020;12;48039;12;48041;12;48044;12;48033.0;0.0
35;34400;ASH_COATED_OSMIUM;9991;14;9989;25;9986;11;10009;10;10012;4;10014;12;10000.5;0.0
35;34400;INTARIAN_PEPPER_ROOT;48028;11;;;;;48041;10;;;;;48035.0;0.0
35;34500;ASH_COATED_OSMIUM;9991;14;9989;13;;;10007;15;10009;28;;;9999.0;0.0
35;34500;INTARIAN_PEPPER_ROOT;48032;9;48031;10;;;48044;10;48046;11;;;48038.0;0.0
35;34600;ASH_COATED_OSMIUM;9989;10;9987;5;;;10008;10;10009;15;;;9999.0;0.0
35;34600;INTARIAN_PEPPER_ROOT;48028;18;48026;21;;;48044;10;48046;10;;;48036.0;0.0
35;34700;ASH_COATED_OSMIUM;9987;11;9984;13;9983;13;10003;13;10004;15;10006;15;9995.5;0.0
35;34700;INTARIAN_PEPPER_ROOT;48026;8;48024;8;48022;9;48038;8;48041;11;48042;11;48032.5;0.0
35;34800;ASH_COATED_OSMIUM;9992;13;9990;12;9989;14;10008;11;10009;15;10010;22;10000.5;0.0
35;34800;INTARIAN_PEPPER_ROOT;48028;8;;;;;48042;9;;;;;48035.5;0.0
35;34900;ASH_COATED_OSMIUM;9996;22;;;;;10012;11;;;;;10004.0;0.0
35;34900;INTARIAN_PEPPER_ROOT;48032;4;48031;11;48030;12;48043;8;48044;11;48045;10;48037.5;0.0
35;35000;ASH_COATED_OSMIUM;9987;14;9984;12;;;10006;10;10008;11;;;9997.0;0.0
35;35000;INTARIAN_PEPPER_ROOT;48028;18;48027;9;48024;19;48042;8;48043;11;48044;11;48035.5;0.0
35;35100;ASH_COATED_OSMIUM;9991;15;;;;;10012;15;;;;;10002.0;0.0
35;35100;INTARIAN_PEPPER_ROOT;48026;23;48024;12;48022;9;48043;12;48044;10;48045;21;48035.0;0.0
35;35200;ASH_COATED_OSMIUM;9989;15;9986;12;9983;13;10007;10;10008;12;10010;15;9998.5;0.0
35;35200;INTARIAN_PEPPER_ROOT;48027;8;48025;10;48023;10;48039;9;48042;10;48043;10;48033.0;0.0
35;35300;ASH_COATED_OSMIUM;9986;10;;;;;10002;12;;;;;9994.0;0.0
35;35300;INTARIAN_PEPPER_ROOT;48027;12;48024;9;;;48041;12;48043;8;;;48034.0;0.0
35;35400;ASH_COATED_OSMIUM;9992;10;9991;11;;;10008;14;10011;26;;;10000.0;0.0
35;35400;INTARIAN_PEPPER_ROOT;48033;9;;;;;48045;9;;;;;48039.5;0.0
35;35500;ASH_COATED_OSMIUM;9990;14;9988;13;;;10008;10;10009;12;;;9999.0;0.0
35;35500;INTARIAN_PEPPER_ROOT;48029;8;48028;18;;;48043;4;48044;10;;;48036.0;0.0
35;35600;ASH_COATED_OSMIUM;9987;14;;;;;10006;15;;;;;9997.0;0.0
35;35600;INTARIAN_PEPPER_ROOT;48028;11;48026;25;48024;9;48039;10;48042;12;48044;8;48033.5;0.0
35;35700;ASH_COATED_OSMIUM;9981;12;9978;12;9977;13;10000;11;10001;26;10002;13;9990.5;0.0
35;35700;INTARIAN_PEPPER_ROOT;48028;10;48027;8;;;48045;10;48048;8;;;48036.5;0.0
35;35800;ASH_COATED_OSMIUM;9985;13;9984;14;;;10001;11;10004;15;;;9993.0;0.0
35;35800;INTARIAN_PEPPER_ROOT;48026;8;;;;;48040;9;;;;;48033.5;0.0
35;35900;ASH_COATED_OSMIUM;9990;10;9988;12;9987;13;10006;13;10007;14;10010;11;9998.5;0.0
35;35900;INTARIAN_PEPPER_ROOT;48030;23;48029;10;48028;11;48043;15;48044;10;48045;11;48036.5;0.0
35;36000;ASH_COATED_OSMIUM;9990;10;9988;23;9987;10;10006;11;10009;10;10012;30;9998.0;0.0
35;36000;INTARIAN_PEPPER_ROOT;48036;8;;;;;48038;12;;;;;48037.0;0.0
35;36100;ASH_COATED_OSMIUM;9993;29;9990;30;;;10012;14;10015;15;;;10002.5;0.0
35;36100;INTARIAN_PEPPER_ROOT;48028;25;48026;10;;;48043;5;48044;9;;;48035.5;0.0
35;36200;ASH_COATED_OSMIUM;9994;15;9992;12;;;10010;30;10013;12;;;10002.5;0.0
35;36200;INTARIAN_PEPPER_ROOT;48036;12;48033;9;;;48039;11;48041;12;;;48037.5;0.0
35;36300;ASH_COATED_OSMIUM;9995;11;9994;14;9993;10;10013;11;10015;14;10016;11;10004.0;0.0
35;36300;INTARIAN_PEPPER_ROOT;48030;12;48029;22;48028;18;48041;8;48043;16;48046;11;48035.5;0.0
35;36400;ASH_COATED_OSMIUM;9991;11;9988;4;9987;10;10007;20;10008;12;10011;28;9999.0;0.0
35;36400;INTARIAN_PEPPER_ROOT;48030;8;48028;9;;;48042;10;48045;10;;;48036.5;0.0
35;36500;ASH_COATED_OSMIUM;9993;10;9992;11;9989;11;10012;12;10013;13;10015;13;10003.0;0.0
35;36500;INTARIAN_PEPPER_ROOT;48030;8;48029;11;48026;9;48045;15;48047;8;48048;10;48038.0;0.0
35;36600;ASH_COATED_OSMIUM;9994;13;9993;24;9990;14;10010;13;10012;11;10015;13;10002.0;0.0
35;36600;INTARIAN_PEPPER_ROOT;48030;9;;;;;48045;23;;;;;48038.0;0.0
35;36700;ASH_COATED_OSMIUM;9990;15;9987;10;;;10009;10;10010;13;;;10000.0;0.0
35;36700;INTARIAN_PEPPER_ROOT;48029;11;;;;;48040;8;;;;;48035.0;0.0
35;36800;ASH_COATED_OSMIUM;9989;30;9986;10;9985;12;10005;22;10007;14;10009;11;9997.0;0.0
35;36800;INTARIAN_PEPPER_ROOT;48031;9;48028;10;;;48042;9;48045;10;;;48037.0;0.0
35;36900;ASH_COATED_OSMIUM;9985;15;9982;15;;;10001;20;10003;13;;;9993.0;0.0
35;36900;INTARIAN_PEPPER_ROOT;48029;11;48028;17;;;48040;9;48042;10;;;48035.0;0.0
35;37000;ASH_COATED_OSMIUM;9984;10;9982;11;;;10005;13;10006;12;;;9995.0;0.0
35;37000;INTARIAN_PEPPER_ROOT;48034;11;48032;12;;;48046;11;48048;8;;;48040.0;0.0
35;37100;ASH_COATED_OSMIUM;9991;11;9990;14;;;10010;13;10011;14;;;10000.5;0.0
35;37100;INTARIAN_PEPPER_ROOT;48027;8;48025;10;;;48040;10;48043;10;;;48034.0;0.0
35;37200;ASH_COATED_OSMIUM;9993;14;9990;26;;;10011;14;10014;10;;;10002.5;0.0
35;37200;INTARIAN_PEPPER_ROOT;48028;9;48025;25;;;48039;12;48041;8;;;48034.0;0.0
35;37300;ASH_COATED_OSMIUM;9997;13;9996;12;;;10013;29;10016;15;;;10005.0;0.0
35;37300;INTARIAN_PEPPER_ROOT;48031;17;48029;21;;;48045;10;48046;9;;;48038.0;0.0
35;37400;ASH_COATED_OSMIUM;9993;15;;;;;10009;10;;;;;10001.0;0.0
35;37400;INTARIAN_PEPPER_ROOT;48029;5;;;;;48046;9;;;;;48038.0;0.0
35;37500;ASH_COATED_OSMIUM;10001;14;9999;14;;;10007;27;10009;13;;;10004.0;0.0
35;37500;INTARIAN_PEPPER_ROOT;48029;8;48026;23;;;48041;8;48042;10;;;48035.5;0.0
35;37600;ASH_COATED_OSMIUM;9988;15;;;;;10006;11;;;;;9997.5;0.0
35;37600;INTARIAN_PEPPER_ROOT;48029;8;48028;10;48026;10;48045;12;48046;11;48047;10;48037.0;0.0
35;37700;ASH_COATED_OSMIUM;9994;4;9991;11;;;10010;11;10011;13;;;10002.5;0.0
35;37700;INTARIAN_PEPPER_ROOT;48031;10;48029;21;48027;8;48046;12;48047;12;48048;10;48038.5;0.0
35;37800;ASH_COATED_OSMIUM;9994;13;9992;30;;;10010;12;10012;11;;;10002.0;0.0
35;37800;INTARIAN_PEPPER_ROOT;48031;7;48028;12;;;48043;12;48046;12;;;48037.0;0.0
35;37900;ASH_COATED_OSMIUM;9995;11;9993;25;9992;12;10011;13;10013;30;10016;29;10003.0;0.0
35;37900;INTARIAN_PEPPER_ROOT;48038;8;48036;12;48034;10;48052;11;48053;11;48055;8;48045.5;0.0
35;38000;ASH_COATED_OSMIUM;9995;15;;;;;10011;12;;;;;10003.5;0.0
35;38000;INTARIAN_PEPPER_ROOT;48029;8;48027;8;48025;11;48043;4;48045;8;48047;9;48036.0;0.0
35;38100;ASH_COATED_OSMIUM;9996;10;;;;;10005;15;;;;;10000.5;0.0
35;38100;INTARIAN_PEPPER_ROOT;48028;11;48025;16;;;48042;12;48043;10;;;48035.5;0.0
35;38200;ASH_COATED_OSMIUM;9996;13;9993;15;9990;15;10006;12;10008;11;10011;11;10001.0;0.0
35;38200;INTARIAN_PEPPER_ROOT;48035;10;;;;;48037;18;;;;;48036.5;0.0
35;38300;ASH_COATED_OSMIUM;9996;13;9993;10;;;10012;13;10013;28;;;10004.0;0.0
35;38300;INTARIAN_PEPPER_ROOT;48030;11;48028;10;;;48043;9;48046;12;;;48037.0;0.0
35;38400;ASH_COATED_OSMIUM;9993;14;;;;;10009;11;;;;;10001.5;0.0
35;38400;INTARIAN_PEPPER_ROOT;48031;12;48029;8;;;48047;12;48050;9;;;48039.0;0.0
35;38500;ASH_COATED_OSMIUM;9992;30;;;;;10008;13;;;;;10000.5;0.0
35;38500;INTARIAN_PEPPER_ROOT;48034;16;48031;9;48030;10;48046;8;48047;12;48048;9;48040.5;0.0
35;38600;ASH_COATED_OSMIUM;9995;11;9993;13;;;10006;15;10008;13;;;10001.0;0.0
35;38600;INTARIAN_PEPPER_ROOT;48032;9;48031;8;;;48046;10;48047;11;;;48039.0;0.0
35;38700;ASH_COATED_OSMIUM;9989;15;;;;;10005;11;;;;;9997.5;0.0
35;38700;INTARIAN_PEPPER_ROOT;48029;11;48028;11;;;48041;8;48043;8;;;48035.5;0.0
35;38800;ASH_COATED_OSMIUM;9983;12;9980;13;;;10001;12;10004;28;;;9992.5;0.0
35;38800;INTARIAN_PEPPER_ROOT;48036;22;48035;11;;;48048;11;48049;12;;;48042.5;0.0
35;38900;ASH_COATED_OSMIUM;9984;10;;;;;10000;4;;;;;9992.5;0.0
35;38900;INTARIAN_PEPPER_ROOT;48038;10;48035;11;;;48052;10;48053;11;;;48045.0;0.0
35;39000;ASH_COATED_OSMIUM;9982;22;9981;14;9980;11;9998;12;9999;28;10000;10;9990.0;0.0
35;39000;INTARIAN_PEPPER_ROOT;48029;8;;;;;48046;10;;;;;48037.5;0.0
35;39100;ASH_COATED_OSMIUM;9990;13;9988;14;;;10002;13;10004;15;;;9996.0;0.0
35;39100;INTARIAN_PEPPER_ROOT;48035;16;;;;;48047;9;;;;;48041.5;0.0
35;39200;ASH_COATED_OSMIUM;9983;24;9980;30;;;9999;11;10000;15;;;9991.0;0.0
35;39200;INTARIAN_PEPPER_ROOT;48033;11;;;;;48047;8;;;;;48040.0;0.0
35;39300;ASH_COATED_OSMIUM;9980;15;9977;10;9974;14;9996;15;9997;2;9999;11;9988.5;0.0
35;39300;INTARIAN_PEPPER_ROOT;48032;25;48031;9;;;48044;12;48047;10;;;48038.0;0.0
35;39400;ASH_COATED_OSMIUM;9984;25;9981;12;;;10000;11;10002;11;;;9992.5;0.0
35;39400;INTARIAN_PEPPER_ROOT;48036;12;;;;;48042;12;;;;;48039.5;0.0
35;39500;ASH_COATED_OSMIUM;9983;14;;;;;9999;11;;;;;9991.5;0.0
35;39500;INTARIAN_PEPPER_ROOT;48030;11;;;;;48041;24;;;;;48035.5;0.0
35;39600;ASH_COATED_OSMIUM;9985;15;9983;10;;;10001;12;10003;5;;;9993.0;0.0
35;39600;INTARIAN_PEPPER_ROOT;48033;20;48030;9;;;48047;9;48048;15;;;48040.5;0.0
35;39700;ASH_COATED_OSMIUM;9980;11;9978;5;9975;13;9996;13;9998;14;10000;10;9988.5;0.0
35;39700;INTARIAN_PEPPER_ROOT;48031;9;48030;12;;;48048;9;48050;18;;;48040.0;0.0
35;39800;ASH_COATED_OSMIUM;9986;11;9984;11;;;10005;25;10007;14;;;9995.5;0.0
35;39800;INTARIAN_PEPPER_ROOT;48033;11;48031;12;;;48046;12;48049;10;;;48040.0;0.0
35;39900;ASH_COATED_OSMIUM;9989;11;9987;13;9985;15;10008;10;10010;3;10012;12;9999.0;0.0
35;39900;INTARIAN_PEPPER_ROOT;48032;21;48029;11;48028;10;48046;17;48047;8;48050;9;48039.5;0.0
35;40000;ASH_COATED_OSMIUM;9991;15;9990;11;9988;25;10007;12;10009;21;10012;10;9999.5;0.0
35;40000;INTARIAN_PEPPER_ROOT;48032;10;;;;;48046;5;;;;;48039.5;0.0
35;40100;ASH_COATED_OSMIUM;9990;12;9989;23;;;10008;15;10009;14;;;9999.5;0.0
35;40100;INTARIAN_PEPPER_ROOT;48031;12;;;;;48043;20;;;;;48037.0;0.0
35;40200;ASH_COATED_OSMIUM;9994;11;;;;;10004;10;;;;;9999.0;0.0
35;40200;INTARIAN_PEPPER_ROOT;48031;10;48030;8;;;48047;25;48049;22;;;48039.5;0.0
35;40300;ASH_COATED_OSMIUM;9993;24;;;;;10009;13;;;;;10001.0;0.0
35;40300;INTARIAN_PEPPER_ROOT;48034;8;48031;8;;;48045;12;48047;12;;;48040.0;0.0
35;40400;ASH_COATED_OSMIUM;9986;13;9984;11;;;10002;13;10005;12;;;9994.5;0.0
35;40400;INTARIAN_PEPPER_ROOT;48033;11;;;;;48049;15;;;;;48041.0;0.0
35;40500;ASH_COATED_OSMIUM;9990;15;;;;;10006;12;;;;;9998.0;0.0
35;40500;INTARIAN_PEPPER_ROOT;48032;9;48029;23;;;48048;12;48050;11;;;48040.5;0.0
35;40600;ASH_COATED_OSMIUM;9992;12;9991;10;9989;15;10005;10;10007;13;10009;5;9998.5;0.0
35;40600;INTARIAN_PEPPER_ROOT;48033;12;;;;;48048;10;;;;;48041.0;0.0
35;40700;ASH_COATED_OSMIUM;9991;26;9988;20;;;10007;10;10010;15;;;9999.0;0.0
35;40700;INTARIAN_PEPPER_ROOT;48031;11;;;;;48044;8;;;;;48038.0;0.0
35;40800;ASH_COATED_OSMIUM;9986;30;9985;30;;;10002;10;10003;13;;;9994.0;0.0
35;40800;INTARIAN_PEPPER_ROOT;48034;11;48033;18;48031;9;48045;6;48046;10;48047;11;48040.0;0.0
35;40900;ASH_COATED_OSMIUM;9984;10;9982;15;9979;12;10003;12;10005;12;10008;12;9993.5;0.0
35;40900;INTARIAN_PEPPER_ROOT;48036;20;48033;9;;;48048;10;48050;8;;;48042.0;0.0
35;41000;ASH_COATED_OSMIUM;9988;15;;;;;10004;15;;;;;9996.0;0.0
35;41000;INTARIAN_PEPPER_ROOT;48036;25;;;;;48048;11;;;;;48042.0;0.0
35;41100;ASH_COATED_OSMIUM;9988;11;9986;14;;;10004;9;10005;12;;;9996.5;0.0
35;41100;INTARIAN_PEPPER_ROOT;48032;12;;;;;48049;12;;;;;48040.5;0.0
35;41200;ASH_COATED_OSMIUM;9990;15;;;;;10009;12;;;;;10000.0;0.0
35;41200;INTARIAN_PEPPER_ROOT;48035;17;48032;16;48030;16;48047;10;48048;16;48051;9;48041.5;0.0
35;41300;ASH_COATED_OSMIUM;9998;15;;;;;10007;13;;;;;10002.5;0.0
35;41300;INTARIAN_PEPPER_ROOT;48032;10;;;;;48045;10;;;;;48039.0;0.0
35;41400;ASH_COATED_OSMIUM;9994;12;9991;13;9989;13;10010;13;10013;10;10014;9;10002.0;0.0
35;41400;INTARIAN_PEPPER_ROOT;48033;11;48030;8;48029;20;48045;8;48048;8;48049;23;48039.0;0.0
35;41500;ASH_COATED_OSMIUM;9994;2;9991;13;;;10010;14;10013;12;;;10002.0;0.0
35;41500;INTARIAN_PEPPER_ROOT;48035;17;48034;12;;;48046;10;48049;11;;;48041.0;0.0
35;41600;ASH_COATED_OSMIUM;9996;13;9994;27;9991;11;10012;14;10014;15;10017;15;10004.0;0.0
35;41600;INTARIAN_PEPPER_ROOT;48035;12;;;;;48046;18;;;;;48041.0;0.0
35;41700;ASH_COATED_OSMIUM;9998;13;9997;14;9996;12;10014;10;10016;14;10017;10;10006.5;0.0
35;41700;INTARIAN_PEPPER_ROOT;48032;8;48030;12;48027;12;48047;10;48049;11;48051;8;48039.5;0.0
35;41800;ASH_COATED_OSMIUM;10005;30;10003;15;;;10015;12;10018;13;;;10010.0;0.0
35;41800;INTARIAN_PEPPER_ROOT;48037;10;48035;12;48032;8;48052;11;48055;8;48056;9;48044.5;0.0
35;41900;ASH_COATED_OSMIUM;10001;15;;;;;10017;11;;;;;10009.0;0.0
35;41900;INTARIAN_PEPPER_ROOT;48031;24;;;;;48044;11;;;;;48038.0;0.0
35;42000;ASH_COATED_OSMIUM;9994;30;9992;26;9989;29;10013;13;10015;15;10016;7;10004.0;0.0
35;42000;INTARIAN_PEPPER_ROOT;48032;10;48029;9;48026;12;48049;11;48050;10;48053;10;48041.0;0.0
35;42100;ASH_COATED_OSMIUM;9994;10;9991;13;;;10010;13;10011;30;;;10002.5;0.0
35;42100;INTARIAN_PEPPER_ROOT;48035;19;48032;8;;;48046;3;48049;12;;;48040.5;0.0
35;42200;ASH_COATED_OSMIUM;9995;15;;;;;10011;15;;;;;10003.5;0.0
35;42200;INTARIAN_PEPPER_ROOT;48032;12;48031;10;48028;8;48045;15;48046;12;48047;19;48039.0;0.0
35;42300;ASH_COATED_OSMIUM;10002;11;;;;;10014;23;;;;;10008.5;0.0
35;42300;INTARIAN_PEPPER_ROOT;48035;10;;;;;48049;12;;;;;48042.0;0.0
35;42400;ASH_COATED_OSMIUM;10001;15;9998;4;;;10020;12;10023;10;;;10010.5;0.0
35;42400;INTARIAN_PEPPER_ROOT;48031;9;;;;;48046;20;;;;;48039.0;0.0
35;42500;ASH_COATED_OSMIUM;9999;27;;;;;10009;30;;;;;10004.5;0.0
35;42500;INTARIAN_PEPPER_ROOT;48037;11;;;;;48050;20;;;;;48043.5;0.0
35;42600;ASH_COATED_OSMIUM;9996;12;9994;15;;;10006;14;10007;25;;;10001.5;0.0
35;42600;INTARIAN_PEPPER_ROOT;48036;10;48035;10;;;48049;11;48052;11;;;48042.5;0.0
35;42700;ASH_COATED_OSMIUM;9993;14;;;;;10009;15;;;;;10001.5;0.0
35;42700;INTARIAN_PEPPER_ROOT;48032;11;48031;11;48028;11;48047;12;48050;20;48053;8;48039.5;0.0
35;42800;ASH_COATED_OSMIUM;9996;6;9994;11;;;10014;14;10016;10;;;10005.5;0.0
35;42800;INTARIAN_PEPPER_ROOT;48036;9;48035;8;;;48052;3;48054;9;;;48044.0;0.0
35;42900;ASH_COATED_OSMIUM;9992;10;9991;14;;;10010;10;10012;12;;;10001.0;0.0
35;42900;INTARIAN_PEPPER_ROOT;48041;12;48038;8;48037;10;48053;12;48054;12;48055;8;48047.5;0.0
35;43000;ASH_COATED_OSMIUM;9997;26;9994;23;;;10013;10;10014;14;;;10005.5;0.0
35;43000;INTARIAN_PEPPER_ROOT;48034;16;48031;11;48030;11;48046;9;48049;8;48052;9;48040.0;0.0
35;43100;ASH_COATED_OSMIUM;9998;23;9996;26;;;10014;13;10017;12;;;10006.0;0.0
35;43100;INTARIAN_PEPPER_ROOT;48038;8;48036;9;;;48050;11;48053;9;;;48044.0;0.0
35;43200;ASH_COATED_OSMIUM;9992;14;9991;11;;;10011;12;10012;9;;;10001.5;0.0
35;43200;INTARIAN_PEPPER_ROOT;48037;9;48034;11;;;48051;8;48053;8;;;48044.5;0.0
35;43300;ASH_COATED_OSMIUM;9994;14;;;;;10006;13;;;;;10000.0;0.0
35;43300;INTARIAN_PEPPER_ROOT;48035;10;48033;11;48032;23;48051;9;48054;12;48055;9;48043.5;0.0
35;43400;ASH_COATED_OSMIUM;9991;12;9988;13;;;10001;15;10003;11;;;9996.5;0.0
35;43400;INTARIAN_PEPPER_ROOT;48040;11;;;;;48053;8;;;;;48046.5;0.0
35;43500;ASH_COATED_OSMIUM;9983;15;9982;11;9979;24;10001;14;10002;13;10003;11;9992.0;0.0
35;43500;INTARIAN_PEPPER_ROOT;48035;9;48034;8;;;48048;12;48049;19;;;48042.0;0.0
35;43600;ASH_COATED_OSMIUM;9987;11;9985;13;;;10003;11;10006;13;;;9995.0;0.0
35;43600;INTARIAN_PEPPER_ROOT;48036;24;;;;;48047;12;;;;;48042.0;0.0
35;43700;ASH_COATED_OSMIUM;9991;13;9988;13;9986;15;10012;26;10013;14;10016;12;10002.0;0.0
35;43700;INTARIAN_PEPPER_ROOT;48038;12;;;;;48051;9;;;;;48045.0;0.0
35;43800;ASH_COATED_OSMIUM;9992;10;9990;13;;;10008;10;10009;14;;;10000.0;0.0
35;43800;INTARIAN_PEPPER_ROOT;48039;11;;;;;48050;20;;;;;48044.5;0.0
35;43900;ASH_COATED_OSMIUM;9991;14;;;;;10007;11;;;;;9999.5;0.0
35;43900;INTARIAN_PEPPER_ROOT;48037;19;48036;7;;;48050;12;48051;10;;;48044.0;0.0
35;44000;ASH_COATED_OSMIUM;9996;13;9995;15;;;10012;30;10014;15;;;10004.0;0.0
35;44000;INTARIAN_PEPPER_ROOT;48043;25;48040;9;;;48054;9;48056;8;;;48048.5;0.0
35;44100;ASH_COATED_OSMIUM;9999;10;9997;10;;;10015;10;10018;11;;;10007.5;0.0
35;44100;INTARIAN_PEPPER_ROOT;48039;12;;;;;48052;10;;;;;48045.5;0.0
35;44200;ASH_COATED_OSMIUM;9991;15;9989;20;9988;12;10010;23;10013;20;10015;10;10000.5;0.0
35;44200;INTARIAN_PEPPER_ROOT;48035;20;;;;;48051;11;;;;;48043.0;0.0
35;44300;ASH_COATED_OSMIUM;9995;12;;;;;10011;24;;;;;10003.0;0.0
35;44300;INTARIAN_PEPPER_ROOT;48037;9;;;;;48049;8;;;;;48043.5;0.0
35;44400;ASH_COATED_OSMIUM;9991;14;;;;;10007;22;;;;;9999.5;0.0
35;44400;INTARIAN_PEPPER_ROOT;48045;8;48044;12;;;48047;8;48048;9;;;48046.5;0.0
35;44500;ASH_COATED_OSMIUM;9996;11;9994;13;9991;14;10012;14;10014;12;10015;14;10004.5;0.0
35;44500;INTARIAN_PEPPER_ROOT;48038;6;;;;;48051;9;;;;;48044.5;0.0
35;44600;ASH_COATED_OSMIUM;9997;10;;;;;10013;10;;;;;10005.5;0.0
35;44600;INTARIAN_PEPPER_ROOT;48033;8;;;;;48049;12;;;;;48041.5;0.0
35;44700;ASH_COATED_OSMIUM;9995;10;;;;;10011;14;;;;;10003.5;0.0
35;44700;INTARIAN_PEPPER_ROOT;48039;25;48036;12;;;48052;10;48053;11;;;48046.0;0.0
35;44800;ASH_COATED_OSMIUM;9990;12;9988;11;;;10006;10;10008;11;;;9998.5;0.0
35;44800;INTARIAN_PEPPER_ROOT;48039;9;48037;11;48035;9;48049;12;48052;9;48054;10;48044.0;0.0
35;44900;ASH_COATED_OSMIUM;9995;15;;;;;10006;14;;;;;10000.5;0.0
35;44900;INTARIAN_PEPPER_ROOT;48034;8;48031;11;48029;9;48047;11;48048;8;48049;8;48040.5;0.0
35;45000;ASH_COATED_OSMIUM;9997;13;9996;10;9994;13;10013;15;10016;12;10018;15;10005.0;0.0
35;45000;INTARIAN_PEPPER_ROOT;48041;16;48040;8;48037;12;48052;11;48054;12;48056;8;48047.0;0.0
35;45100;ASH_COATED_OSMIUM;9991;11;;;;;10009;15;;;;;10000.5;0.0
35;45100;INTARIAN_PEPPER_ROOT;48041;10;48039;8;48036;8;48052;9;48055;10;48056;11;48047.0;0.0
35;45200;ASH_COATED_OSMIUM;9988;15;;;;;10004;4;;;;;9996.0;0.0
35;45200;INTARIAN_PEPPER_ROOT;48039;8;;;;;48051;12;;;;;48045.5;0.0
35;45300;ASH_COATED_OSMIUM;9994;15;9991;13;;;10001;12;10002;10;;;9997.5;0.0
35;45300;INTARIAN_PEPPER_ROOT;48041;11;48039;25;;;48052;17;48053;12;;;48046.5;0.0
35;45400;ASH_COATED_OSMIUM;9991;15;9990;20;;;10007;15;10010;28;;;9999.5;0.0
35;45400;INTARIAN_PEPPER_ROOT;48036;8;;;;;48050;8;;;;;48043.5;0.0
35;45500;ASH_COATED_OSMIUM;9991;10;9988;24;9985;13;10009;3;10011;10;10014;10;10000.5;0.0
35;45500;INTARIAN_PEPPER_ROOT;48037;12;;;;;48050;18;;;;;48044.0;0.0
35;45600;ASH_COATED_OSMIUM;9987;12;;;;;10006;7;;;;;9997.0;0.0
35;45600;INTARIAN_PEPPER_ROOT;48040;9;48037;11;48035;9;48051;23;48052;11;48055;11;48045.5;0.0
35;45700;ASH_COATED_OSMIUM;9990;11;;;;;10000;11;;;;;9995.0;0.0
35;45700;INTARIAN_PEPPER_ROOT;48039;12;48037;9;;;48047;11;48048;8;;;48043.5;0.0
35;45800;ASH_COATED_OSMIUM;9988;15;;;;;10004;12;;;;;9996.0;0.0
35;45800;INTARIAN_PEPPER_ROOT;48040;4;48038;22;;;48054;11;48055;8;;;48047.5;0.0
35;45900;ASH_COATED_OSMIUM;9990;10;9989;3;;;10006;12;10009;12;;;9998.5;0.0
35;45900;INTARIAN_PEPPER_ROOT;48037;10;48034;12;48032;11;48050;7;48053;9;48054;9;48044.0;0.0
35;46000;ASH_COATED_OSMIUM;9990;14;9987;14;9984;15;10011;10;10014;22;10017;13;10000.5;0.0
35;46000;INTARIAN_PEPPER_ROOT;48039;12;48036;23;;;48053;10;48055;8;;;48046.0;0.0
35;46100;ASH_COATED_OSMIUM;9990;15;9988;28;;;10006;11;10008;10;;;9998.0;0.0
35;46100;INTARIAN_PEPPER_ROOT;48038;12;;;;;48050;10;;;;;48044.0;0.0
35;46200;ASH_COATED_OSMIUM;9992;20;9990;13;;;10011;15;10013;13;;;10001.5;0.0
35;46200;INTARIAN_PEPPER_ROOT;48037;12;;;;;48050;9;;;;;48043.5;0.0
35;46300;ASH_COATED_OSMIUM;10001;30;9998;10;9996;15;10007;23;10009;10;10010;26;10004.0;0.0
35;46300;INTARIAN_PEPPER_ROOT;48039;10;48037;12;48034;8;48051;18;48054;18;48056;15;48045.0;0.0
35;46400;ASH_COATED_OSMIUM;9995;15;9992;13;9989;13;10014;28;10017;10;10020;13;10005.0;0.0
35;46400;INTARIAN_PEPPER_ROOT;48039;11;48037;15;;;48054;12;48056;8;;;48046.5;0.0
35;46500;ASH_COATED_OSMIUM;9995;15;;;;;10000;20;;;;;9997.5;0.0
35;46500;INTARIAN_PEPPER_ROOT;48041;10;48038;10;48037;8;48053;11;48056;12;48059;3;48047.5;0.0
35;46600;ASH_COATED_OSMIUM;9986;15;9983;11;;;10004;14;10005;13;;;9995.5;0.0
35;46600;INTARIAN_PEPPER_ROOT;48050;9;48047;20;48046;8;48052;11;48053;8;48056;10;48051.5;0.0
35;46700;ASH_COATED_OSMIUM;9983;13;9980;14;9979;11;10001;10;10002;15;10003;29;9992.5;0.0
35;46700;INTARIAN_PEPPER_ROOT;48037;10;;;;;48049;12;;;;;48043.5;0.0
35;46800;ASH_COATED_OSMIUM;9991;15;9989;21;;;10007;14;10008;11;;;9999.5;0.0
35;46800;INTARIAN_PEPPER_ROOT;48039;10;48036;9;;;48053;15;48054;8;;;48046.5;0.0
35;46900;ASH_COATED_OSMIUM;9989;23;9986;10;9985;11;10005;15;10008;10;10009;13;9997.0;0.0
35;46900;INTARIAN_PEPPER_ROOT;48040;9;48038;11;;;48052;9;48055;11;;;48046.0;0.0
35;47000;ASH_COATED_OSMIUM;9990;15;;;;;10006;12;;;;;9998.5;0.0
35;47000;INTARIAN_PEPPER_ROOT;48040;22;;;;;48051;9;;;;;48046.0;0.0
35;47100;ASH_COATED_OSMIUM;9990;14;9988;13;9987;20;10011;13;10014;10;10016;14;10001.0;0.0
35;47100;INTARIAN_PEPPER_ROOT;48037;10;48036;12;48034;10;48055;11;48056;8;48058;22;48046.5;0.0
35;47200;ASH_COATED_OSMIUM;9998;14;9997;26;9995;12;10014;11;10016;11;10019;25;10006.5;0.0
35;47200;INTARIAN_PEPPER_ROOT;48045;25;48042;9;;;48057;12;48060;10;;;48051.5;0.0
35;47300;ASH_COATED_OSMIUM;9990;30;;;;;10009;13;;;;;10000.0;0.0
35;47300;INTARIAN_PEPPER_ROOT;48043;8;48040;10;48039;10;48057;12;48059;25;48060;11;48050.5;0.0
35;47400;ASH_COATED_OSMIUM;9998;10;9996;15;;;10017;10;10018;13;;;10007.5;0.0
35;47400;INTARIAN_PEPPER_ROOT;48040;9;;;;;48056;12;;;;;48048.0;0.0
35;47500;ASH_COATED_OSMIUM;10000;15;;;;;10016;13;;;;;10008.5;0.0
35;47500;INTARIAN_PEPPER_ROOT;48041;11;48040;19;;;48054;6;48057;10;;;48048.0;0.0
35;47600;ASH_COATED_OSMIUM;9998;15;;;;;10017;12;;;;;10007.5;0.0
35;47600;INTARIAN_PEPPER_ROOT;48040;17;48038;4;;;48054;9;48056;21;;;48047.0;0.0
35;47700;ASH_COATED_OSMIUM;9997;10;9994;12;;;10013;24;10016;11;;;10005.5;0.0
35;47700;INTARIAN_PEPPER_ROOT;48042;9;;;;;48053;22;;;;;48047.5;0.0
35;47800;ASH_COATED_OSMIUM;9996;22;9994;13;9991;10;10012;14;10013;14;10016;10;10004.0;0.0
35;47800;INTARIAN_PEPPER_ROOT;48044;12;48043;8;;;48056;9;48057;10;;;48050.0;0.0
35;47900;ASH_COATED_OSMIUM;9987;13;9986;13;;;10003;12;10005;11;;;9995.5;0.0
35;47900;INTARIAN_PEPPER_ROOT;48045;8;48043;8;;;48057;17;48060;12;;;48051.5;0.0
35;48000;ASH_COATED_OSMIUM;9984;14;;;;;10000;15;;;;;9992.5;0.0
35;48000;INTARIAN_PEPPER_ROOT;48034;11;;;;;48052;9;;;;;48043.5;0.0
35;48100;ASH_COATED_OSMIUM;9979;10;9978;21;;;9998;12;9999;20;;;9989.0;0.0
35;48100;INTARIAN_PEPPER_ROOT;48042;10;48041;11;;;48054;11;48057;8;;;48048.0;0.0
35;48200;ASH_COATED_OSMIUM;9985;13;;;;;10001;11;;;;;9993.0;0.0
35;48200;INTARIAN_PEPPER_ROOT;48039;9;;;;;48051;8;;;;;48045.5;0.0
35;48300;ASH_COATED_OSMIUM;9977;11;;;;;9998;14;;;;;9988.0;0.0
35;48300;INTARIAN_PEPPER_ROOT;48038;11;48036;9;48034;10;48055;11;48058;11;48060;9;48046.5;0.0
35;48400;ASH_COATED_OSMIUM;9980;20;;;;;9996;11;;;;;9988.5;0.0
35;48400;INTARIAN_PEPPER_ROOT;48042;12;48041;8;;;48055;22;48057;17;;;48048.5;0.0
35;48500;ASH_COATED_OSMIUM;9978;27;9977;12;;;9994;12;9997;14;;;9986.5;0.0
35;48500;INTARIAN_PEPPER_ROOT;48040;9;48037;15;;;48056;7;48059;12;;;48048.5;0.0
35;48600;ASH_COATED_OSMIUM;9986;13;;;;;10004;6;;;;;9995.5;0.0
35;48600;INTARIAN_PEPPER_ROOT;48045;10;48044;12;48041;9;48056;22;48058;12;48061;10;48050.5;0.0
35;48700;ASH_COATED_OSMIUM;9992;14;9989;23;9988;11;10008;11;10010;27;10012;15;10000.5;0.0
35;48700;INTARIAN_PEPPER_ROOT;48043;11;;;;;48054;12;;;;;48048.5;0.0
35;48800;ASH_COATED_OSMIUM;9986;15;9983;11;;;10002;12;10004;13;;;9994.0;0.0
35;48800;INTARIAN_PEPPER_ROOT;48042;8;48039;21;;;48055;21;48056;11;;;48049.0;0.0
35;48900;ASH_COATED_OSMIUM;9991;14;9988;11;;;10007;14;10009;14;;;9999.0;0.0
35;48900;INTARIAN_PEPPER_ROOT;48041;9;;;;;48054;11;;;;;48047.5;0.0
35;49000;ASH_COATED_OSMIUM;9986;10;9985;10;;;10002;13;10005;12;;;9994.5;0.0
35;49000;INTARIAN_PEPPER_ROOT;48043;18;48040;9;;;48055;9;48056;12;;;48049.5;0.0
35;49100;ASH_COATED_OSMIUM;9991;15;9989;12;9987;13;10007;14;10010;10;10012;26;9999.5;0.0
35;49100;INTARIAN_PEPPER_ROOT;48043;22;48041;11;;;48056;8;48058;12;;;48050.0;0.0
35;49200;ASH_COATED_OSMIUM;9989;13;9988;24;9986;10;10005;26;10007;12;10010;10;9997.0;0.0
35;49200;INTARIAN_PEPPER_ROOT;48045;7;48042;16;;;48058;8;48061;11;;;48051.5;0.0
35;49300;ASH_COATED_OSMIUM;9994;15;9993;11;9991;13;10012;30;10015;11;10018;12;10003.5;0.0
35;49300;INTARIAN_PEPPER_ROOT;48048;15;48045;9;;;48060;9;48061;10;;;48054.0;0.0
35;49400;ASH_COATED_OSMIUM;9988;14;9985;10;9984;15;10004;14;10007;15;10010;24;9996.0;0.0
35;49400;INTARIAN_PEPPER_ROOT;48042;19;;;;;48056;21;;;;;48049.5;0.0
35;49500;ASH_COATED_OSMIUM;9988;14;9987;12;;;10004;10;10007;12;;;9996.5;0.0
35;49500;INTARIAN_PEPPER_ROOT;48040;9;48039;12;;;48052;10;48055;9;;;48046.5;0.0
35;49600;ASH_COATED_OSMIUM;9988;11;;;;;10006;15;;;;;9997.5;0.0
35;49600;INTARIAN_PEPPER_ROOT;48045;21;;;;;48057;11;;;;;48051.0;0.0
35;49700;ASH_COATED_OSMIUM;9989;12;9986;29;;;10005;11;10007;14;;;9997.0;0.0
35;49700;INTARIAN_PEPPER_ROOT;48042;12;48041;11;;;48059;22;48061;11;;;48051.0;0.0
35;49800;ASH_COATED_OSMIUM;9990;14;9989;10;9986;28;9999;12;10001;14;10004;15;9995.0;0.0
35;49800;INTARIAN_PEPPER_ROOT;48041;11;48039;22;;;48055;8;48056;22;;;48048.5;0.0
35;49900;ASH_COATED_OSMIUM;9995;14;;;;;10004;12;;;;;9999.5;0.0
35;49900;INTARIAN_PEPPER_ROOT;48046;6;;;;;48058;8;;;;;48052.0;0.0
35;50000;ASH_COATED_OSMIUM;9988;26;9986;11;;;10004;11;10005;29;;;9996.5;0.0
35;50000;INTARIAN_PEPPER_ROOT;48047;19;;;;;48053;12;;;;;48050.5;0.0
35;50100;ASH_COATED_OSMIUM;9986;12;;;;;9998;30;;;;;9992.5;0.0
35;50100;INTARIAN_PEPPER_ROOT;48043;11;48041;9;;;48057;11;48060;8;;;48050.0;0.0
35;50200;ASH_COATED_OSMIUM;9987;22;9985;14;;;10000;24;10001;11;;;9994.0;0.0
35;50200;INTARIAN_PEPPER_ROOT;48045;8;;;;;48057;12;;;;;48051.0;0.0
35;50300;ASH_COATED_OSMIUM;9989;14;;;;;10007;12;;;;;9998.5;0.0
35;50300;INTARIAN_PEPPER_ROOT;48041;12;48040;11;;;48055;12;48057;23;;;48048.5;0.0
35;50400;ASH_COATED_OSMIUM;9994;11;9992;11;9990;14;10010;12;10013;11;10014;13;10002.5;0.0
35;50400;INTARIAN_PEPPER_ROOT;48043;10;;;;;48057;12;;;;;48050.5;0.0
35;50500;ASH_COATED_OSMIUM;10000;14;9998;11;;;10016;15;10017;10;;;10008.5;0.0
35;50500;INTARIAN_PEPPER_ROOT;48046;8;;;;;48057;11;;;;;48052.0;0.0
35;50600;ASH_COATED_OSMIUM;10001;15;9999;10;9997;14;10019;12;10020;14;10023;24;10010.0;0.0
35;50600;INTARIAN_PEPPER_ROOT;48040;11;48038;12;48036;10;48057;12;48060;9;48061;18;48048.5;0.0
35;50700;ASH_COATED_OSMIUM;10005;12;10004;12;;;10021;15;10023;15;;;10013.0;0.0
35;50700;INTARIAN_PEPPER_ROOT;48047;12;48044;10;;;48058;9;48059;9;;;48052.5;0.0
35;50800;ASH_COATED_OSMIUM;10002;15;;;;;10018;10;;;;;10010.5;0.0
35;50800;INTARIAN_PEPPER_ROOT;48043;10;48041;12;48038;11;48058;9;48060;15;48061;11;48050.5;0.0
35;50900;ASH_COATED_OSMIUM;9998;15;9996;30;;;10017;15;10020;15;;;10008.0;0.0
35;50900;INTARIAN_PEPPER_ROOT;48045;11;;;;;48056;8;;;;;48050.5;0.0
35;51000;ASH_COATED_OSMIUM;9996;15;9993;15;9992;10;10012;14;10013;13;10015;11;10004.5;0.0
35;51000;INTARIAN_PEPPER_ROOT;48046;12;48044;20;48041;10;48063;9;48064;11;48065;9;48054.5;0.0
35;51100;ASH_COATED_OSMIUM;9989;12;9988;20;9985;30;10008;22;10009;11;10011;5;9998.5;0.0
35;51100;INTARIAN_PEPPER_ROOT;48044;8;48042;10;;;48058;9;48059;10;;;48051.5;0.0
35;51200;ASH_COATED_OSMIUM;9990;11;9989;13;9986;12;10009;12;10011;10;10014;15;10000.0;0.0
35;51200;INTARIAN_PEPPER_ROOT;48045;12;48043;11;;;48056;11;48058;9;;;48050.5;0.0
35;51300;ASH_COATED_OSMIUM;9995;15;9994;13;;;10011;12;10014;13;;;10003.5;0.0
35;51300;INTARIAN_PEPPER_ROOT;48049;10;;;;;48062;11;;;;;48055.5;0.0
35;51400;ASH_COATED_OSMIUM;9997;10;9994;29;;;10013;15;10015;10;;;10005.5;0.0
35;51400;INTARIAN_PEPPER_ROOT;48045;12;48042;8;48039;20;48059;8;48060;11;48061;8;48052.5;0.0
35;51500;ASH_COATED_OSMIUM;9990;13;9988;12;;;10006;12;10008;10;;;9998.0;0.0
35;51500;INTARIAN_PEPPER_ROOT;48045;18;;;;;48060;9;;;;;48053.0;0.0
35;51600;ASH_COATED_OSMIUM;9993;15;9990;11;9989;13;10002;11;10003;2;10005;15;9997.5;0.0
35;51600;INTARIAN_PEPPER_ROOT;48043;9;48040;8;48039;20;48056;9;48058;8;48061;12;48050.0;0.0
35;51700;ASH_COATED_OSMIUM;9991;25;;;;;10007;14;;;;;9999.0;0.0
35;51700;INTARIAN_PEPPER_ROOT;48050;11;;;;;48054;9;;;;;48052.5;0.0
35;51800;ASH_COATED_OSMIUM;9997;12;9996;14;;;10013;14;10016;11;;;10005.0;0.0
35;51800;INTARIAN_PEPPER_ROOT;48049;10;;;;;48063;9;;;;;48056.0;0.0
35;51900;ASH_COATED_OSMIUM;9991;15;;;;;10010;14;;;;;10001.0;0.0
35;51900;INTARIAN_PEPPER_ROOT;48043;15;;;;;48058;10;;;;;48050.5;0.0
35;52000;ASH_COATED_OSMIUM;9994;11;9991;15;;;10010;14;10012;20;;;10002.5;0.0
35;52000;INTARIAN_PEPPER_ROOT;48047;10;;;;;48058;11;;;;;48052.5;0.0
35;52100;ASH_COATED_OSMIUM;9992;12;9990;14;;;10008;12;10009;12;;;10000.5;0.0
35;52100;INTARIAN_PEPPER_ROOT;48043;9;;;;;48058;23;;;;;48051.0;0.0
35;52200;ASH_COATED_OSMIUM;9994;26;;;;;10010;14;;;;;10002.0;0.0
35;52200;INTARIAN_PEPPER_ROOT;48046;8;;;;;48057;10;;;;;48051.5;0.0
35;52300;ASH_COATED_OSMIUM;9988;23;;;;;10004;15;;;;;9996.5;0.0
35;52300;INTARIAN_PEPPER_ROOT;48048;11;48045;12;;;48060;8;48061;12;;;48054.5;0.0
35;52400;ASH_COATED_OSMIUM;9984;3;;;;;10000;12;;;;;9992.0;0.0
35;52400;INTARIAN_PEPPER_ROOT;48046;20;;;;;48061;15;;;;;48053.5;0.0
35;52500;ASH_COATED_OSMIUM;9988;11;9987;10;;;10004;15;10005;15;;;9996.5;0.0
35;52500;INTARIAN_PEPPER_ROOT;48046;10;48045;8;48044;8;48063;12;48065;12;48066;12;48054.5;0.0
35;52600;ASH_COATED_OSMIUM;9991;14;9990;13;;;10007;21;10009;15;;;9999.5;0.0
35;52600;INTARIAN_PEPPER_ROOT;48044;9;48041;9;48039;10;48058;17;48059;11;48060;12;48051.0;0.0
35;52700;ASH_COATED_OSMIUM;9993;10;9990;24;;;10011;13;10014;11;;;10002.0;0.0
35;52700;INTARIAN_PEPPER_ROOT;48048;11;;;;;48059;9;;;;;48054.0;0.0
35;52800;ASH_COATED_OSMIUM;9992;15;9991;13;;;10013;5;10015;25;;;10003.0;0.0
35;52800;INTARIAN_PEPPER_ROOT;48045;10;48042;9;;;48053;12;48056;17;;;48049.5;0.0
35;52900;ASH_COATED_OSMIUM;9997;12;9996;14;;;10016;14;10018;10;;;10007.0;0.0
35;52900;INTARIAN_PEPPER_ROOT;48045;11;48043;12;;;48061;12;48062;12;;;48053.0;0.0
35;53000;ASH_COATED_OSMIUM;9996;10;9993;12;;;10012;21;10015;14;;;10004.5;0.0
35;53000;INTARIAN_PEPPER_ROOT;48043;11;48042;11;48041;8;48056;11;48057;11;48058;10;48050.0;0.0
35;53100;ASH_COATED_OSMIUM;9999;15;9997;14;;;10015;12;10016;12;;;10007.0;0.0
35;53100;INTARIAN_PEPPER_ROOT;48047;10;;;;;48060;12;;;;;48053.5;0.0
35;53200;ASH_COATED_OSMIUM;9991;15;9989;9;9987;29;10007;12;10008;12;10010;14;9999.0;0.0
35;53200;INTARIAN_PEPPER_ROOT;48049;18;;;;;48063;9;;;;;48056.5;0.0
35;53300;ASH_COATED_OSMIUM;9994;28;9992;14;;;10010;14;10011;11;;;10002.5;0.0
35;53300;INTARIAN_PEPPER_ROOT;48041;11;;;;;48055;10;;;;;48048.5;0.0
35;53400;ASH_COATED_OSMIUM;10005;10;10003;12;;;10021;10;10022;14;;;10013.5;0.0
35;53400;INTARIAN_PEPPER_ROOT;48046;19;48044;11;48043;12;48061;12;48064;8;48066;11;48053.5;0.0
35;53500;ASH_COATED_OSMIUM;10008;12;;;;;10024;11;;;;;10016.5;0.0
35;53500;INTARIAN_PEPPER_ROOT;48047;9;;;;;48059;12;;;;;48053.0;0.0
35;53600;ASH_COATED_OSMIUM;10002;14;9999;15;;;10023;11;10026;3;;;10012.5;0.0
35;53600;INTARIAN_PEPPER_ROOT;48048;9;48047;8;48046;8;48063;21;48066;23;48069;15;48055.5;0.0
35;53700;ASH_COATED_OSMIUM;9998;11;9997;2;9994;22;10017;30;10020;14;10021;27;10008.0;0.0
35;53700;INTARIAN_PEPPER_ROOT;48047;12;48044;9;;;48051;9;48052;8;;;48049.5;0.0
35;53800;ASH_COATED_OSMIUM;9991;10;;;;;10009;5;;;;;10000.5;0.0
35;53800;INTARIAN_PEPPER_ROOT;48046;5;;;;;48060;25;;;;;48053.0;0.0
35;53900;ASH_COATED_OSMIUM;9996;10;;;;;10014;21;;;;;10005.5;0.0
35;53900;INTARIAN_PEPPER_ROOT;48048;9;48046;8;;;48059;10;48061;11;;;48054.0;0.0
35;54000;ASH_COATED_OSMIUM;9994;15;9993;10;9992;11;10010;15;10013;11;10014;10;10002.0;0.0
35;54000;INTARIAN_PEPPER_ROOT;48047;12;48044;10;48042;8;48058;8;48061;5;48064;8;48053.0;0.0
35;54100;ASH_COATED_OSMIUM;9992;13;9991;13;9990;24;10008;10;10010;13;10011;11;10000.5;0.0
35;54100;INTARIAN_PEPPER_ROOT;48046;11;48043;11;48042;9;48060;12;48062;12;48065;10;48053.0;0.0
35;54200;ASH_COATED_OSMIUM;9996;10;;;;;10012;15;;;;;10004.0;0.0
35;54200;INTARIAN_PEPPER_ROOT;48047;8;48044;8;;;48061;12;48064;11;;;48054.0;0.0
35;54300;ASH_COATED_OSMIUM;9991;10;9989;5;;;10007;11;10010;14;;;9999.0;0.0
35;54300;INTARIAN_PEPPER_ROOT;48043;23;48042;12;;;48059;8;48061;12;;;48051.0;0.0
35;54400;ASH_COATED_OSMIUM;9987;10;9984;15;;;10003;14;10006;11;;;9995.5;0.0
35;54400;INTARIAN_PEPPER_ROOT;48047;8;48045;9;48044;16;48060;25;48063;11;48065;12;48054.0;0.0
35;54500;ASH_COATED_OSMIUM;9993;27;;;;;10009;14;;;;;10001.0;0.0
35;54500;INTARIAN_PEPPER_ROOT;48049;12;48046;11;48045;12;48062;10;48063;22;48066;10;48056.0;0.0
35;54600;ASH_COATED_OSMIUM;9989;13;9987;11;9986;10;10005;13;10008;12;10011;10;9997.5;0.0
35;54600;INTARIAN_PEPPER_ROOT;48050;10;;;;;48062;10;;;;;48056.0;0.0
35;54700;ASH_COATED_OSMIUM;9982;30;;;;;9998;12;;;;;9990.0;0.0
35;54700;INTARIAN_PEPPER_ROOT;48050;16;48048;11;;;48063;11;48065;8;;;48056.5;0.0
35;54800;ASH_COATED_OSMIUM;9984;14;9981;21;;;10003;30;10004;25;;;9993.5;0.0
35;54800;INTARIAN_PEPPER_ROOT;48053;10;48050;10;48049;9;48066;10;48069;11;48070;11;48059.5;0.0
35;54900;ASH_COATED_OSMIUM;9981;12;9980;27;;;9997;10;10000;13;;;9989.5;0.0
35;54900;INTARIAN_PEPPER_ROOT;48047;11;48044;12;48041;8;48059;17;48060;8;48063;11;48053.5;0.0
35;55000;ASH_COATED_OSMIUM;9989;14;;;;;10008;11;;;;;9998.5;0.0
35;55000;INTARIAN_PEPPER_ROOT;48048;10;;;;;48060;24;;;;;48054.0;0.0
35;55100;ASH_COATED_OSMIUM;9986;25;9983;11;9981;12;10004;15;10007;20;10008;29;9995.5;0.0
35;55100;INTARIAN_PEPPER_ROOT;48047;10;48045;11;48042;12;48060;9;48062;8;48063;10;48053.5;0.0
35;55200;ASH_COATED_OSMIUM;9988;11;9986;2;;;10007;13;10009;11;;;9997.5;0.0
35;55200;INTARIAN_PEPPER_ROOT;48046;12;48044;11;48042;24;48061;12;48063;12;48065;8;48054.0;0.0
35;55300;ASH_COATED_OSMIUM;9989;26;9986;9;;;10002;2;10003;10;;;9995.5;0.0
35;55300;INTARIAN_PEPPER_ROOT;48049;23;48047;10;48046;8;48064;24;48065;24;48066;9;48057.0;0.0
35;55400;ASH_COATED_OSMIUM;9988;30;9985;10;;;10004;10;10006;13;;;9996.5;0.0
35;55400;INTARIAN_PEPPER_ROOT;48052;11;48051;15;;;48064;12;48067;11;;;48058.5;0.0
35;55500;ASH_COATED_OSMIUM;9990;13;9989;5;9988;13;10006;30;10007;13;10009;12;9998.0;0.0
35;55500;INTARIAN_PEPPER_ROOT;48052;12;48049;8;;;48064;12;48067;9;;;48058.5;0.0
35;55600;ASH_COATED_OSMIUM;9989;13;9987;10;9985;30;10005;14;10007;2;10010;12;9997.0;0.0
35;55600;INTARIAN_PEPPER_ROOT;48049;11;48048;11;48045;9;48062;9;48065;9;48066;8;48055.5;0.0
35;55700;ASH_COATED_OSMIUM;9988;12;9987;10;;;10004;11;10007;11;;;9996.5;0.0
35;55700;INTARIAN_PEPPER_ROOT;48048;11;48046;9;48044;11;48059;9;48061;10;48063;10;48054.0;0.0
35;55800;ASH_COATED_OSMIUM;9988;10;9987;15;;;10006;13;10009;11;;;9997.5;0.0
35;55800;INTARIAN_PEPPER_ROOT;48050;9;48047;12;;;48063;8;48064;8;;;48056.5;0.0
35;55900;ASH_COATED_OSMIUM;9983;27;;;;;9999;14;;;;;9991.5;0.0
35;55900;INTARIAN_PEPPER_ROOT;48049;10;48048;9;;;48066;8;48069;16;;;48057.5;0.0
35;56000;ASH_COATED_OSMIUM;9987;30;;;;;10003;11;;;;;9995.0;0.0
35;56000;INTARIAN_PEPPER_ROOT;48053;11;48050;10;48047;9;48067;11;48070;9;48071;9;48060.0;0.0
35;56100;ASH_COATED_OSMIUM;9985;11;9984;15;;;10006;15;10009;15;;;9995.5;0.0
35;56100;INTARIAN_PEPPER_ROOT;48050;18;48047;10;;;48062;9;48065;12;;;48056.0;0.0
35;56200;ASH_COATED_OSMIUM;9985;25;9983;14;9981;14;10001;13;10002;25;10003;12;9993.5;0.0
35;56200;INTARIAN_PEPPER_ROOT;48053;10;48050;8;;;48064;10;48065;8;;;48058.5;0.0
35;56300;ASH_COATED_OSMIUM;9986;29;9984;20;;;10002;5;10004;27;;;9994.5;0.0
35;56300;INTARIAN_PEPPER_ROOT;48049;9;;;;;48062;12;;;;;48056.0;0.0
35;56400;ASH_COATED_OSMIUM;9990;14;9987;13;;;10006;10;10008;15;;;9998.5;0.0
35;56400;INTARIAN_PEPPER_ROOT;48048;8;48047;10;48044;8;48060;8;48062;9;48063;10;48054.5;0.0
35;56500;ASH_COATED_OSMIUM;9989;13;9987;11;;;10008;27;10009;26;;;9998.5;0.0
35;56500;INTARIAN_PEPPER_ROOT;48055;10;48052;9;;;48067;12;48068;8;;;48061.5;0.0
35;56600;ASH_COATED_OSMIUM;9999;24;9996;15;;;10009;11;10010;15;;;10004.0;0.0
35;56600;INTARIAN_PEPPER_ROOT;48050;11;;;;;48064;12;;;;;48057.5;0.0
35;56700;ASH_COATED_OSMIUM;9997;29;9996;3;;;10013;29;10015;15;;;10005.0;0.0
35;56700;INTARIAN_PEPPER_ROOT;48050;10;;;;;48064;8;;;;;48057.5;0.0
35;56800;ASH_COATED_OSMIUM;9996;10;9994;11;9991;15;10012;10;10013;20;10014;9;10004.0;0.0
35;56800;INTARIAN_PEPPER_ROOT;48052;11;48050;10;;;48064;9;48065;11;;;48058.0;0.0
35;56900;ASH_COATED_OSMIUM;9998;23;9996;20;;;10016;11;10019;12;;;10007.5;0.0
35;56900;INTARIAN_PEPPER_ROOT;48055;12;48054;9;48051;12;48066;12;48067;8;48068;20;48060.5;0.0
35;57000;ASH_COATED_OSMIUM;10001;13;10000;12;;;10017;21;10019;13;;;10009.0;0.0
35;57000;INTARIAN_PEPPER_ROOT;48052;18;48051;10;;;48063;8;48066;10;;;48057.5;0.0
35;57100;ASH_COATED_OSMIUM;10002;10;10000;27;;;10018;11;10019;10;;;10010.5;0.0
35;57100;INTARIAN_PEPPER_ROOT;48051;11;48050;11;48047;11;48064;21;48065;8;48067;10;48057.5;0.0
35;57200;ASH_COATED_OSMIUM;10001;11;10000;10;9997;10;10011;14;10014;10;10016;30;10006.5;0.0
35;57200;INTARIAN_PEPPER_ROOT;48054;24;;;;;48067;20;;;;;48060.5;0.0
35;57300;ASH_COATED_OSMIUM;9999;14;9997;5;9996;24;10015;27;10018;15;10021;10;10007.0;0.0
35;57300;INTARIAN_PEPPER_ROOT;48054;10;;;;;48070;10;;;;;48062.0;0.0
35;57400;ASH_COATED_OSMIUM;9994;13;9993;14;9992;12;10010;13;10012;20;10013;12;10002.0;0.0
35;57400;INTARIAN_PEPPER_ROOT;48052;9;48049;10;;;48064;9;48067;11;;;48058.5;0.0
35;57500;ASH_COATED_OSMIUM;9987;7;9985;10;;;10003;14;10005;29;;;9995.5;0.0
35;57500;INTARIAN_PEPPER_ROOT;48051;7;48048;12;48045;24;48064;11;48065;10;48066;10;48057.5;0.0
35;57600;ASH_COATED_OSMIUM;9987;12;9984;28;;;10003;13;10004;22;;;9995.5;0.0
35;57600;INTARIAN_PEPPER_ROOT;48051;8;48050;12;;;48068;12;48070;8;;;48059.5;0.0
35;57700;ASH_COATED_OSMIUM;9991;10;9988;12;9986;10;10007;21;10008;10;10009;21;9999.0;0.0
35;57700;INTARIAN_PEPPER_ROOT;48051;9;48048;12;;;48063;12;48065;8;;;48057.5;0.0
35;57800;ASH_COATED_OSMIUM;9984;15;9981;11;;;10000;10;10001;12;;;9992.5;0.0
35;57800;INTARIAN_PEPPER_ROOT;48053;19;;;;;48064;10;;;;;48059.0;0.0
35;57900;ASH_COATED_OSMIUM;9992;10;9989;11;9988;14;9999;24;10002;12;10004;13;9995.5;0.0
35;57900;INTARIAN_PEPPER_ROOT;48050;23;;;;;48062;12;;;;;48056.5;0.0
35;58000;ASH_COATED_OSMIUM;9985;13;9983;12;;;10001;12;10003;15;;;9993.0;0.0
35;58000;INTARIAN_PEPPER_ROOT;48050;10;48047;12;;;48062;12;48064;16;;;48056.0;0.0
35;58100;ASH_COATED_OSMIUM;9989;25;9987;13;9984;12;10005;11;10006;14;10008;14;9997.5;0.0
35;58100;INTARIAN_PEPPER_ROOT;48051;12;48050;9;;;48070;12;48072;8;;;48060.5;0.0
35;58200;ASH_COATED_OSMIUM;9986;12;9984;28;;;10002;5;10003;29;;;9994.5;0.0
35;58200;INTARIAN_PEPPER_ROOT;48054;9;48051;8;48049;11;48068;12;48071;23;48072;25;48061.5;0.0
35;58300;ASH_COATED_OSMIUM;9987;14;9986;3;;;10006;13;10009;21;;;9997.0;0.0
35;58300;INTARIAN_PEPPER_ROOT;48049;11;48046;10;;;48063;10;48064;10;;;48056.5;0.0
35;58400;ASH_COATED_OSMIUM;9992;26;;;;;10007;13;;;;;9999.5;0.0
35;58400;INTARIAN_PEPPER_ROOT;48051;9;48049;10;;;48066;10;48068;24;;;48059.0;0.0
35;58500;ASH_COATED_OSMIUM;9992;12;9989;11;;;10008;13;10010;11;;;10000.0;0.0
35;58500;INTARIAN_PEPPER_ROOT;48052;11;48049;10;;;48066;10;48069;9;;;48059.0;0.0
35;58600;ASH_COATED_OSMIUM;9992;14;;;;;10008;13;;;;;10000.0;0.0
35;58600;INTARIAN_PEPPER_ROOT;48052;12;48049;10;48046;11;48064;10;48067;8;48068;7;48058.0;0.0
35;58700;ASH_COATED_OSMIUM;9998;24;;;;;10014;14;;;;;10006.5;0.0
35;58700;INTARIAN_PEPPER_ROOT;48052;10;;;;;48067;8;;;;;48060.0;0.0
35;58800;ASH_COATED_OSMIUM;10002;13;;;;;10013;24;;;;;10007.5;0.0
35;58800;INTARIAN_PEPPER_ROOT;48047;8;48045;11;;;48064;11;48066;10;;;48056.0;0.0
35;58900;ASH_COATED_OSMIUM;9997;11;;;;;10013;29;;;;;10005.0;0.0
35;58900;INTARIAN_PEPPER_ROOT;48053;12;48052;8;;;48068;11;48069;9;;;48060.5;0.0
35;59000;ASH_COATED_OSMIUM;9988;10;;;;;10007;14;;;;;9998.0;0.0
35;59000;INTARIAN_PEPPER_ROOT;48049;18;48048;12;48045;21;48065;10;48066;8;48067;22;48057.5;0.0
35;59100;ASH_COATED_OSMIUM;9995;15;9992;14;;;10005;10;10007;13;;;10000.5;0.0
35;59100;INTARIAN_PEPPER_ROOT;48054;17;48051;12;48049;11;48066;4;48067;10;48068;8;48060.0;0.0
35;59200;ASH_COATED_OSMIUM;9992;10;9989;13;;;10008;13;10010;24;;;10000.5;0.0
35;59200;INTARIAN_PEPPER_ROOT;48053;12;48052;25;;;48066;11;48068;12;;;48059.5;0.0
35;59300;ASH_COATED_OSMIUM;9990;15;9988;25;9985;15;10009;2;10010;11;10011;10;9999.5;0.0
35;59300;INTARIAN_PEPPER_ROOT;48050;10;;;;;48063;12;;;;;48056.5;0.0
35;59400;ASH_COATED_OSMIUM;9990;14;;;;;10006;10;;;;;9998.5;0.0
35;59400;INTARIAN_PEPPER_ROOT;48052;11;;;;;48066;10;;;;;48059.5;0.0
35;59500;ASH_COATED_OSMIUM;9993;15;9992;12;;;10011;24;10012;23;;;10002.5;0.0
35;59500;INTARIAN_PEPPER_ROOT;48052;9;;;;;48069;9;;;;;48061.0;0.0
35;59600;ASH_COATED_OSMIUM;9992;20;9990;10;;;10008;14;10011;20;;;10000.5;0.0
35;59600;INTARIAN_PEPPER_ROOT;48054;10;48052;8;48049;8;48066;10;48069;21;48071;8;48060.0;0.0
35;59700;ASH_COATED_OSMIUM;9995;13;9994;12;9993;22;10011;11;10012;30;10013;11;10003.0;0.0
35;59700;INTARIAN_PEPPER_ROOT;48052;10;48050;9;48047;10;48067;12;48070;8;48073;11;48060.0;0.0
35;59800;ASH_COATED_OSMIUM;9993;15;9990;14;;;10009;10;10012;10;;;10001.0;0.0
35;59800;INTARIAN_PEPPER_ROOT;48048;9;48047;11;48045;12;48067;10;48068;11;48070;22;48057.5;0.0
35;59900;ASH_COATED_OSMIUM;9989;27;9987;12;;;10005;13;10008;10;;;9997.5;0.0
35;59900;INTARIAN_PEPPER_ROOT;48055;9;;;;;48067;12;;;;;48061.5;0.0
35;60000;ASH_COATED_OSMIUM;9989;15;;;;;10001;14;;;;;9995.0;0.0
35;60000;INTARIAN_PEPPER_ROOT;48058;12;48056;17;;;48069;16;48071;12;;;48063.5;0.0
35;60100;ASH_COATED_OSMIUM;9992;22;9991;13;9989;10;10008;10;10010;11;10012;5;10000.0;0.0
35;60100;INTARIAN_PEPPER_ROOT;48056;12;48054;11;;;48062;11;48064;10;;;48059.5;0.0
35;60200;ASH_COATED_OSMIUM;9996;11;9993;6;;;10012;24;10015;13;;;10004.5;0.0
35;60200;INTARIAN_PEPPER_ROOT;48054;18;48053;10;;;48066;9;48068;8;;;48060.0;0.0
35;60300;ASH_COATED_OSMIUM;10002;22;;;;;10018;12;;;;;10010.0;0.0
35;60300;INTARIAN_PEPPER_ROOT;48050;9;48048;11;;;48063;12;48066;8;;;48057.0;0.0
35;60400;ASH_COATED_OSMIUM;10000;15;;;;;10019;27;;;;;10009.5;0.0
35;60400;INTARIAN_PEPPER_ROOT;48056;11;;;;;48068;12;;;;;48062.0;0.0
35;60500;ASH_COATED_OSMIUM;10003;10;;;;;10010;14;;;;;10007.0;0.0
35;60500;INTARIAN_PEPPER_ROOT;48055;9;48052;11;;;48067;8;48068;23;;;48061.0;0.0
35;60600;ASH_COATED_OSMIUM;9998;15;9995;13;9993;14;10014;15;10017;13;10020;11;10006.0;0.0
35;60600;INTARIAN_PEPPER_ROOT;48054;10;;;;;48068;11;;;;;48061.5;0.0
35;60700;ASH_COATED_OSMIUM;9995;12;9992;10;9990;14;10011;11;10013;11;10014;13;10003.5;0.0
35;60700;INTARIAN_PEPPER_ROOT;48052;8;48051;8;;;48066;9;48068;11;;;48059.5;0.0
35;60800;ASH_COATED_OSMIUM;9993;23;;;;;10009;14;;;;;10001.0;0.0
35;60800;INTARIAN_PEPPER_ROOT;48059;12;48058;12;48056;10;48071;7;48072;9;48075;5;48065.5;0.0
35;60900;ASH_COATED_OSMIUM;9995;14;;;;;10013;13;;;;;10004.0;0.0
35;60900;INTARIAN_PEPPER_ROOT;48052;10;48049;11;48047;25;48066;12;48069;8;48072;9;48059.5;0.0
35;61000;ASH_COATED_OSMIUM;9992;8;9991;4;9989;15;10008;13;10011;15;10013;15;10000.0;0.0
35;61000;INTARIAN_PEPPER_ROOT;48052;10;;;;;48064;8;;;;;48058.5;0.0
35;61100;ASH_COATED_OSMIUM;9993;14;;;;;10012;11;;;;;10003.0;0.0
35;61100;INTARIAN_PEPPER_ROOT;48054;10;48053;9;;;48068;17;48069;8;;;48061.5;0.0
35;61200;ASH_COATED_OSMIUM;9989;15;9986;13;;;10005;10;10006;11;;;9997.5;0.0
35;61200;INTARIAN_PEPPER_ROOT;48056;11;48055;10;48053;18;48069;9;48071;6;48074;12;48062.5;0.0
35;61300;ASH_COATED_OSMIUM;9992;13;9990;25;9988;14;10008;22;10010;15;10012;13;10000.0;0.0
35;61300;INTARIAN_PEPPER_ROOT;48056;12;;;;;48067;10;;;;;48061.5;0.0
35;61400;ASH_COATED_OSMIUM;9992;15;;;;;10008;12;;;;;10000.0;0.0
35;61400;INTARIAN_PEPPER_ROOT;48054;22;48051;11;;;48067;8;48069;10;;;48061.0;0.0
35;61500;ASH_COATED_OSMIUM;10000;15;;;;;10010;13;;;;;10005.0;0.0
35;61500;INTARIAN_PEPPER_ROOT;48056;8;48055;10;48052;8;48071;11;48072;20;48075;9;48063.5;0.0
35;61600;ASH_COATED_OSMIUM;9998;15;9995;15;9993;22;10017;12;10018;28;10019;11;10008.0;0.0
35;61600;INTARIAN_PEPPER_ROOT;48054;11;48053;8;;;48066;16;48067;8;;;48060.5;0.0
35;61700;ASH_COATED_OSMIUM;9999;14;9997;12;;;10018;13;10019;12;;;10009.0;0.0
35;61700;INTARIAN_PEPPER_ROOT;48051;11;48048;8;48045;9;48064;10;48065;17;48067;8;48058.0;0.0
35;61800;ASH_COATED_OSMIUM;9998;12;9997;20;9995;4;10014;24;10016;12;10018;14;10006.5;0.0
35;61800;INTARIAN_PEPPER_ROOT;48058;11;48057;9;;;48069;11;48070;9;;;48063.5;0.0
35;61900;ASH_COATED_OSMIUM;9998;10;9995;14;;;10016;14;10017;11;;;10007.0;0.0
35;61900;INTARIAN_PEPPER_ROOT;48055;9;48052;8;48051;5;48069;11;48071;9;48073;5;48062.5;0.0
35;62000;ASH_COATED_OSMIUM;10000;15;9999;15;9997;10;10016;14;10017;14;10018;15;10008.5;0.0
35;62000;INTARIAN_PEPPER_ROOT;48057;18;;;;;48070;12;;;;;48063.5;0.0
35;62100;ASH_COATED_OSMIUM;9995;15;9992;12;;;10011;13;10014;11;;;10003.5;0.0
35;62100;INTARIAN_PEPPER_ROOT;48054;9;;;;;48067;10;;;;;48061.0;0.0
35;62200;ASH_COATED_OSMIUM;10001;11;10000;4;9998;10;10017;29;10020;10;10023;13;10009.0;0.0
35;62200;INTARIAN_PEPPER_ROOT;48052;12;48051;10;;;48066;8;48069;11;;;48059.5;0.0
35;62300;ASH_COATED_OSMIUM;9996;12;9995;10;;;10012;5;10014;11;;;10004.0;0.0
35;62300;INTARIAN_PEPPER_ROOT;48059;8;;;;;48071;10;;;;;48065.5;0.0
35;62400;ASH_COATED_OSMIUM;9991;13;9989;15;9987;23;10007;15;10010;15;10013;10;9999.5;0.0
35;62400;INTARIAN_PEPPER_ROOT;48052;9;48050;11;;;48065;12;48066;11;;;48059.0;0.0
35;62500;ASH_COATED_OSMIUM;9990;13;9988;13;;;10006;14;10007;11;;;9998.5;0.0
35;62500;INTARIAN_PEPPER_ROOT;48053;11;;;;;48069;12;;;;;48061.5;0.0
35;62600;ASH_COATED_OSMIUM;9991;10;;;;;10007;13;;;;;9999.5;0.0
35;62600;INTARIAN_PEPPER_ROOT;48055;12;48053;17;48051;12;48074;12;48077;11;48080;9;48064.5;0.0
35;62700;ASH_COATED_OSMIUM;9992;14;9989;14;;;10008;13;10010;10;;;10000.0;0.0
35;62700;INTARIAN_PEPPER_ROOT;48053;10;48050;8;48047;18;48069;12;48071;10;48073;8;48061.5;0.0
35;62800;ASH_COATED_OSMIUM;9987;21;9986;13;9984;29;10006;23;10007;10;10010;12;9997.0;0.0
35;62800;INTARIAN_PEPPER_ROOT;48058;21;;;;;48069;9;;;;;48063.5;0.0
35;62900;ASH_COATED_OSMIUM;9989;24;9986;15;;;10005;13;10007;15;;;9997.0;0.0
35;62900;INTARIAN_PEPPER_ROOT;48053;25;;;;;48066;10;;;;;48060.0;0.0
35;63000;ASH_COATED_OSMIUM;9982;14;;;;;10001;5;;;;;9992.0;0.0
35;63000;INTARIAN_PEPPER_ROOT;48055;11;;;;;48072;10;;;;;48063.5;0.0
35;63100;ASH_COATED_OSMIUM;9989;14;;;;;10007;12;;;;;9998.0;0.0
35;63100;INTARIAN_PEPPER_ROOT;48056;10;;;;;48069;7;;;;;48063.0;0.0
35;63200;ASH_COATED_OSMIUM;9987;13;9985;12;9982;26;10003;23;10006;12;10008;10;9995.5;0.0
35;63200;INTARIAN_PEPPER_ROOT;48050;8;48047;8;;;48066;9;48069;10;;;48058.0;0.0
35;63300;ASH_COATED_OSMIUM;9996;24;9994;11;;;10001;21;10004;14;;;9999.0;0.0
35;63300;INTARIAN_PEPPER_ROOT;48054;11;48053;9;48052;11;48069;10;48070;10;48071;12;48061.5;0.0
35;63400;ASH_COATED_OSMIUM;9987;2;9985;13;;;10003;10;10004;13;;;9995.5;0.0
35;63400;INTARIAN_PEPPER_ROOT;48052;10;48051;10;;;48071;11;48074;8;;;48062.0;0.0
35;63500;ASH_COATED_OSMIUM;9986;10;9983;15;;;10002;10;10005;10;;;9994.0;0.0
35;63500;INTARIAN_PEPPER_ROOT;48054;9;48053;24;48050;9;48067;9;48068;23;48070;10;48061.0;0.0
35;63600;ASH_COATED_OSMIUM;9983;14;;;;;9999;14;;;;;9991.5;0.0
35;63600;INTARIAN_PEPPER_ROOT;48060;20;48059;9;;;48073;11;48076;4;;;48067.0;0.0
35;63700;ASH_COATED_OSMIUM;9986;12;9984;11;9983;24;10005;15;10008;12;10010;12;9996.0;0.0
35;63700;INTARIAN_PEPPER_ROOT;48058;19;48055;8;48052;8;48073;18;48076;8;48079;11;48065.5;0.0
35;63800;ASH_COATED_OSMIUM;9984;11;9982;11;;;10003;13;10004;20;;;9993.5;0.0
