day;timestamp;product;bid_price_1;bid_volume_1;bid_price_2;bid_volume_2;bid_price_3;bid_volume_3;ask_price_1;ask_volume_1;ask_price_2;ask_volume_2;ask_price_3;ask_volume_3;mid_price;profit_and_loss
34;0;ASH_COATED_OSMIUM;9988;22;9985;14;;;10006;14;10009;10;;;9997.5;0.0
34;0;INTARIAN_PEPPER_ROOT;46991;11;46989;10;;;47004;12;47006;12;;;46998.0;0.0
34;100;ASH_COATED_OSMIUM;9986;13;9985;12;;;10002;13;10004;10;;;9994.5;0.0
34;100;INTARIAN_PEPPER_ROOT;46991;6;46990;10;;;47007;11;47008;9;;;46999.0;0.0
34;200;ASH_COATED_OSMIUM;9989;12;;;;;10005;12;;;;;9997.5;0.0
34;200;INTARIAN_PEPPER_ROOT;46996;9;46995;12;46994;10;47009;15;47011;21;47012;10;47002.5;0.0
34;300;ASH_COATED_OSMIUM;9989;13;;;;;10007;11;;;;;9998.0;0.0
34;300;INTARIAN_PEPPER_ROOT;46993;12;;;;;47008;8;;;;;47001.0;0.0
34;400;ASH_COATED_OSMIUM;9990;10;;;;;10009;10;;;;;10000.0;0.0
34;400;INTARIAN_PEPPER_ROOT;46994;20;46991;9;;;47005;24;47008;19;;;46999.5;0.0
34;500;ASH_COATED_OSMIUM;9990;6;9988;10;;;10008;13;10011;14;;;9999.0;0.0
34;500;INTARIAN_PEPPER_ROOT;46993;11;46990;18;;;47005;12;47008;11;;;46999.5;0.0
34;600;ASH_COATED_OSMIUM;9995;14;9994;15;;;10006;11;10009;24;;;10000.5;0.0
34;600;INTARIAN_PEPPER_ROOT;46996;11;;;;;47007;8;;;;;47001.5;0.0
34;700;ASH_COATED_OSMIUM;9990;15;;;;;10009;10;;;;;10000.0;0.0
34;700;INTARIAN_PEPPER_ROOT;46993;12;;;;;47010;5;;;;;47001.5;0.0
34;800;ASH_COATED_OSMIUM;9995;10;;;;;10003;10;;;;;9999.0;0.0
34;800;INTARIAN_PEPPER_ROOT;46994;8;46991;10;;;47006;8;47009;9;;;47000.0;0.0
34;900;ASH_COATED_OSMIUM;9993;15;9990;15;;;10012;15;10014;14;;;10002.5;0.0
34;900;INTARIAN_PEPPER_ROOT;46994;8;46991;10;;;47005;9;47007;12;;;46999.5;0.0
34;1000;ASH_COATED_OSMIUM;10001;11;;;;;10006;13;;;;;10004.0;0.0
34;1000;INTARIAN_PEPPER_ROOT;46992;9;;;;;47009;25;;;;;47000.5;0.0
34;1100;ASH_COATED_OSMIUM;9996;11;;;;;10012;10;;;;;10004.5;0.0
34;1100;INTARIAN_PEPPER_ROOT;46990;9;46988;17;46985;10;47006;11;47007;8;47009;9;46998.5;0.0
34;1200;ASH_COATED_OSMIUM;9991;12;9990;11;;;10010;15;10012;9;;;10000.5;0.0
34;1200;INTARIAN_PEPPER_ROOT;46995;16;46992;18;46991;12;47009;11;47011;19;47013;11;47002.0;0.0
34;1300;ASH_COATED_OSMIUM;9996;15;;;;;10012;12;;;;;10004.5;0.0
34;1300;INTARIAN_PEPPER_ROOT;46995;11;46992;12;46990;23;47006;11;47008;9;47009;9;47001.0;0.0
34;1400;ASH_COATED_OSMIUM;9995;26;;;;;10011;15;;;;;10003.5;0.0
34;1400;INTARIAN_PEPPER_ROOT;46994;8;;;;;47007;9;;;;;47001.0;0.0
34;1500;ASH_COATED_OSMIUM;9994;11;;;;;10010;12;;;;;10002.0;0.0
34;1500;INTARIAN_PEPPER_ROOT;46993;22;;;;;47008;11;;;;;47000.5;0.0
34;1600;ASH_COATED_OSMIUM;9987;10;9985;13;;;10008;14;10010;10;;;9998.0;0.0
34;1600;INTARIAN_PEPPER_ROOT;46992;12;;;;;47009;9;;;;;47000.5;0.0
34;1700;ASH_COATED_OSMIUM;9990;12;9988;11;9985;22;10006;14;10009;4;10010;13;9998.0;0.0
34;1700;INTARIAN_PEPPER_ROOT;46997;10;46995;10;;;47010;9;47011;10;;;47004.0;0.0
34;1800;ASH_COATED_OSMIUM;9997;11;;;;;10013;22;;;;;10005.5;0.0
34;1800;INTARIAN_PEPPER_ROOT;46996;16;;;;;47008;9;;;;;47002.0;0.0
34;1900;ASH_COATED_OSMIUM;9996;11;9994;14;9991;9;10012;12;10015;14;10018;13;10004.5;0.0
34;1900;INTARIAN_PEPPER_ROOT;46998;11;;;;;47010;11;;;;;47004.0;0.0
34;2000;ASH_COATED_OSMIUM;9999;12;9998;5;;;10015;15;10017;30;;;10007.0;0.0
34;2000;INTARIAN_PEPPER_ROOT;46995;9;46992;8;46989;12;47008;3;47011;12;47012;11;47002.0;0.0
34;2100;ASH_COATED_OSMIUM;9993;10;9991;15;;;10009;23;10012;12;;;10001.5;0.0
34;2100;INTARIAN_PEPPER_ROOT;46995;8;;;;;47007;8;;;;;47001.0;0.0
34;2200;ASH_COATED_OSMIUM;9990;11;9988;12;;;10002;27;10004;11;;;9996.5;0.0
34;2200;INTARIAN_PEPPER_ROOT;46999;11;;;;;47011;18;;;;;47005.0;0.0
34;2300;ASH_COATED_OSMIUM;9983;12;9980;10;;;9998;10;10000;13;;;9991.0;0.0
34;2300;INTARIAN_PEPPER_ROOT;46993;23;46991;11;46989;12;47008;8;47010;9;47011;19;47000.5;0.0
34;2400;ASH_COATED_OSMIUM;9987;15;;;;;10005;14;;;;;9996.0;0.0
34;2400;INTARIAN_PEPPER_ROOT;46996;8;46994;10;;;47011;20;47012;11;;;47003.5;0.0
34;2500;ASH_COATED_OSMIUM;9985;14;9982;2;9979;10;10001;12;10004;13;10005;12;9993.0;0.0
34;2500;INTARIAN_PEPPER_ROOT;47001;12;;;;;47003;16;;;;;47002.0;0.0
34;2600;ASH_COATED_OSMIUM;9989;5;9987;12;;;10005;13;10007;13;;;9997.0;0.0
34;2600;INTARIAN_PEPPER_ROOT;46989;12;46987;12;;;47004;8;47007;18;;;46997.0;0.0
34;2700;ASH_COATED_OSMIUM;9993;10;9992;12;;;10009;13;10012;30;;;10001.0;0.0
34;2700;INTARIAN_PEPPER_ROOT;46999;11;46998;12;46997;10;47010;20;47013;12;47014;11;47004.5;0.0
34;2800;ASH_COATED_OSMIUM;9989;10;9986;11;;;10005;24;10006;13;;;9997.0;0.0
34;2800;INTARIAN_PEPPER_ROOT;46997;16;46994;8;;;47010;10;47013;10;;;47003.5;0.0
34;2900;ASH_COATED_OSMIUM;9987;5;9984;10;9982;13;10003;11;10004;6;10005;13;9995.5;0.0
34;2900;INTARIAN_PEPPER_ROOT;46998;10;;;;;47008;12;;;;;47003.0;0.0
34;3000;ASH_COATED_OSMIUM;9987;5;;;;;10005;10;;;;;9996.5;0.0
34;3000;INTARIAN_PEPPER_ROOT;46994;22;46992;10;46991;11;47008;12;47009;9;47011;4;47001.0;0.0
34;3100;ASH_COATED_OSMIUM;9990;10;9989;12;9987;12;10006;10;10009;15;10010;20;9998.0;0.0
34;3100;INTARIAN_PEPPER_ROOT;46996;9;46994;8;;;47008;8;47011;9;;;47002.0;0.0
34;3200;ASH_COATED_OSMIUM;9986;13;;;;;10002;10;;;;;9994.0;0.0
34;3200;INTARIAN_PEPPER_ROOT;46994;11;;;;;47008;11;;;;;47001.0;0.0
34;3300;ASH_COATED_OSMIUM;9991;12;9989;13;;;10007;14;10008;13;;;9999.0;0.0
34;3300;INTARIAN_PEPPER_ROOT;46995;25;46994;10;46991;9;47008;8;47010;12;47013;10;47001.5;0.0
34;3400;ASH_COATED_OSMIUM;9991;14;9990;22;;;10007;10;10008;10;;;9999.0;0.0
34;3400;INTARIAN_PEPPER_ROOT;46997;11;;;;;47013;22;;;;;47005.0;0.0
34;3500;ASH_COATED_OSMIUM;9991;10;;;;;10010;13;;;;;10001.0;0.0
34;3500;INTARIAN_PEPPER_ROOT;46996;9;46995;11;;;47010;10;47013;9;;;47003.5;0.0
34;3600;ASH_COATED_OSMIUM;9995;14;;;;;10013;10;;;;;10004.0;0.0
34;3600;INTARIAN_PEPPER_ROOT;46995;10;46992;10;;;47007;8;47008;8;;;47001.5;0.0
34;3700;ASH_COATED_OSMIUM;9997;12;9994;14;;;10013;11;10016;28;;;10005.0;0.0
34;3700;INTARIAN_PEPPER_ROOT;46995;8;46992;11;;;47009;11;47011;25;;;47002.5;0.0
34;3800;ASH_COATED_OSMIUM;9993;10;9991;13;9988;15;10009;25;10012;14;10015;13;10001.0;0.0
34;3800;INTARIAN_PEPPER_ROOT;46994;25;46993;17;;;47008;11;47010;9;;;47001.5;0.0
34;3900;ASH_COATED_OSMIUM;9992;13;9989;11;;;10008;14;10010;15;;;10000.5;0.0
34;3900;INTARIAN_PEPPER_ROOT;46994;11;46992;21;46991;11;47008;9;47009;11;47011;11;47001.5;0.0
34;4000;ASH_COATED_OSMIUM;9996;14;9994;14;;;10012;26;10015;10;;;10004.5;0.0
34;4000;INTARIAN_PEPPER_ROOT;46996;8;46995;10;;;47008;19;47009;10;;;47002.0;0.0
34;4100;ASH_COATED_OSMIUM;9997;10;;;;;10016;15;;;;;10006.5;0.0
34;4100;INTARIAN_PEPPER_ROOT;47000;24;46997;25;46994;11;47012;8;47015;8;47018;11;47006.5;0.0
34;4200;ASH_COATED_OSMIUM;9996;27;9993;5;9990;11;10012;10;10014;11;10016;14;10004.5;0.0
34;4200;INTARIAN_PEPPER_ROOT;46995;11;46992;21;46989;18;47008;12;47010;11;47011;25;47001.5;0.0
34;4300;ASH_COATED_OSMIUM;9996;10;9994;15;;;10012;12;10013;15;;;10004.5;0.0
34;4300;INTARIAN_PEPPER_ROOT;46994;10;46993;8;46991;10;47008;23;47011;12;47013;12;47001.5;0.0
34;4400;ASH_COATED_OSMIUM;10003;21;;;;;10012;11;;;;;10008.0;0.0
34;4400;INTARIAN_PEPPER_ROOT;46996;11;46993;22;;;47010;9;47012;8;;;47003.0;0.0
34;4500;ASH_COATED_OSMIUM;9994;10;9992;30;;;10010;15;10012;10;;;10002.5;0.0
34;4500;INTARIAN_PEPPER_ROOT;47000;24;46998;22;;;47012;11;47015;16;;;47006.0;0.0
34;4600;ASH_COATED_OSMIUM;9988;14;9985;11;9982;15;10006;13;10009;10;10010;11;9997.5;0.0
34;4600;INTARIAN_PEPPER_ROOT;46996;10;;;;;47009;23;;;;;47003.0;0.0
34;4700;ASH_COATED_OSMIUM;9990;11;;;;;10006;14;;;;;9998.5;0.0
34;4700;INTARIAN_PEPPER_ROOT;46999;11;46996;9;;;47011;20;47012;12;;;47005.0;0.0
34;4800;ASH_COATED_OSMIUM;9987;5;;;;;10003;10;;;;;9995.5;0.0
34;4800;INTARIAN_PEPPER_ROOT;46997;20;46995;11;46993;10;47008;10;47010;12;47012;24;47002.5;0.0
34;4900;ASH_COATED_OSMIUM;9991;23;9990;12;;;9997;11;9999;23;;;9994.0;0.0
34;4900;INTARIAN_PEPPER_ROOT;47001;10;46999;9;46997;17;47014;21;47016;11;47018;10;47008.0;0.0
34;5000;ASH_COATED_OSMIUM;9988;14;9987;12;;;9998;12;9999;12;;;9993.5;0.0
34;5000;INTARIAN_PEPPER_ROOT;47001;10;46998;10;;;47015;11;47017;10;;;47008.0;0.0
34;5100;ASH_COATED_OSMIUM;9991;14;9988;11;;;10007;13;10010;12;;;9999.0;0.0
34;5100;INTARIAN_PEPPER_ROOT;46997;24;46994;12;46992;11;47010;11;47012;11;47015;12;47004.0;0.0
34;5200;ASH_COATED_OSMIUM;9991;15;9988;22;9987;15;10007;25;10009;10;10012;11;9999.0;0.0
34;5200;INTARIAN_PEPPER_ROOT;46999;11;46998;12;46996;9;47010;10;47012;9;47015;12;47005.0;0.0
34;5300;ASH_COATED_OSMIUM;9988;11;;;;;10007;13;;;;;9998.0;0.0
34;5300;INTARIAN_PEPPER_ROOT;46998;11;46995;10;46993;10;47015;10;47016;8;47017;11;47007.0;0.0
34;5400;ASH_COATED_OSMIUM;9996;10;9995;11;9994;13;10012;12;10015;13;10016;2;10004.5;0.0
34;5400;INTARIAN_PEPPER_ROOT;47001;12;47000;11;;;47012;16;47015;11;;;47007.0;0.0
34;5500;ASH_COATED_OSMIUM;9998;11;;;;;10014;13;;;;;10006.5;0.0
34;5500;INTARIAN_PEPPER_ROOT;46996;11;46993;8;;;47012;11;47013;8;;;47004.5;0.0
34;5600;ASH_COATED_OSMIUM;9997;12;9995;10;;;10013;13;10014;10;;;10005.0;0.0
34;5600;INTARIAN_PEPPER_ROOT;46999;9;46997;8;46996;17;47013;12;47014;11;47015;24;47006.5;0.0
34;5700;ASH_COATED_OSMIUM;9991;10;9990;12;;;10007;11;10010;15;;;9999.5;0.0
34;5700;INTARIAN_PEPPER_ROOT;47001;16;46998;11;46995;10;47013;8;47016;11;47018;11;47007.5;0.0
34;5800;ASH_COATED_OSMIUM;9994;12;9991;13;;;10010;11;10011;11;;;10002.5;0.0
34;5800;INTARIAN_PEPPER_ROOT;46998;11;46997;12;;;47011;11;47013;8;;;47005.0;0.0
34;5900;ASH_COATED_OSMIUM;9994;8;9993;23;9990;20;10010;21;10011;22;10013;10;10002.0;0.0
34;5900;INTARIAN_PEPPER_ROOT;46996;8;;;;;47008;8;;;;;47002.5;0.0
34;6000;ASH_COATED_OSMIUM;9989;10;9988;10;9985;13;10008;11;10011;12;10013;13;9998.5;0.0
34;6000;INTARIAN_PEPPER_ROOT;46993;15;;;;;47010;10;;;;;47002.0;0.0
34;6100;ASH_COATED_OSMIUM;9992;27;;;;;10008;24;;;;;10000.0;0.0
34;6100;INTARIAN_PEPPER_ROOT;46999;16;46996;19;;;47011;8;47013;9;;;47005.0;0.0
34;6200;ASH_COATED_OSMIUM;9991;10;;;;;10007;14;;;;;9999.5;0.0
34;6200;INTARIAN_PEPPER_ROOT;47004;10;47001;21;46999;8;47017;10;47019;7;47022;9;47010.5;0.0
34;6300;ASH_COATED_OSMIUM;9993;12;9990;14;;;10009;4;10010;30;;;10001.0;0.0
34;6300;INTARIAN_PEPPER_ROOT;47002;11;;;;;47018;9;;;;;47010.0;0.0
34;6400;ASH_COATED_OSMIUM;9999;15;;;;;10018;22;;;;;10008.5;0.0
34;6400;INTARIAN_PEPPER_ROOT;47002;9;47000;11;46997;5;47014;12;47016;8;47019;18;47008.0;0.0
34;6500;ASH_COATED_OSMIUM;9993;11;9992;15;;;10009;12;10011;14;;;10001.5;0.0
34;6500;INTARIAN_PEPPER_ROOT;46997;11;;;;;47011;9;;;;;47004.5;0.0
34;6600;ASH_COATED_OSMIUM;9993;4;;;;;10009;6;;;;;10001.0;0.0
34;6600;INTARIAN_PEPPER_ROOT;47000;8;46999;8;;;47011;12;47012;10;;;47005.5;0.0
34;6700;ASH_COATED_OSMIUM;9984;23;9983;11;;;10000;13;10001;15;;;9992.0;0.0
34;6700;INTARIAN_PEPPER_ROOT;47002;11;47001;9;;;47005;9;47007;10;;;47004.0;0.0
34;6800;ASH_COATED_OSMIUM;9987;10;9985;10;9984;13;10005;12;10007;10;10008;11;9996.5;0.0
34;6800;INTARIAN_PEPPER_ROOT;46999;9;;;;;47011;11;;;;;47005.0;0.0
34;6900;ASH_COATED_OSMIUM;9995;14;9993;28;;;10013;20;10015;29;;;10004.0;0.0
34;6900;INTARIAN_PEPPER_ROOT;47004;10;;;;;47017;19;;;;;47011.0;0.0
34;7000;ASH_COATED_OSMIUM;9993;10;9991;15;9990;26;10009;10;10011;13;10013;11;10001.5;0.0
34;7000;INTARIAN_PEPPER_ROOT;46997;8;46995;10;;;47017;5;47018;8;;;47007.0;0.0
34;7100;ASH_COATED_OSMIUM;9995;14;9992;11;9990;12;10014;12;10015;11;10018;11;10004.5;0.0
34;7100;INTARIAN_PEPPER_ROOT;47001;10;46999;19;46998;8;47015;12;47016;9;47017;8;47008.0;0.0
34;7200;ASH_COATED_OSMIUM;9992;13;;;;;10008;14;;;;;10000.5;0.0
34;7200;INTARIAN_PEPPER_ROOT;46996;9;46993;9;;;47013;12;47016;8;;;47004.5;0.0
34;7300;ASH_COATED_OSMIUM;9987;10;9986;12;9983;12;10005;11;10006;13;10008;11;9996.5;0.0
34;7300;INTARIAN_PEPPER_ROOT;47001;8;46999;11;;;47017;12;47020;12;;;47009.5;0.0
34;7400;ASH_COATED_OSMIUM;9986;28;;;;;10005;22;;;;;9996.0;0.0
34;7400;INTARIAN_PEPPER_ROOT;47000;8;46999;12;;;47014;10;47015;8;;;47007.0;0.0
34;7500;ASH_COATED_OSMIUM;9988;24;;;;;10004;15;;;;;9996.0;0.0
34;7500;INTARIAN_PEPPER_ROOT;47001;11;;;;;47015;8;;;;;47008.5;0.0
34;7600;ASH_COATED_OSMIUM;9982;22;;;;;9998;15;;;;;9990.5;0.0
34;7600;INTARIAN_PEPPER_ROOT;46998;9;;;;;47013;9;;;;;47005.5;0.0
34;7700;ASH_COATED_OSMIUM;9985;15;;;;;10001;10;;;;;9993.0;0.0
34;7700;INTARIAN_PEPPER_ROOT;46995;9;46993;11;;;47011;8;47013;16;;;47003.0;0.0
34;7800;ASH_COATED_OSMIUM;9988;11;9986;10;;;10004;14;10005;14;;;9996.0;0.0
34;7800;INTARIAN_PEPPER_ROOT;46999;11;;;;;47011;12;;;;;47005.0;0.0
34;7900;ASH_COATED_OSMIUM;9992;14;9989;11;9986;15;10011;13;10014;30;10017;10;10002.0;0.0
34;7900;INTARIAN_PEPPER_ROOT;46998;10;46997;16;;;47011;15;47013;11;;;47004.5;0.0
34;8000;ASH_COATED_OSMIUM;9988;25;9985;13;9982;14;10004;26;10007;13;10009;13;9996.5;0.0
34;8000;INTARIAN_PEPPER_ROOT;47003;9;;;;;47016;11;;;;;47009.5;0.0
34;8100;ASH_COATED_OSMIUM;9989;14;9987;13;9985;22;10005;12;10008;11;10009;12;9997.5;0.0
34;8100;INTARIAN_PEPPER_ROOT;47003;10;47000;9;46997;10;47014;5;47016;9;47019;16;47008.5;0.0
34;8200;ASH_COATED_OSMIUM;9987;10;9986;10;;;10005;12;10006;12;;;9996.5;0.0
34;8200;INTARIAN_PEPPER_ROOT;47003;10;47000;11;;;47015;12;47016;10;;;47009.5;0.0
34;8300;ASH_COATED_OSMIUM;9993;22;9990;11;;;10009;12;10011;15;;;10001.5;0.0
34;8300;INTARIAN_PEPPER_ROOT;47001;10;46998;10;;;47015;9;47017;9;;;47008.5;0.0
34;8400;ASH_COATED_OSMIUM;9998;14;;;;;10003;13;;;;;10001.0;0.0
34;8400;INTARIAN_PEPPER_ROOT;47001;8;47000;9;;;47015;9;47018;16;;;47008.0;0.0
34;8500;ASH_COATED_OSMIUM;9982;11;9980;12;9977;15;9998;12;10001;12;10004;13;9990.0;0.0
34;8500;INTARIAN_PEPPER_ROOT;47000;9;46998;11;46995;8;47014;10;47015;8;47016;10;47007.5;0.0
34;8600;ASH_COATED_OSMIUM;9988;15;9985;2;;;10004;15;10007;24;;;9996.0;0.0
34;8600;INTARIAN_PEPPER_ROOT;47006;9;;;;;47019;24;;;;;47012.5;0.0
34;8700;ASH_COATED_OSMIUM;9993;12;9992;10;;;10009;22;10012;2;;;10001.0;0.0
34;8700;INTARIAN_PEPPER_ROOT;47003;12;;;;;47019;7;;;;;47011.0;0.0
34;8800;ASH_COATED_OSMIUM;9993;11;9990;25;;;10009;25;10012;13;;;10001.0;0.0
34;8800;INTARIAN_PEPPER_ROOT;46998;9;;;;;47012;9;;;;;47005.0;0.0
34;8900;ASH_COATED_OSMIUM;9996;11;9993;11;;;10015;15;10017;11;;;10005.5;0.0
34;8900;INTARIAN_PEPPER_ROOT;47007;25;47005;8;;;47019;12;47020;11;;;47013.5;0.0
34;9000;ASH_COATED_OSMIUM;9995;12;9993;13;;;10011;14;10013;10;;;10003.0;0.0
34;9000;INTARIAN_PEPPER_ROOT;47003;12;;;;;47015;9;;;;;47009.5;0.0
34;9100;ASH_COATED_OSMIUM;9994;11;;;;;10010;11;;;;;10002.0;0.0
34;9100;INTARIAN_PEPPER_ROOT;47004;23;;;;;47015;10;;;;;47010.0;0.0
34;9200;ASH_COATED_OSMIUM;9996;23;;;;;10012;14;;;;;10004.5;0.0
34;9200;INTARIAN_PEPPER_ROOT;47002;8;46999;11;;;47016;8;47017;22;;;47009.5;0.0
34;9300;ASH_COATED_OSMIUM;9992;12;9990;14;;;10008;10;10010;14;;;10000.0;0.0
34;9300;INTARIAN_PEPPER_ROOT;47005;10;47002;11;;;47018;12;47019;5;;;47011.5;0.0
34;9400;ASH_COATED_OSMIUM;9989;12;9988;11;;;10006;14;10008;10;;;9998.0;0.0
34;9400;INTARIAN_PEPPER_ROOT;47002;4;46999;10;46997;12;47016;9;47018;9;47020;8;47009.5;0.0
34;9500;ASH_COATED_OSMIUM;9994;13;9991;14;9990;14;10004;25;10005;10;10006;13;9999.5;0.0
34;9500;INTARIAN_PEPPER_ROOT;47003;8;;;;;47016;8;;;;;47009.5;0.0
34;9600;ASH_COATED_OSMIUM;9988;11;9986;11;;;10004;10;10005;11;;;9996.5;0.0
34;9600;INTARIAN_PEPPER_ROOT;47003;9;47001;9;47000;9;47014;8;47016;12;47018;23;47009.0;0.0
34;9700;ASH_COATED_OSMIUM;9992;11;9989;15;9986;12;10008;4;10010;11;10012;12;10000.5;0.0
34;9700;INTARIAN_PEPPER_ROOT;47004;12;47001;8;46999;10;47016;9;47018;9;47020;20;47010.5;0.0
34;9800;ASH_COATED_OSMIUM;9997;14;9996;15;;;10008;13;10010;12;;;10002.5;0.0
34;9800;INTARIAN_PEPPER_ROOT;46999;8;46996;12;46994;23;47015;24;47016;19;47018;10;47007.0;0.0
34;9900;ASH_COATED_OSMIUM;9994;15;9992;13;9990;10;10010;10;10012;11;10013;14;10002.5;0.0
34;9900;INTARIAN_PEPPER_ROOT;47003;12;47000;10;;;47016;9;47019;20;;;47010.0;0.0
34;10000;ASH_COATED_OSMIUM;9993;13;9990;13;9987;10;10009;15;10011;15;10013;11;10001.5;0.0
34;10000;INTARIAN_PEPPER_ROOT;47001;11;46998;8;;;47015;10;47018;11;;;47008.5;0.0
34;10100;ASH_COATED_OSMIUM;9988;10;9987;12;9985;13;10004;2;10005;11;10007;21;9996.0;0.0
34;10100;INTARIAN_PEPPER_ROOT;47003;12;47001;7;;;47015;10;47017;12;;;47009.5;0.0
34;10200;ASH_COATED_OSMIUM;9990;11;;;;;10006;15;;;;;9998.5;0.0
34;10200;INTARIAN_PEPPER_ROOT;47004;17;;;;;47017;8;;;;;47011.0;0.0
34;10300;ASH_COATED_OSMIUM;9994;14;9991;12;;;10010;10;10013;13;;;10002.0;0.0
34;10300;INTARIAN_PEPPER_ROOT;47007;12;47004;11;;;47023;11;47024;8;;;47015.0;0.0
34;10400;ASH_COATED_OSMIUM;10000;12;;;;;10019;15;;;;;10009.5;0.0
34;10400;INTARIAN_PEPPER_ROOT;47004;10;47003;9;;;47018;12;47019;9;;;47011.0;0.0
34;10500;ASH_COATED_OSMIUM;9991;15;9989;13;;;10007;13;10008;13;;;9999.5;0.0
34;10500;INTARIAN_PEPPER_ROOT;47002;22;47000;8;;;47014;22;47015;9;;;47008.5;0.0
34;10600;ASH_COATED_OSMIUM;9991;13;;;;;10010;25;;;;;10001.0;0.0
34;10600;INTARIAN_PEPPER_ROOT;47005;11;47002;16;;;47017;8;47020;11;;;47011.0;0.0
34;10700;ASH_COATED_OSMIUM;9988;22;9987;15;;;10006;22;10009;11;;;9997.0;0.0
34;10700;INTARIAN_PEPPER_ROOT;47006;10;47004;12;47003;11;47020;9;47023;11;47026;19;47013.0;0.0
34;10800;ASH_COATED_OSMIUM;9985;11;9982;10;;;10001;21;10003;15;;;9993.0;0.0
34;10800;INTARIAN_PEPPER_ROOT;47000;11;46998;8;46997;12;47016;10;47019;8;47021;8;47008.0;0.0
34;10900;ASH_COATED_OSMIUM;9985;15;9982;11;9979;30;10001;25;10002;12;10003;14;9993.5;0.0
34;10900;INTARIAN_PEPPER_ROOT;47008;8;47006;22;47003;23;47020;9;47022;10;47024;12;47014.5;0.0
34;11000;ASH_COATED_OSMIUM;9984;13;;;;;10000;15;;;;;9992.5;0.0
34;11000;INTARIAN_PEPPER_ROOT;47004;11;47002;12;;;47015;8;47018;17;;;47010.0;0.0
34;11100;ASH_COATED_OSMIUM;9984;12;9983;13;;;10000;12;10003;14;;;9992.0;0.0
34;11100;INTARIAN_PEPPER_ROOT;47004;8;;;;;47020;12;;;;;47012.5;0.0
34;11200;ASH_COATED_OSMIUM;9989;11;9988;12;9986;11;10005;10;10007;10;10009;15;9997.0;0.0
34;11200;INTARIAN_PEPPER_ROOT;47005;11;47003;11;;;47019;12;47020;10;;;47012.0;0.0
34;11300;ASH_COATED_OSMIUM;9986;10;9985;13;9983;15;10002;13;10003;12;10006;22;9994.0;0.0
34;11300;INTARIAN_PEPPER_ROOT;47003;10;;;;;47017;10;;;;;47010.5;0.0
34;11400;ASH_COATED_OSMIUM;9998;12;9996;15;;;10014;10;10017;12;;;10006.0;0.0
34;11400;INTARIAN_PEPPER_ROOT;47006;8;47005;12;;;47018;12;47019;8;;;47012.5;0.0
34;11500;ASH_COATED_OSMIUM;9994;29;9991;5;9990;14;10010;10;10013;10;10014;15;10002.5;0.0
34;11500;INTARIAN_PEPPER_ROOT;47007;11;;;;;47011;22;;;;;47009.0;0.0
34;11600;ASH_COATED_OSMIUM;9994;15;9991;13;9990;12;10010;12;10013;10;10016;10;10002.0;0.0
34;11600;INTARIAN_PEPPER_ROOT;47003;25;47000;12;46999;15;47016;24;47018;12;47021;15;47009.5;0.0
34;11700;ASH_COATED_OSMIUM;9994;30;9993;15;;;10012;14;10014;14;;;10003.0;0.0
34;11700;INTARIAN_PEPPER_ROOT;47007;12;47006;24;47005;10;47019;12;47022;8;47023;9;47013.0;0.0
34;11800;ASH_COATED_OSMIUM;9996;11;9993;10;;;10012;15;10015;15;;;10004.0;0.0
34;11800;INTARIAN_PEPPER_ROOT;47003;23;47002;8;;;47020;11;47021;11;;;47011.5;0.0
34;11900;ASH_COATED_OSMIUM;9998;13;9996;12;9995;12;10014;28;10017;11;10018;26;10006.5;0.0
34;11900;INTARIAN_PEPPER_ROOT;47002;8;47001;9;;;47016;9;47019;8;;;47009.0;0.0
34;12000;ASH_COATED_OSMIUM;9996;11;;;;;10015;10;;;;;10005.5;0.0
34;12000;INTARIAN_PEPPER_ROOT;47009;8;47007;8;;;47024;10;47026;10;;;47017.0;0.0
34;12100;ASH_COATED_OSMIUM;9996;11;9993;3;;;10012;13;10014;12;;;10004.0;0.0
34;12100;INTARIAN_PEPPER_ROOT;47005;11;47004;12;;;47018;21;47021;9;;;47012.0;0.0
34;12200;ASH_COATED_OSMIUM;9999;11;;;;;10018;15;;;;;10009.0;0.0
34;12200;INTARIAN_PEPPER_ROOT;47005;11;;;;;47020;8;;;;;47013.0;0.0
34;12300;ASH_COATED_OSMIUM;9993;13;9990;13;;;10009;11;10012;10;;;10001.5;0.0
34;12300;INTARIAN_PEPPER_ROOT;47005;9;47002;22;47000;22;47017;22;47018;11;47019;11;47011.5;0.0
34;12400;ASH_COATED_OSMIUM;9996;12;9995;27;9992;12;10012;12;10015;27;10016;24;10004.5;0.0
34;12400;INTARIAN_PEPPER_ROOT;47003;11;;;;;47017;6;;;;;47010.5;0.0
34;12500;ASH_COATED_OSMIUM;9991;14;9990;10;;;10012;10;10014;13;;;10002.0;0.0
34;12500;INTARIAN_PEPPER_ROOT;47005;8;47002;11;46999;8;47020;16;47023;8;47026;9;47012.5;0.0
34;12600;ASH_COATED_OSMIUM;9995;11;;;;;10004;10;;;;;9999.5;0.0
34;12600;INTARIAN_PEPPER_ROOT;47006;9;;;;;47021;17;;;;;47014.0;0.0
34;12700;ASH_COATED_OSMIUM;9993;15;9992;14;;;10012;12;10015;11;;;10002.5;0.0
34;12700;INTARIAN_PEPPER_ROOT;47006;12;;;;;47019;11;;;;;47013.0;0.0
34;12800;ASH_COATED_OSMIUM;10000;11;9999;10;;;10016;5;10017;13;;;10008.0;0.0
34;12800;INTARIAN_PEPPER_ROOT;47005;9;47002;11;;;47017;9;47020;10;;;47011.0;0.0
34;12900;ASH_COATED_OSMIUM;10002;12;9999;14;;;10013;15;10016;11;;;10007.5;0.0
34;12900;INTARIAN_PEPPER_ROOT;47008;12;47005;12;47002;20;47023;12;47025;12;47027;18;47015.5;0.0
34;13000;ASH_COATED_OSMIUM;10000;11;9999;25;;;10016;14;10017;20;;;10008.5;0.0
34;13000;INTARIAN_PEPPER_ROOT;47008;8;47007;11;;;47023;8;47024;12;;;47016.0;0.0
34;13100;ASH_COATED_OSMIUM;9997;20;9995;5;;;10018;13;10019;12;;;10008.0;0.0
34;13100;INTARIAN_PEPPER_ROOT;47008;8;47007;6;47006;9;47019;9;47021;9;47022;10;47013.5;0.0
34;13200;ASH_COATED_OSMIUM;9994;11;9991;14;9989;11;10015;13;10018;10;10019;10;10005.0;0.0
34;13200;INTARIAN_PEPPER_ROOT;47008;11;47007;11;;;47020;11;47022;11;;;47014.0;0.0
34;13300;ASH_COATED_OSMIUM;9997;15;;;;;10013;2;;;;;10005.0;0.0
34;13300;INTARIAN_PEPPER_ROOT;47009;12;47008;12;;;47023;11;47025;10;;;47016.5;0.0
34;13400;ASH_COATED_OSMIUM;9996;15;9993;25;9991;13;10012;11;10015;12;10018;23;10004.0;0.0
34;13400;INTARIAN_PEPPER_ROOT;47004;11;47001;19;;;47018;9;47019;12;;;47011.0;0.0
34;13500;ASH_COATED_OSMIUM;9997;10;9995;10;;;10013;13;10016;14;;;10005.0;0.0
34;13500;INTARIAN_PEPPER_ROOT;47007;9;;;;;47020;9;;;;;47014.0;0.0
34;13600;ASH_COATED_OSMIUM;10001;12;9999;21;;;10017;13;10019;15;;;10009.0;0.0
34;13600;INTARIAN_PEPPER_ROOT;47003;24;47002;8;47001;8;47018;8;47019;11;47021;12;47011.0;0.0
34;13700;ASH_COATED_OSMIUM;9999;14;;;;;10015;10;;;;;10007.0;0.0
34;13700;INTARIAN_PEPPER_ROOT;47014;24;47011;24;;;47025;8;47026;9;;;47020.0;0.0
34;13800;ASH_COATED_OSMIUM;9989;15;;;;;10005;11;;;;;9997.5;0.0
34;13800;INTARIAN_PEPPER_ROOT;47008;18;;;;;47019;12;;;;;47013.5;0.0
34;13900;ASH_COATED_OSMIUM;9993;11;9992;13;;;10009;10;10010;10;;;10001.0;0.0
34;13900;INTARIAN_PEPPER_ROOT;47006;8;47004;12;47002;9;47020;8;47022;25;47025;12;47013.5;0.0
34;14000;ASH_COATED_OSMIUM;9992;10;9989;12;;;10010;13;10012;14;;;10001.0;0.0
34;14000;INTARIAN_PEPPER_ROOT;47009;11;;;;;47022;11;;;;;47016.0;0.0
34;14100;ASH_COATED_OSMIUM;10001;30;9998;12;;;10017;11;10019;10;;;10009.0;0.0
34;14100;INTARIAN_PEPPER_ROOT;47006;10;;;;;47019;10;;;;;47012.5;0.0
34;14200;ASH_COATED_OSMIUM;10000;10;;;;;10016;14;;;;;10008.5;0.0
34;14200;INTARIAN_PEPPER_ROOT;47007;15;;;;;47021;10;;;;;47014.5;0.0
34;14300;ASH_COATED_OSMIUM;10001;12;9999;25;;;10017;15;10018;12;;;10009.5;0.0
34;14300;INTARIAN_PEPPER_ROOT;47009;9;47008;9;47007;9;47020;10;47023;12;47025;11;47015.0;0.0
34;14400;ASH_COATED_OSMIUM;10003;12;10001;11;9999;10;10019;13;10021;10;10022;12;10011.0;0.0
34;14400;INTARIAN_PEPPER_ROOT;47007;12;;;;;47019;9;;;;;47013.0;0.0
34;14500;ASH_COATED_OSMIUM;10002;13;9999;14;;;10018;14;10020;12;;;10010.5;0.0
34;14500;INTARIAN_PEPPER_ROOT;47005;20;47003;23;;;47019;23;47022;10;;;47012.5;0.0
34;14600;ASH_COATED_OSMIUM;9999;12;9997;15;;;10010;14;10012;12;;;10005.0;0.0
34;14600;INTARIAN_PEPPER_ROOT;47004;9;;;;;47020;10;;;;;47012.0;0.0
34;14700;ASH_COATED_OSMIUM;9994;13;9992;13;9989;14;10013;12;10015;10;10017;14;10004.0;0.0
34;14700;INTARIAN_PEPPER_ROOT;47004;10;47003;8;;;47015;21;47017;9;;;47010.0;0.0
34;14800;ASH_COATED_OSMIUM;10000;10;9999;10;;;10016;5;10019;11;;;10008.0;0.0
34;14800;INTARIAN_PEPPER_ROOT;47012;8;;;;;47024;11;;;;;47018.5;0.0
34;14900;ASH_COATED_OSMIUM;10001;10;9999;12;;;10017;10;10020;10;;;10009.0;0.0
34;14900;INTARIAN_PEPPER_ROOT;47007;21;47006;9;47003;11;47021;9;47023;15;47024;10;47014.0;0.0
34;15000;ASH_COATED_OSMIUM;9998;12;;;;;10017;13;;;;;10008.0;0.0
34;15000;INTARIAN_PEPPER_ROOT;47010;8;;;;;47023;9;;;;;47016.5;0.0
34;15100;ASH_COATED_OSMIUM;9999;15;9996;12;9995;15;10015;12;10017;13;10020;12;10007.0;0.0
34;15100;INTARIAN_PEPPER_ROOT;47008;8;47005;15;;;47022;9;47023;10;;;47015.0;0.0
34;15200;ASH_COATED_OSMIUM;9994;12;9992;10;;;10015;10;10017;11;;;10005.0;0.0
34;15200;INTARIAN_PEPPER_ROOT;47010;8;47007;12;;;47023;8;47025;9;;;47016.5;0.0
34;15300;ASH_COATED_OSMIUM;9994;15;9991;22;;;10013;12;10015;11;;;10004.0;0.0
34;15300;INTARIAN_PEPPER_ROOT;47008;12;47005;10;;;47022;9;47023;12;;;47015.0;0.0
34;15400;ASH_COATED_OSMIUM;9996;12;9995;28;;;10008;20;10009;21;;;10002.0;0.0
34;15400;INTARIAN_PEPPER_ROOT;47011;8;47010;8;47008;9;47015;11;47018;8;47020;25;47013.0;0.0
34;15500;ASH_COATED_OSMIUM;9991;12;9988;10;;;10007;13;10010;25;;;9999.0;0.0
34;15500;INTARIAN_PEPPER_ROOT;47009;15;47008;12;;;47020;12;47022;9;;;47015.0;0.0
34;15600;ASH_COATED_OSMIUM;9990;15;9989;13;;;10006;12;10007;14;;;9998.0;0.0
34;15600;INTARIAN_PEPPER_ROOT;47004;11;;;;;47018;11;;;;;47011.0;0.0
34;15700;ASH_COATED_OSMIUM;9989;13;9988;22;;;10005;12;10007;10;;;9997.5;0.0
34;15700;INTARIAN_PEPPER_ROOT;47010;12;47009;11;;;47024;10;47026;23;;;47017.5;0.0
34;15800;ASH_COATED_OSMIUM;9987;9;9986;13;;;10003;10;10006;13;;;9995.0;0.0
34;15800;INTARIAN_PEPPER_ROOT;47013;8;47010;9;47007;11;47026;7;47029;11;47032;11;47019.5;0.0
34;15900;ASH_COATED_OSMIUM;9985;14;;;;;10001;13;;;;;9993.0;0.0
34;15900;INTARIAN_PEPPER_ROOT;47014;18;47012;12;47011;10;47016;11;47018;15;47019;25;47015.0;0.0
34;16000;ASH_COATED_OSMIUM;9981;12;;;;;9997;14;;;;;9989.5;0.0
34;16000;INTARIAN_PEPPER_ROOT;47011;9;47008;16;47007;12;47023;20;47025;21;47026;8;47017.0;0.0
34;16100;ASH_COATED_OSMIUM;9981;12;9978;12;9977;27;9997;12;9999;15;10000;14;9989.5;0.0
34;16100;INTARIAN_PEPPER_ROOT;47006;12;47003;12;47001;8;47023;11;47025;12;47026;11;47014.5;0.0
34;16200;ASH_COATED_OSMIUM;9979;12;9978;15;;;9995;11;9998;10;;;9987.5;0.0
34;16200;INTARIAN_PEPPER_ROOT;47007;11;;;;;47019;8;;;;;47013.0;0.0
34;16300;ASH_COATED_OSMIUM;9975;11;;;;;9991;14;;;;;9983.5;0.0
34;16300;INTARIAN_PEPPER_ROOT;47008;12;47006;8;47005;11;47020;10;47021;12;47024;11;47014.0;0.0
34;16400;ASH_COATED_OSMIUM;9979;12;9976;12;9974;7;9998;11;10001;2;10004;14;9988.5;0.0
34;16400;INTARIAN_PEPPER_ROOT;47010;16;47009;9;;;47025;9;47028;21;;;47018.0;0.0
34;16500;ASH_COATED_OSMIUM;9984;14;;;;;10000;11;;;;;9992.5;0.0
34;16500;INTARIAN_PEPPER_ROOT;47010;9;;;;;47023;8;;;;;47017.0;0.0
34;16600;ASH_COATED_OSMIUM;9985;10;;;;;10001;10;;;;;9993.0;0.0
34;16600;INTARIAN_PEPPER_ROOT;47011;10;47009;10;;;47025;12;47026;11;;;47018.0;0.0
34;16700;ASH_COATED_OSMIUM;9988;15;9985;15;9983;28;10004;10;10007;21;10008;10;9996.5;0.0
34;16700;INTARIAN_PEPPER_ROOT;47012;10;;;;;47025;11;;;;;47019.0;0.0
34;16800;ASH_COATED_OSMIUM;9991;10;9989;27;9987;15;10007;10;10009;13;10012;12;9999.5;0.0
34;16800;INTARIAN_PEPPER_ROOT;47007;11;47006;11;47005;12;47021;10;47024;15;47026;10;47014.5;0.0
34;16900;ASH_COATED_OSMIUM;9993;13;9992;11;;;10009;11;10011;15;;;10001.0;0.0
34;16900;INTARIAN_PEPPER_ROOT;47008;15;;;;;47021;9;;;;;47014.5;0.0
34;17000;ASH_COATED_OSMIUM;9991;14;9988;13;9985;15;10009;28;10010;13;10011;11;10000.0;0.0
34;17000;INTARIAN_PEPPER_ROOT;47011;10;47008;11;;;47023;11;47026;11;;;47017.0;0.0
34;17100;ASH_COATED_OSMIUM;9992;25;9989;14;;;10008;13;10011;27;;;10000.5;0.0
34;17100;INTARIAN_PEPPER_ROOT;47013;10;47012;20;47011;9;47026;12;47027;10;47029;23;47019.5;0.0
34;17200;ASH_COATED_OSMIUM;9988;12;;;;;10004;15;;;;;9996.5;0.0
34;17200;INTARIAN_PEPPER_ROOT;47009;8;;;;;47024;10;;;;;47016.5;0.0
34;17300;ASH_COATED_OSMIUM;9993;15;9992;14;;;10009;12;10012;22;;;10001.0;0.0
34;17300;INTARIAN_PEPPER_ROOT;47010;11;47007;11;;;47023;15;47025;23;;;47016.5;0.0
34;17400;ASH_COATED_OSMIUM;9992;14;9991;13;9990;15;10010;11;10011;13;10012;25;10001.0;0.0
34;17400;INTARIAN_PEPPER_ROOT;47007;11;47005;11;;;47020;24;47023;9;;;47014.0;0.0
34;17500;ASH_COATED_OSMIUM;9988;13;9985;11;9983;3;10006;12;10008;22;10011;12;9997.5;0.0
34;17500;INTARIAN_PEPPER_ROOT;47013;9;;;;;47025;11;;;;;47019.5;0.0
34;17600;ASH_COATED_OSMIUM;9994;15;9993;15;;;10012;14;10014;14;;;10003.5;0.0
34;17600;INTARIAN_PEPPER_ROOT;47012;8;47009;11;47007;12;47024;25;47026;8;47027;12;47018.0;0.0
34;17700;ASH_COATED_OSMIUM;9995;14;;;;;10011;13;;;;;10003.5;0.0
34;17700;INTARIAN_PEPPER_ROOT;47012;8;;;;;47024;10;;;;;47018.0;0.0
34;17800;ASH_COATED_OSMIUM;9993;10;;;;;10009;13;;;;;10001.5;0.0
34;17800;INTARIAN_PEPPER_ROOT;47009;12;47007;9;47005;9;47020;12;47023;12;47024;8;47015.0;0.0
34;17900;ASH_COATED_OSMIUM;9993;11;;;;;10009;10;;;;;10001.0;0.0
34;17900;INTARIAN_PEPPER_ROOT;47011;8;;;;;47024;9;;;;;47018.0;0.0
34;18000;ASH_COATED_OSMIUM;9995;15;9993;13;;;10011;13;10012;11;;;10003.5;0.0
34;18000;INTARIAN_PEPPER_ROOT;47013;11;47010;8;47008;9;47026;8;47029;10;47032;11;47020.0;0.0
34;18100;ASH_COATED_OSMIUM;9996;10;9994;25;;;10014;14;10015;10;;;10005.0;0.0
34;18100;INTARIAN_PEPPER_ROOT;47010;8;;;;;47022;23;;;;;47016.0;0.0
34;18200;ASH_COATED_OSMIUM;9994;13;;;;;10010;14;;;;;10002.0;0.0
34;18200;INTARIAN_PEPPER_ROOT;47009;8;47008;8;;;47022;10;47023;8;;;47016.0;0.0
34;18300;ASH_COATED_OSMIUM;9995;12;9993;15;9990;29;10011;10;10013;12;10015;10;10003.0;0.0
34;18300;INTARIAN_PEPPER_ROOT;47008;9;;;;;47024;11;;;;;47016.5;0.0
34;18400;ASH_COATED_OSMIUM;10000;15;9999;26;9998;11;10019;11;10021;11;10024;28;10009.5;0.0
34;18400;INTARIAN_PEPPER_ROOT;47011;25;47009;12;;;47028;10;47030;10;;;47019.5;0.0
34;18500;ASH_COATED_OSMIUM;9990;11;9988;12;9987;30;10008;10;10009;12;10010;15;9999.0;0.0
34;18500;INTARIAN_PEPPER_ROOT;47014;8;;;;;47027;22;;;;;47020.5;0.0
34;18600;ASH_COATED_OSMIUM;9988;11;9986;15;;;9998;14;10000;15;;;9993.0;0.0
34;18600;INTARIAN_PEPPER_ROOT;47012;10;;;;;47025;12;;;;;47018.5;0.0
34;18700;ASH_COATED_OSMIUM;9979;14;;;;;9995;24;;;;;9987.5;0.0
34;18700;INTARIAN_PEPPER_ROOT;47014;12;;;;;47027;11;;;;;47020.5;0.0
34;18800;ASH_COATED_OSMIUM;9986;12;;;;;10002;15;;;;;9994.5;0.0
34;18800;INTARIAN_PEPPER_ROOT;47012;9;;;;;47024;21;;;;;47018.5;0.0
34;18900;ASH_COATED_OSMIUM;9984;13;9983;15;;;10000;13;10001;15;;;9992.0;0.0
34;18900;INTARIAN_PEPPER_ROOT;47009;16;47006;8;47005;11;47026;11;47029;12;47030;11;47017.5;0.0
34;19000;ASH_COATED_OSMIUM;9985;28;9983;12;;;10001;15;10004;22;;;9993.5;0.0
34;19000;INTARIAN_PEPPER_ROOT;47013;9;;;;;47026;10;;;;;47019.5;0.0
34;19100;ASH_COATED_OSMIUM;9991;13;9988;20;;;10007;14;10009;10;;;9999.5;0.0
34;19100;INTARIAN_PEPPER_ROOT;47013;11;;;;;47025;11;;;;;47019.0;0.0
34;19200;ASH_COATED_OSMIUM;9990;12;;;;;10006;28;;;;;9998.0;0.0
34;19200;INTARIAN_PEPPER_ROOT;47014;24;47011;9;47009;11;47026;10;47028;12;47030;10;47020.0;0.0
34;19300;ASH_COATED_OSMIUM;9995;11;9994;14;;;10011;10;10013;10;;;10003.0;0.0
34;19300;INTARIAN_PEPPER_ROOT;47012;11;47011;12;;;47024;12;47026;10;;;47018.5;0.0
34;19400;ASH_COATED_OSMIUM;9995;13;9993;10;9990;23;10011;14;10012;11;10014;21;10003.5;0.0
34;19400;INTARIAN_PEPPER_ROOT;47012;9;;;;;47023;15;;;;;47018.0;0.0
34;19500;ASH_COATED_OSMIUM;9987;10;;;;;10006;10;;;;;9997.0;0.0
34;19500;INTARIAN_PEPPER_ROOT;47011;9;47009;19;47007;12;47025;12;47028;8;47030;10;47018.5;0.0
34;19600;ASH_COATED_OSMIUM;9984;28;9982;10;9981;15;10003;25;10005;13;10006;14;9993.5;0.0
34;19600;INTARIAN_PEPPER_ROOT;47013;11;47011;9;;;47026;12;47029;11;;;47020.0;0.0
34;19700;ASH_COATED_OSMIUM;9987;7;9984;5;9982;15;10003;11;10004;12;10005;13;9995.0;0.0
34;19700;INTARIAN_PEPPER_ROOT;47012;11;;;;;47024;10;;;;;47018.0;0.0
34;19800;ASH_COATED_OSMIUM;9984;10;9982;12;;;10000;12;10001;15;;;9992.5;0.0
34;19800;INTARIAN_PEPPER_ROOT;47013;8;47010;8;47009;11;47024;24;47026;9;47029;10;47019.0;0.0
34;19900;ASH_COATED_OSMIUM;9990;10;9988;14;;;10006;12;10009;15;;;9998.0;0.0
34;19900;INTARIAN_PEPPER_ROOT;47011;12;47009;12;;;47023;24;47026;8;;;47017.0;0.0
34;20000;ASH_COATED_OSMIUM;10000;28;;;;;10016;22;;;;;10008.5;0.0
34;20000;INTARIAN_PEPPER_ROOT;47017;11;47015;8;;;47028;9;47029;9;;;47022.5;0.0
34;20100;ASH_COATED_OSMIUM;10000;20;9999;15;9998;12;10016;11;10019;14;10021;27;10008.0;0.0
34;20100;INTARIAN_PEPPER_ROOT;47012;11;47011;9;;;47023;12;47025;10;;;47018.0;0.0
34;20200;ASH_COATED_OSMIUM;10002;14;10001;10;9999;15;10021;12;10024;13;10025;15;10012.0;0.0
34;20200;INTARIAN_PEPPER_ROOT;47014;12;47012;8;;;47028;9;47030;25;;;47021.5;0.0
34;20300;ASH_COATED_OSMIUM;10004;11;10001;15;;;10020;10;10021;15;;;10012.0;0.0
34;20300;INTARIAN_PEPPER_ROOT;47017;11;47016;12;;;47029;18;47030;20;;;47023.0;0.0
34;20400;ASH_COATED_OSMIUM;10001;11;10000;11;;;10017;11;10018;10;;;10009.0;0.0
34;20400;INTARIAN_PEPPER_ROOT;47014;8;47011;12;;;47025;8;47028;10;;;47020.0;0.0
34;20500;ASH_COATED_OSMIUM;9996;13;9993;13;;;10012;11;10013;25;;;10004.5;0.0
34;20500;INTARIAN_PEPPER_ROOT;47018;16;47016;11;;;47020;25;47022;8;;;47019.0;0.0
34;20600;ASH_COATED_OSMIUM;9997;13;;;;;10016;20;;;;;10007.0;0.0
34;20600;INTARIAN_PEPPER_ROOT;47015;11;47012;11;;;47029;8;47032;10;;;47022.5;0.0
34;20700;ASH_COATED_OSMIUM;9994;12;;;;;10010;10;;;;;10002.0;0.0
34;20700;INTARIAN_PEPPER_ROOT;47014;10;;;;;47027;12;;;;;47020.5;0.0
34;20800;ASH_COATED_OSMIUM;9998;11;9995;15;9994;12;10016;15;10019;10;10021;27;10007.0;0.0
34;20800;INTARIAN_PEPPER_ROOT;47011;10;47010;12;47007;11;47026;9;47028;9;47030;11;47019.0;0.0
34;20900;ASH_COATED_OSMIUM;9998;13;9995;21;9992;11;10016;15;10018;12;10021;11;10007.0;0.0
34;20900;INTARIAN_PEPPER_ROOT;47011;10;47009;12;;;47024;11;47026;12;;;47018.0;0.0
34;21000;ASH_COATED_OSMIUM;9990;10;9987;13;;;10009;13;10011;13;;;10000.0;0.0
34;21000;INTARIAN_PEPPER_ROOT;47014;9;47013;20;47012;8;47026;12;47028;11;47030;9;47020.0;0.0
34;21100;ASH_COATED_OSMIUM;9986;12;;;;;10002;30;;;;;9994.0;0.0
34;21100;INTARIAN_PEPPER_ROOT;47017;12;47014;9;;;47030;9;47031;12;;;47024.0;0.0
34;21200;ASH_COATED_OSMIUM;9987;11;9985;11;;;10005;12;10006;13;;;9996.0;0.0
34;21200;INTARIAN_PEPPER_ROOT;47015;12;47014;8;;;47027;8;47029;15;;;47021.0;0.0
34;21300;ASH_COATED_OSMIUM;9989;12;9987;13;9984;14;10007;11;10008;12;10010;13;9998.5;0.0
34;21300;INTARIAN_PEPPER_ROOT;47019;20;47017;8;47015;10;47031;10;47033;11;47036;23;47025.0;0.0
34;21400;ASH_COATED_OSMIUM;9994;14;9993;14;;;10010;14;10013;12;;;10002.0;0.0
34;21400;INTARIAN_PEPPER_ROOT;47014;8;;;;;47025;11;;;;;47020.0;0.0
34;21500;ASH_COATED_OSMIUM;10000;10;;;;;10016;11;;;;;10008.0;0.0
34;21500;INTARIAN_PEPPER_ROOT;47015;10;47013;10;47011;22;47026;11;47027;24;47030;12;47021.0;0.0
34;21600;ASH_COATED_OSMIUM;9994;24;;;;;10010;12;;;;;10002.5;0.0
34;21600;INTARIAN_PEPPER_ROOT;47013;11;;;;;47026;21;;;;;47019.5;0.0
34;21700;ASH_COATED_OSMIUM;9992;14;;;;;10008;12;;;;;10000.5;0.0
34;21700;INTARIAN_PEPPER_ROOT;47011;11;47009;8;47008;12;47024;10;47026;8;47027;9;47017.5;0.0
34;21800;ASH_COATED_OSMIUM;9990;12;9988;13;9986;21;10006;13;10007;14;10008;15;9998.0;0.0
34;21800;INTARIAN_PEPPER_ROOT;47016;5;;;;;47030;9;;;;;47023.0;0.0
34;21900;ASH_COATED_OSMIUM;9986;13;9984;12;9981;11;10002;12;10005;26;10006;24;9994.0;0.0
34;21900;INTARIAN_PEPPER_ROOT;47018;10;;;;;47031;12;;;;;47024.5;0.0
34;22000;ASH_COATED_OSMIUM;9986;13;;;;;10002;12;;;;;9994.5;0.0
34;22000;INTARIAN_PEPPER_ROOT;47016;11;;;;;47030;24;;;;;47023.0;0.0
34;22100;ASH_COATED_OSMIUM;9990;14;9988;5;;;10006;13;10008;13;;;9998.0;0.0
34;22100;INTARIAN_PEPPER_ROOT;47013;19;47010;10;47007;11;47026;8;47029;25;47032;9;47019.5;0.0
34;22200;ASH_COATED_OSMIUM;9984;12;9983;14;;;10005;10;10007;15;;;9994.5;0.0
34;22200;INTARIAN_PEPPER_ROOT;47015;15;47012;11;;;47027;8;47030;10;;;47021.5;0.0
34;22300;ASH_COATED_OSMIUM;9987;13;9984;11;;;10003;26;10006;11;;;9995.0;0.0
34;22300;INTARIAN_PEPPER_ROOT;47014;10;47013;23;;;47027;9;47029;12;;;47020.5;0.0
34;22400;ASH_COATED_OSMIUM;9990;15;9987;15;9984;23;10008;14;10010;27;10011;14;9999.5;0.0
34;22400;INTARIAN_PEPPER_ROOT;47015;12;47013;11;47010;23;47027;11;47030;9;47032;8;47021.5;0.0
34;22500;ASH_COATED_OSMIUM;9991;10;9990;10;9988;14;10007;15;10010;24;10011;10;9999.0;0.0
34;22500;INTARIAN_PEPPER_ROOT;47019;12;47016;23;;;47031;20;47034;9;;;47025.5;0.0
34;22600;ASH_COATED_OSMIUM;9992;23;9991;13;9990;12;10008;15;10009;12;10011;15;10000.0;0.0
34;22600;INTARIAN_PEPPER_ROOT;47010;9;47007;11;;;47024;11;47027;21;;;47017.5;0.0
34;22700;ASH_COATED_OSMIUM;9988;21;;;;;10007;14;;;;;9998.0;0.0
34;22700;INTARIAN_PEPPER_ROOT;47017;16;;;;;47029;12;;;;;47023.0;0.0
34;22800;ASH_COATED_OSMIUM;9983;12;;;;;9999;10;;;;;9991.0;0.0
34;22800;INTARIAN_PEPPER_ROOT;47014;12;47013;11;;;47030;10;47033;10;;;47022.5;0.0
34;22900;ASH_COATED_OSMIUM;9990;14;;;;;9999;11;;;;;9995.0;0.0
34;22900;INTARIAN_PEPPER_ROOT;47018;12;;;;;47032;11;;;;;47025.5;0.0
34;23000;ASH_COATED_OSMIUM;9989;14;9986;13;9984;26;10007;11;10008;13;10010;11;9998.0;0.0
34;23000;INTARIAN_PEPPER_ROOT;47017;12;47015;8;47012;20;47029;12;47032;9;47033;9;47023.5;0.0
34;23100;ASH_COATED_OSMIUM;9993;10;9991;26;;;10003;12;10004;13;;;9998.5;0.0
34;23100;INTARIAN_PEPPER_ROOT;47016;9;47013;16;47011;9;47031;10;47033;10;47036;12;47023.5;0.0
34;23200;ASH_COATED_OSMIUM;9990;13;;;;;10006;11;;;;;9998.0;0.0
34;23200;INTARIAN_PEPPER_ROOT;47013;11;47011;8;47010;8;47025;11;47027;12;47029;10;47019.0;0.0
34;23300;ASH_COATED_OSMIUM;9991;15;;;;;10007;13;;;;;9999.5;0.0
34;23300;INTARIAN_PEPPER_ROOT;47017;9;;;;;47028;11;;;;;47023.0;0.0
34;23400;ASH_COATED_OSMIUM;9994;29;;;;;10010;11;;;;;10002.0;0.0
34;23400;INTARIAN_PEPPER_ROOT;47019;11;47017;10;47015;9;47030;9;47031;11;47033;25;47024.5;0.0
34;23500;ASH_COATED_OSMIUM;9993;13;;;;;10009;14;;;;;10001.5;0.0
34;23500;INTARIAN_PEPPER_ROOT;47017;12;47015;8;47012;8;47031;15;47034;12;47035;24;47024.0;0.0
34;23600;ASH_COATED_OSMIUM;9995;13;;;;;10011;15;;;;;10003.0;0.0
34;23600;INTARIAN_PEPPER_ROOT;47020;10;;;;;47033;8;;;;;47027.0;0.0
34;23700;ASH_COATED_OSMIUM;9991;12;9989;29;;;10007;11;10008;14;;;9999.0;0.0
34;23700;INTARIAN_PEPPER_ROOT;47015;17;;;;;47029;18;;;;;47022.5;0.0
34;23800;ASH_COATED_OSMIUM;9990;14;9988;15;9985;13;10006;12;10008;10;10011;11;9998.0;0.0
34;23800;INTARIAN_PEPPER_ROOT;47017;11;47014;9;47013;9;47029;9;47031;12;47033;11;47023.5;0.0
34;23900;ASH_COATED_OSMIUM;9997;10;9994;14;;;10013;12;10016;12;;;10005.5;0.0
34;23900;INTARIAN_PEPPER_ROOT;47022;16;;;;;47025;8;;;;;47023.5;0.0
34;24000;ASH_COATED_OSMIUM;9997;15;;;;;10013;14;;;;;10005.5;0.0
34;24000;INTARIAN_PEPPER_ROOT;47019;10;;;;;47032;12;;;;;47026.0;0.0
34;24100;ASH_COATED_OSMIUM;9998;12;9997;13;9995;15;10014;15;10015;11;10016;14;10006.5;0.0
34;24100;INTARIAN_PEPPER_ROOT;47016;10;47015;8;47012;11;47029;8;47032;8;47035;5;47022.5;0.0
34;24200;ASH_COATED_OSMIUM;9997;12;;;;;10013;13;;;;;10005.0;0.0
34;24200;INTARIAN_PEPPER_ROOT;47014;12;47012;9;47011;9;47033;12;47035;8;47038;18;47023.5;0.0
34;24300;ASH_COATED_OSMIUM;9999;14;9997;15;;;10015;10;10018;10;;;10007.0;0.0
34;24300;INTARIAN_PEPPER_ROOT;47017;22;47016;9;47014;8;47029;11;47032;12;47034;19;47023.0;0.0
34;24400;ASH_COATED_OSMIUM;9996;14;;;;;10012;25;;;;;10004.0;0.0
34;24400;INTARIAN_PEPPER_ROOT;47017;9;47015;9;;;47033;10;47035;10;;;47025.0;0.0
34;24500;ASH_COATED_OSMIUM;9993;10;9992;10;9989;12;10009;12;10011;13;10012;12;10001.5;0.0
34;24500;INTARIAN_PEPPER_ROOT;47018;19;47016;8;;;47034;10;47036;10;;;47026.5;0.0
34;24600;ASH_COATED_OSMIUM;9986;14;;;;;10004;13;;;;;9995.5;0.0
34;24600;INTARIAN_PEPPER_ROOT;47015;9;;;;;47029;12;;;;;47022.5;0.0
34;24700;ASH_COATED_OSMIUM;9992;13;;;;;10008;10;;;;;10000.0;0.0
34;24700;INTARIAN_PEPPER_ROOT;47021;10;47018;11;47017;11;47034;9;47036;8;47037;20;47028.0;0.0
34;24800;ASH_COATED_OSMIUM;9993;12;9991;10;9989;15;10009;11;10011;10;10014;15;10001.0;0.0
34;24800;INTARIAN_PEPPER_ROOT;47020;8;47017;9;;;47032;12;47035;12;;;47026.5;0.0
34;24900;ASH_COATED_OSMIUM;9990;12;9989;13;;;10006;12;10009;15;;;9998.0;0.0
34;24900;INTARIAN_PEPPER_ROOT;47021;12;47018;8;47015;12;47032;12;47034;11;47036;10;47027.0;0.0
34;25000;ASH_COATED_OSMIUM;9982;14;9981;13;9978;14;10000;12;10002;15;10004;20;9991.0;0.0
34;25000;INTARIAN_PEPPER_ROOT;47018;10;47017;10;47014;20;47033;11;47035;9;47037;18;47025.5;0.0
34;25100;ASH_COATED_OSMIUM;9990;28;9987;11;;;10006;15;10009;5;;;9998.0;0.0
34;25100;INTARIAN_PEPPER_ROOT;47021;9;;;;;47032;9;;;;;47026.5;0.0
34;25200;ASH_COATED_OSMIUM;9994;11;9993;15;9992;11;10010;11;10012;11;10015;2;10002.5;0.0
34;25200;INTARIAN_PEPPER_ROOT;47018;21;47017;10;47014;12;47030;11;47033;9;47034;25;47024.0;0.0
34;25300;ASH_COATED_OSMIUM;9991;11;9988;14;9987;10;10010;13;10013;13;10014;14;10000.5;0.0
34;25300;INTARIAN_PEPPER_ROOT;47018;11;47017;8;47015;9;47033;21;47035;9;47036;11;47026.0;0.0
34;25400;ASH_COATED_OSMIUM;9997;11;9996;23;9994;11;10008;14;10009;24;10010;11;10003.0;0.0
34;25400;INTARIAN_PEPPER_ROOT;47023;9;47021;3;47018;12;47026;11;47028;11;47029;8;47025.0;0.0
34;25500;ASH_COATED_OSMIUM;9992;12;9990;15;9988;10;10010;15;10012;15;10014;10;10001.5;0.0
34;25500;INTARIAN_PEPPER_ROOT;47024;22;47023;12;;;47033;9;47034;10;;;47028.5;0.0
34;25600;ASH_COATED_OSMIUM;9989;14;9986;4;;;10005;11;10006;15;;;9997.5;0.0
34;25600;INTARIAN_PEPPER_ROOT;47021;8;47018;12;;;47038;12;47040;12;;;47029.5;0.0
34;25700;ASH_COATED_OSMIUM;9984;15;9982;15;;;10000;20;10001;13;;;9992.0;0.0
34;25700;INTARIAN_PEPPER_ROOT;47021;9;47018;10;47017;12;47034;7;47035;9;47036;11;47028.0;0.0
34;25800;ASH_COATED_OSMIUM;9984;11;9983;12;;;10000;10;10002;27;;;9992.0;0.0
34;25800;INTARIAN_PEPPER_ROOT;47016;21;47015;19;;;47028;9;47030;11;;;47022.5;0.0
34;25900;ASH_COATED_OSMIUM;9988;30;;;;;10006;12;;;;;9997.0;0.0
34;25900;INTARIAN_PEPPER_ROOT;47022;10;;;;;47035;11;;;;;47028.5;0.0
34;26000;ASH_COATED_OSMIUM;9992;15;;;;;10008;10;;;;;10000.5;0.0
34;26000;INTARIAN_PEPPER_ROOT;47018;8;47015;10;47014;19;47034;9;47036;12;47038;9;47026.0;0.0
34;26100;ASH_COATED_OSMIUM;9988;11;;;;;10007;5;;;;;9997.5;0.0
34;26100;INTARIAN_PEPPER_ROOT;47020;12;;;;;47033;8;;;;;47026.5;0.0
34;26200;ASH_COATED_OSMIUM;9994;13;9991;13;9988;15;10007;26;10010;30;10013;15;10001.0;0.0
34;26200;INTARIAN_PEPPER_ROOT;47020;10;47019;11;;;47032;11;47035;9;;;47026.0;0.0
34;26300;ASH_COATED_OSMIUM;9991;14;;;;;10007;14;;;;;9999.0;0.0
34;26300;INTARIAN_PEPPER_ROOT;47018;9;;;;;47031;8;;;;;47025.0;0.0
34;26400;ASH_COATED_OSMIUM;9990;13;9989;14;;;10006;14;10007;12;;;9998.0;0.0
34;26400;INTARIAN_PEPPER_ROOT;47019;8;47018;12;47017;11;47034;9;47035;11;47037;8;47027.0;0.0
34;26500;ASH_COATED_OSMIUM;9992;15;9990;11;9989;14;10008;10;10011;13;10014;15;10000.0;0.0
34;26500;INTARIAN_PEPPER_ROOT;47020;9;47018;8;;;47032;10;47033;12;;;47026.0;0.0
34;26600;ASH_COATED_OSMIUM;9993;11;9992;25;;;10009;15;10010;15;;;10001.5;0.0
34;26600;INTARIAN_PEPPER_ROOT;47016;8;;;;;47030;12;;;;;47023.5;0.0
34;26700;ASH_COATED_OSMIUM;9993;10;;;;;10009;15;;;;;10001.5;0.0
34;26700;INTARIAN_PEPPER_ROOT;47017;9;;;;;47034;15;;;;;47025.5;0.0
34;26800;ASH_COATED_OSMIUM;9990;13;9987;10;9984;11;10006;20;10007;14;10008;13;9998.0;0.0
34;26800;INTARIAN_PEPPER_ROOT;47025;25;47024;9;;;47039;8;47040;8;;;47032.0;0.0
34;26900;ASH_COATED_OSMIUM;9992;13;9989;15;;;10008;15;10009;10;;;10000.0;0.0
34;26900;INTARIAN_PEPPER_ROOT;47022;12;47021;9;;;47034;10;47036;8;;;47028.5;0.0
34;27000;ASH_COATED_OSMIUM;9996;14;9994;23;;;10009;10;10012;13;;;10002.5;0.0
34;27000;INTARIAN_PEPPER_ROOT;47023;21;47022;11;;;47036;11;47038;10;;;47029.5;0.0
34;27100;ASH_COATED_OSMIUM;9997;14;9994;23;9991;14;10015;25;10018;11;10020;24;10006.0;0.0
34;27100;INTARIAN_PEPPER_ROOT;47019;10;47017;8;;;47033;12;47036;12;;;47026.5;0.0
34;27200;ASH_COATED_OSMIUM;9997;10;;;;;10013;15;;;;;10005.0;0.0
34;27200;INTARIAN_PEPPER_ROOT;47017;10;;;;;47031;19;;;;;47024.5;0.0
34;27300;ASH_COATED_OSMIUM;9993;12;9992;21;;;10011;14;10013;29;;;10002.5;0.0
34;27300;INTARIAN_PEPPER_ROOT;47020;12;47017;9;;;47037;9;47039;11;;;47028.5;0.0
34;27400;ASH_COATED_OSMIUM;9992;14;9991;12;9989;13;10008;13;10009;14;10011;10;10000.5;0.0
34;27400;INTARIAN_PEPPER_ROOT;47018;8;47016;25;47014;8;47031;10;47034;11;47037;11;47025.0;0.0
34;27500;ASH_COATED_OSMIUM;9992;13;;;;;10008;27;;;;;10000.0;0.0
34;27500;INTARIAN_PEPPER_ROOT;47024;12;;;;;47038;21;;;;;47031.0;0.0
34;27600;ASH_COATED_OSMIUM;9993;10;;;;;10003;5;;;;;9998.5;0.0
34;27600;INTARIAN_PEPPER_ROOT;47020;10;;;;;47034;8;;;;;47027.5;0.0
34;27700;ASH_COATED_OSMIUM;9991;10;9988;14;;;10007;14;10009;12;;;9999.0;0.0
34;27700;INTARIAN_PEPPER_ROOT;47022;10;47019;10;;;47036;10;47039;8;;;47029.5;0.0
34;27800;ASH_COATED_OSMIUM;9983;14;9980;12;;;9999;12;10000;10;;;9991.0;0.0
34;27800;INTARIAN_PEPPER_ROOT;47023;11;;;;;47035;8;;;;;47029.0;0.0
34;27900;ASH_COATED_OSMIUM;9983;13;;;;;9999;14;;;;;9991.5;0.0
34;27900;INTARIAN_PEPPER_ROOT;47022;9;47021;9;;;47033;8;47034;9;;;47028.0;0.0
34;28000;ASH_COATED_OSMIUM;9985;15;9982;13;9981;14;9991;11;9993;15;9995;13;9988.0;0.0
34;28000;INTARIAN_PEPPER_ROOT;47024;19;47021;12;;;47037;12;47040;22;;;47030.5;0.0
34;28100;ASH_COATED_OSMIUM;9977;11;9976;10;9973;13;9987;15;9988;13;9989;14;9982.0;0.0
34;28100;INTARIAN_PEPPER_ROOT;47019;11;47017;11;;;47032;12;47035;10;;;47025.5;0.0
34;28200;ASH_COATED_OSMIUM;9973;15;9972;12;9969;14;9991;12;9993;12;9996;15;9982.0;0.0
34;28200;INTARIAN_PEPPER_ROOT;47021;9;47020;8;;;47033;9;47035;20;;;47027.0;0.0
34;28300;ASH_COATED_OSMIUM;9981;14;9978;10;;;9997;10;10000;6;;;9989.5;0.0
34;28300;INTARIAN_PEPPER_ROOT;47022;8;47021;8;;;47034;11;47036;9;;;47028.0;0.0
34;28400;ASH_COATED_OSMIUM;9986;15;;;;;10002;15;;;;;9994.5;0.0
34;28400;INTARIAN_PEPPER_ROOT;47023;12;;;;;47036;8;;;;;47029.5;0.0
34;28500;ASH_COATED_OSMIUM;9993;14;9990;15;;;10009;1;10010;15;;;10001.0;0.0
34;28500;INTARIAN_PEPPER_ROOT;47023;9;47022;9;47020;11;47035;9;47037;23;47040;11;47029.5;0.0
34;28600;ASH_COATED_OSMIUM;9996;22;9993;12;9992;12;10015;15;10018;29;10019;10;10006.0;0.0
34;28600;INTARIAN_PEPPER_ROOT;47020;8;;;;;47033;9;;;;;47027.0;0.0
34;28700;ASH_COATED_OSMIUM;9997;12;9994;14;;;10013;10;10014;11;;;10005.5;0.0
34;28700;INTARIAN_PEPPER_ROOT;47022;9;47020;11;;;47035;8;47036;11;;;47028.5;0.0
34;28800;ASH_COATED_OSMIUM;10001;12;9999;22;;;10017;27;10020;5;;;10009.0;0.0
34;28800;INTARIAN_PEPPER_ROOT;47020;11;;;;;47033;9;;;;;47026.5;0.0
34;28900;ASH_COATED_OSMIUM;10005;30;10002;11;10000;14;10021;11;10023;13;10026;13;10013.5;0.0
34;28900;INTARIAN_PEPPER_ROOT;47028;9;47027;12;;;47041;8;47043;12;;;47035.0;0.0
34;29000;ASH_COATED_OSMIUM;9998;10;9997;25;;;10014;10;10016;13;;;10006.0;0.0
34;29000;INTARIAN_PEPPER_ROOT;47021;10;47019;11;;;47038;10;47040;9;;;47030.0;0.0
34;29100;ASH_COATED_OSMIUM;10002;10;;;;;10018;12;;;;;10010.5;0.0
34;29100;INTARIAN_PEPPER_ROOT;47022;10;47019;12;;;47039;19;47042;11;;;47031.0;0.0
34;29200;ASH_COATED_OSMIUM;10004;12;;;;;10022;26;;;;;10013.5;0.0
34;29200;INTARIAN_PEPPER_ROOT;47025;11;;;;;47037;12;;;;;47031.5;0.0
34;29300;ASH_COATED_OSMIUM;10004;14;10003;14;10000;22;10022;11;10023;10;10026;14;10013.5;0.0
34;29300;INTARIAN_PEPPER_ROOT;47026;12;47024;5;;;47039;8;47041;9;;;47032.5;0.0
34;29400;ASH_COATED_OSMIUM;10007;21;10004;11;10002;12;10017;13;10019;10;10021;12;10012.5;0.0
34;29400;INTARIAN_PEPPER_ROOT;47018;12;47016;12;;;47035;16;47038;12;;;47026.5;0.0
34;29500;ASH_COATED_OSMIUM;10002;30;;;;;10018;12;;;;;10010.0;0.0
34;29500;INTARIAN_PEPPER_ROOT;47025;12;;;;;47038;10;;;;;47032.0;0.0
34;29600;ASH_COATED_OSMIUM;10002;20;;;;;10018;10;;;;;10010.0;0.0
34;29600;INTARIAN_PEPPER_ROOT;47023;12;47022;12;47020;10;47040;10;47041;8;47043;16;47032.0;0.0
34;29700;ASH_COATED_OSMIUM;10000;12;9998;15;;;10016;11;10017;14;;;10008.0;0.0
34;29700;INTARIAN_PEPPER_ROOT;47023;17;;;;;47036;20;;;;;47030.0;0.0
34;29800;ASH_COATED_OSMIUM;9995;10;;;;;10005;13;;;;;10000.5;0.0
34;29800;INTARIAN_PEPPER_ROOT;47027;12;;;;;47030;11;;;;;47029.0;0.0
34;29900;ASH_COATED_OSMIUM;9992;15;;;;;10008;13;;;;;10000.0;0.0
34;29900;INTARIAN_PEPPER_ROOT;47020;8;47018;10;47015;12;47033;11;47036;8;47038;9;47026.5;0.0
34;30000;ASH_COATED_OSMIUM;9997;10;9994;15;;;10016;13;10018;21;;;10007.0;0.0
34;30000;INTARIAN_PEPPER_ROOT;47025;12;47022;12;47020;9;47037;9;47038;11;47039;11;47031.5;0.0
34;30100;ASH_COATED_OSMIUM;9992;15;;;;;10008;28;;;;;10000.0;0.0
34;30100;INTARIAN_PEPPER_ROOT;47025;23;47022;11;47020;18;47038;8;47041;12;47043;15;47032.0;0.0
34;30200;ASH_COATED_OSMIUM;9990;15;9987;22;;;10001;14;10002;15;;;9996.0;0.0
34;30200;INTARIAN_PEPPER_ROOT;47021;12;;;;;47035;19;;;;;47028.0;0.0
34;30300;ASH_COATED_OSMIUM;9986;12;9985;15;;;10002;10;10003;15;;;9994.5;0.0
34;30300;INTARIAN_PEPPER_ROOT;47021;8;47020;12;;;47037;8;47038;10;;;47029.5;0.0
34;30400;ASH_COATED_OSMIUM;9984;13;9983;26;;;10000;11;10001;14;;;9992.0;0.0
34;30400;INTARIAN_PEPPER_ROOT;47021;9;;;;;47039;12;;;;;47030.0;0.0
34;30500;ASH_COATED_OSMIUM;9980;12;9977;11;9974;24;9998;11;9999;11;10001;12;9989.0;0.0
34;30500;INTARIAN_PEPPER_ROOT;47026;10;47025;11;;;47038;11;47040;12;;;47032.0;0.0
34;30600;ASH_COATED_OSMIUM;9980;15;9979;15;;;9996;5;9998;13;;;9988.0;0.0
34;30600;INTARIAN_PEPPER_ROOT;47024;21;;;;;47038;22;;;;;47031.0;0.0
34;30700;ASH_COATED_OSMIUM;9978;11;9976;11;;;9984;14;9985;12;;;9981.5;0.0
34;30700;INTARIAN_PEPPER_ROOT;47023;11;;;;;47037;8;;;;;47030.0;0.0
34;30800;ASH_COATED_OSMIUM;9976;10;9973;12;9970;14;9994;12;9995;12;9997;11;9985.0;0.0
34;30800;INTARIAN_PEPPER_ROOT;47023;10;47022;12;;;47037;9;47039;10;;;47030.5;0.0
34;30900;ASH_COATED_OSMIUM;9974;10;9971;11;;;9993;5;9996;22;;;9984.0;0.0
34;30900;INTARIAN_PEPPER_ROOT;47027;8;47025;12;;;47038;11;47039;15;;;47032.5;0.0
34;31000;ASH_COATED_OSMIUM;9978;10;;;;;9994;14;;;;;9986.5;0.0
34;31000;INTARIAN_PEPPER_ROOT;47024;8;47021;11;47020;12;47038;10;47039;8;47042;11;47031.0;0.0
34;31100;ASH_COATED_OSMIUM;9987;11;;;;;9997;15;;;;;9992.0;0.0
34;31100;INTARIAN_PEPPER_ROOT;47027;10;;;;;47042;16;;;;;47035.0;0.0
34;31200;ASH_COATED_OSMIUM;9977;15;9976;12;9974;13;9996;13;9997;22;9999;13;9986.5;0.0
34;31200;INTARIAN_PEPPER_ROOT;47023;11;47020;9;47017;12;47036;3;47038;12;47041;9;47029.5;0.0
34;31300;ASH_COATED_OSMIUM;9978;13;;;;;9994;15;;;;;9986.0;0.0
34;31300;INTARIAN_PEPPER_ROOT;47021;8;47019;11;;;47035;23;47037;12;;;47028.5;0.0
34;31400;ASH_COATED_OSMIUM;9984;13;9981;12;;;10000;29;10002;14;;;9992.5;0.0
34;31400;INTARIAN_PEPPER_ROOT;47025;10;47022;12;;;47043;8;47045;12;;;47034.5;0.0
34;31500;ASH_COATED_OSMIUM;9988;10;9985;12;9983;15;10004;10;10005;15;10007;11;9996.5;0.0
34;31500;INTARIAN_PEPPER_ROOT;47024;12;;;;;47039;10;;;;;47031.5;0.0
34;31600;ASH_COATED_OSMIUM;9985;24;;;;;10004;13;;;;;9994.5;0.0
34;31600;INTARIAN_PEPPER_ROOT;47022;12;47021;9;;;47035;8;47037;8;;;47028.5;0.0
34;31700;ASH_COATED_OSMIUM;9990;11;;;;;10006;15;;;;;9998.5;0.0
34;31700;INTARIAN_PEPPER_ROOT;47028;11;;;;;47040;10;;;;;47034.5;0.0
34;31800;ASH_COATED_OSMIUM;9987;13;9984;11;;;10003;11;10004;15;;;9995.0;0.0
34;31800;INTARIAN_PEPPER_ROOT;47030;9;;;;;47043;12;;;;;47036.5;0.0
34;31900;ASH_COATED_OSMIUM;9992;12;9989;14;9987;21;10004;14;10006;14;10009;25;9998.5;0.0
34;31900;INTARIAN_PEPPER_ROOT;47028;8;;;;;47041;12;;;;;47035.0;0.0
34;32000;ASH_COATED_OSMIUM;9993;14;9991;13;;;10009;12;10010;13;;;10001.0;0.0
34;32000;INTARIAN_PEPPER_ROOT;47025;10;47023;15;47021;12;47037;6;47039;9;47041;16;47031.0;0.0
34;32100;ASH_COATED_OSMIUM;9988;13;9987;10;;;10007;10;10010;14;;;9997.5;0.0
34;32100;INTARIAN_PEPPER_ROOT;47026;12;47024;9;47021;15;47039;8;47040;20;47043;11;47033.0;0.0
34;32200;ASH_COATED_OSMIUM;9990;29;;;;;10009;12;;;;;9999.5;0.0
34;32200;INTARIAN_PEPPER_ROOT;47026;23;47023;10;47022;10;47037;9;47039;12;47040;11;47031.5;0.0
34;32300;ASH_COATED_OSMIUM;9995;10;9992;13;9990;11;10011;12;10014;23;10016;13;10003.5;0.0
34;32300;INTARIAN_PEPPER_ROOT;47026;10;47023;8;;;47038;12;47040;12;;;47032.5;0.0
34;32400;ASH_COATED_OSMIUM;9988;13;9986;26;9983;24;10004;26;10005;13;10008;11;9996.5;0.0
34;32400;INTARIAN_PEPPER_ROOT;47026;12;;;;;47042;12;;;;;47034.5;0.0
34;32500;ASH_COATED_OSMIUM;9992;15;9989;12;;;10008;10;10011;14;;;10000.0;0.0
34;32500;INTARIAN_PEPPER_ROOT;47029;9;47027;12;47024;10;47042;25;47044;8;47047;11;47035.5;0.0
34;32600;ASH_COATED_OSMIUM;9994;26;;;;;10010;4;;;;;10002.0;0.0
34;32600;INTARIAN_PEPPER_ROOT;47026;8;47025;10;;;47038;12;47039;11;;;47032.5;0.0
34;32700;ASH_COATED_OSMIUM;9995;13;9992;14;9991;12;10011;13;10013;12;10015;10;10003.5;0.0
34;32700;INTARIAN_PEPPER_ROOT;47026;8;47024;6;;;47037;12;47038;11;;;47031.5;0.0
34;32800;ASH_COATED_OSMIUM;9989;12;;;;;10005;13;;;;;9997.5;0.0
34;32800;INTARIAN_PEPPER_ROOT;47031;15;47029;12;47026;9;47042;11;47043;25;47044;10;47037.0;0.0
34;32900;ASH_COATED_OSMIUM;9990;15;9988;4;9985;13;10006;4;10007;10;10010;21;9998.5;0.0
34;32900;INTARIAN_PEPPER_ROOT;47027;8;47025;11;;;47041;7;47043;17;;;47034.0;0.0
34;33000;ASH_COATED_OSMIUM;9993;15;9990;15;9989;14;10009;13;10011;10;10013;10;10001.0;0.0
34;33000;INTARIAN_PEPPER_ROOT;47028;9;47025;9;;;47040;9;47041;10;;;47034.0;0.0
34;33100;ASH_COATED_OSMIUM;9990;2;9988;10;;;10009;11;10012;12;;;9999.5;0.0
34;33100;INTARIAN_PEPPER_ROOT;47029;10;47027;12;;;47043;9;47045;8;;;47036.5;0.0
34;33200;ASH_COATED_OSMIUM;9988;15;9986;12;;;10006;13;10008;10;;;9997.5;0.0
34;33200;INTARIAN_PEPPER_ROOT;47030;22;;;;;47044;9;;;;;47037.5;0.0
34;33300;ASH_COATED_OSMIUM;9994;15;9993;10;;;10012;13;10013;13;;;10003.5;0.0
34;33300;INTARIAN_PEPPER_ROOT;47024;9;47022;11;;;47039;12;47041;9;;;47032.0;0.0
34;33400;ASH_COATED_OSMIUM;9996;15;;;;;10006;12;;;;;10001.5;0.0
34;33400;INTARIAN_PEPPER_ROOT;47028;12;;;;;47040;22;;;;;47034.5;0.0
34;33500;ASH_COATED_OSMIUM;9993;15;9992;5;;;10009;30;10012;12;;;10001.0;0.0
34;33500;INTARIAN_PEPPER_ROOT;47026;12;;;;;47039;12;;;;;47033.0;0.0
34;33600;ASH_COATED_OSMIUM;9992;11;9991;14;;;10008;15;10011;12;;;10000.5;0.0
34;33600;INTARIAN_PEPPER_ROOT;47024;18;47021;12;47018;8;47037;11;47038;11;47039;8;47030.5;0.0
34;33700;ASH_COATED_OSMIUM;9994;15;9992;28;;;10010;12;10011;13;;;10002.5;0.0
34;33700;INTARIAN_PEPPER_ROOT;47025;11;47022;11;;;47039;9;47042;8;;;47032.0;0.0
34;33800;ASH_COATED_OSMIUM;9994;13;9992;24;;;10010;11;10013;12;;;10002.5;0.0
34;33800;INTARIAN_PEPPER_ROOT;47031;8;;;;;47042;19;;;;;47036.5;0.0
34;33900;ASH_COATED_OSMIUM;9996;22;9994;13;9991;10;10014;11;10016;14;10017;13;10005.0;0.0
34;33900;INTARIAN_PEPPER_ROOT;47029;9;;;;;47042;12;;;;;47035.5;0.0
34;34000;ASH_COATED_OSMIUM;9997;11;9996;12;9993;10;10013;12;10014;10;10016;27;10005.0;0.0
34;34000;INTARIAN_PEPPER_ROOT;47024;9;47021;9;;;47040;8;47042;12;;;47032.5;0.0
34;34100;ASH_COATED_OSMIUM;9995;11;9993;14;9991;10;10011;13;10012;25;10014;15;10003.0;0.0
34;34100;INTARIAN_PEPPER_ROOT;47030;11;47027;9;;;47042;10;47044;25;;;47036.5;0.0
34;34200;ASH_COATED_OSMIUM;9998;13;9995;12;;;10017;11;10019;14;;;10007.5;0.0
34;34200;INTARIAN_PEPPER_ROOT;47030;22;47029;9;47028;8;47047;9;47048;10;47050;10;47039.0;0.0
34;34300;ASH_COATED_OSMIUM;9996;12;9993;12;9991;10;10015;15;10017;24;10020;13;10006.0;0.0
34;34300;INTARIAN_PEPPER_ROOT;47027;12;47024;10;;;47039;6;47042;9;;;47033.0;0.0
34;34400;ASH_COATED_OSMIUM;10000;12;;;;;10016;15;;;;;10008.0;0.0
34;34400;INTARIAN_PEPPER_ROOT;47027;10;47025;12;;;47042;11;47045;9;;;47035.0;0.0
34;34500;ASH_COATED_OSMIUM;9998;20;9997;11;;;10017;15;10020;28;;;10007.5;0.0
34;34500;INTARIAN_PEPPER_ROOT;47023;17;;;;;47034;12;;;;;47029.0;0.0
34;34600;ASH_COATED_OSMIUM;9994;11;9993;15;;;10010;15;10011;3;;;10002.0;0.0
34;34600;INTARIAN_PEPPER_ROOT;47025;9;47022;9;;;47037;9;47040;8;;;47031.5;0.0
34;34700;ASH_COATED_OSMIUM;9992;15;9989;2;;;10008;13;10011;23;;;10000.5;0.0
34;34700;INTARIAN_PEPPER_ROOT;47027;9;47024;10;;;47039;10;47040;11;;;47033.5;0.0
34;34800;ASH_COATED_OSMIUM;9992;15;9991;27;;;10008;10;10009;26;;;10000.5;0.0
34;34800;INTARIAN_PEPPER_ROOT;47028;10;47027;8;;;47041;12;47043;20;;;47035.0;0.0
34;34900;ASH_COATED_OSMIUM;9995;29;9993;10;9990;12;10011;12;10014;15;10015;10;10003.5;0.0
34;34900;INTARIAN_PEPPER_ROOT;47031;8;47029;8;;;47043;12;47044;8;;;47037.5;0.0
34;35000;ASH_COATED_OSMIUM;9996;12;;;;;10001;15;;;;;9999.0;0.0
34;35000;INTARIAN_PEPPER_ROOT;47030;20;;;;;47042;12;;;;;47036.0;0.0
34;35100;ASH_COATED_OSMIUM;10000;13;9998;11;9997;25;10006;11;10007;12;10009;11;10003.5;0.0
34;35100;INTARIAN_PEPPER_ROOT;47031;8;;;;;47043;19;;;;;47037.5;0.0
34;35200;ASH_COATED_OSMIUM;9992;11;9989;10;9988;14;10008;14;10011;14;10014;13;10000.5;0.0
34;35200;INTARIAN_PEPPER_ROOT;47030;11;47029;10;;;47041;12;47043;8;;;47035.5;0.0
34;35300;ASH_COATED_OSMIUM;9991;13;9989;11;9987;29;10007;11;10008;10;10010;14;9999.0;0.0
34;35300;INTARIAN_PEPPER_ROOT;47030;8;47027;18;;;47043;10;47046;9;;;47037.0;0.0
34;35400;ASH_COATED_OSMIUM;9987;25;9986;29;;;10005;12;10007;14;;;9996.0;0.0
34;35400;INTARIAN_PEPPER_ROOT;47035;12;47033;9;;;47047;20;47050;20;;;47041.5;0.0
34;35500;ASH_COATED_OSMIUM;9993;11;9992;11;;;10002;14;10003;13;;;9997.5;0.0
34;35500;INTARIAN_PEPPER_ROOT;47030;23;47029;17;;;47042;11;47043;10;;;47036.5;0.0
34;35600;ASH_COATED_OSMIUM;9998;12;9995;24;9992;15;10014;28;10016;15;10018;15;10006.5;0.0
34;35600;INTARIAN_PEPPER_ROOT;47031;8;47028;17;47027;8;47044;8;47045;9;47048;10;47037.5;0.0
34;35700;ASH_COATED_OSMIUM;9996;12;;;;;10012;15;;;;;10004.0;0.0
34;35700;INTARIAN_PEPPER_ROOT;47032;12;47029;11;47028;12;47048;9;47051;9;47052;8;47040.0;0.0
34;35800;ASH_COATED_OSMIUM;9991;26;9990;10;;;10007;13;10009;13;;;9999.5;0.0
34;35800;INTARIAN_PEPPER_ROOT;47028;24;47027;12;;;47046;12;47049;15;;;47037.5;0.0
34;35900;ASH_COATED_OSMIUM;9994;7;9993;13;9991;11;9999;10;10002;15;10004;12;9997.0;0.0
34;35900;INTARIAN_PEPPER_ROOT;47028;24;47026;9;;;47045;21;47046;7;;;47036.5;0.0
34;36000;ASH_COATED_OSMIUM;9988;14;9985;25;;;10007;13;10008;13;;;9998.0;0.0
34;36000;INTARIAN_PEPPER_ROOT;47028;21;47027;10;47024;10;47040;8;47041;8;47043;9;47034.5;0.0
34;36100;ASH_COATED_OSMIUM;9986;15;;;;;10002;10;;;;;9994.0;0.0
34;36100;INTARIAN_PEPPER_ROOT;47026;10;47025;17;;;47040;12;47043;8;;;47033.0;0.0
34;36200;ASH_COATED_OSMIUM;9986;11;9983;24;9981;11;10002;12;10005;15;10007;14;9994.5;0.0
34;36200;INTARIAN_PEPPER_ROOT;47027;4;47026;8;;;47043;7;47046;20;;;47035.5;0.0
34;36300;ASH_COATED_OSMIUM;9988;2;9985;10;9984;12;10004;11;10005;30;10008;14;9996.0;0.0
34;36300;INTARIAN_PEPPER_ROOT;47031;11;47028;9;;;47042;11;47043;15;;;47037.0;0.0
34;36400;ASH_COATED_OSMIUM;9992;24;9990;12;;;10008;13;10011;10;;;10000.0;0.0
34;36400;INTARIAN_PEPPER_ROOT;47030;8;47028;8;;;47043;11;47046;8;;;47036.5;0.0
34;36500;ASH_COATED_OSMIUM;9989;11;9986;13;9983;15;10008;13;10010;10;10011;11;9998.5;0.0
34;36500;INTARIAN_PEPPER_ROOT;47031;9;47029;11;;;47043;19;47045;9;;;47037.5;0.0
34;36600;ASH_COATED_OSMIUM;9992;14;9991;13;9988;12;10008;14;10011;11;10012;10;10000.5;0.0
34;36600;INTARIAN_PEPPER_ROOT;47032;12;;;;;47044;10;;;;;47038.0;0.0
34;36700;ASH_COATED_OSMIUM;9999;15;9998;10;9995;12;10017;28;10019;10;10020;15;10008.0;0.0
34;36700;INTARIAN_PEPPER_ROOT;47033;12;47030;9;;;47045;12;47047;8;;;47039.5;0.0
34;36800;ASH_COATED_OSMIUM;9993;13;9991;11;;;10011;12;10013;13;;;10002.0;0.0
34;36800;INTARIAN_PEPPER_ROOT;47030;8;;;;;47044;9;;;;;47037.0;0.0
34;36900;ASH_COATED_OSMIUM;9998;10;;;;;10014;15;;;;;10006.0;0.0
34;36900;INTARIAN_PEPPER_ROOT;47029;9;47028;8;47025;12;47044;12;47047;11;47050;12;47036.5;0.0
34;37000;ASH_COATED_OSMIUM;10001;14;10000;14;;;10017;14;10020;11;;;10009.0;0.0
34;37000;INTARIAN_PEPPER_ROOT;47028;10;47026;12;;;47040;11;47043;25;;;47034.5;0.0
34;37100;ASH_COATED_OSMIUM;10000;15;9998;15;;;10009;26;10010;22;;;10004.5;0.0
34;37100;INTARIAN_PEPPER_ROOT;47029;19;47026;20;;;47041;9;47043;9;;;47035.0;0.0
34;37200;ASH_COATED_OSMIUM;10003;14;10000;15;;;10013;11;10015;5;;;10008.0;0.0
34;37200;INTARIAN_PEPPER_ROOT;47032;10;47030;10;;;47045;11;47046;11;;;47038.5;0.0
34;37300;ASH_COATED_OSMIUM;9994;13;9992;26;;;10010;10;10012;14;;;10002.5;0.0
34;37300;INTARIAN_PEPPER_ROOT;47032;8;47031;9;;;47046;8;47047;10;;;47039.0;0.0
34;37400;ASH_COATED_OSMIUM;9990;11;9987;12;;;10006;12;10009;29;;;9998.0;0.0
34;37400;INTARIAN_PEPPER_ROOT;47026;5;47024;8;47022;10;47039;8;47041;10;47044;12;47033.0;0.0
34;37500;ASH_COATED_OSMIUM;9995;10;;;;;10006;10;;;;;10001.0;0.0
34;37500;INTARIAN_PEPPER_ROOT;47031;8;47030;8;;;47044;10;47047;12;;;47037.5;0.0
34;37600;ASH_COATED_OSMIUM;9992;23;;;;;10008;14;;;;;10000.5;0.0
34;37600;INTARIAN_PEPPER_ROOT;47029;12;47028;17;47026;8;47046;11;47049;9;47052;12;47038.0;0.0
34;37700;ASH_COATED_OSMIUM;9995;12;9993;13;;;10011;10;10012;11;;;10003.5;0.0
34;37700;INTARIAN_PEPPER_ROOT;47032;8;47029;25;47027;10;47044;9;47046;10;47048;10;47038.5;0.0
34;37800;ASH_COATED_OSMIUM;9997;23;9995;14;9994;10;10015;10;10016;15;10018;29;10006.0;0.0
34;37800;INTARIAN_PEPPER_ROOT;47033;9;;;;;47037;10;;;;;47035.0;0.0
34;37900;ASH_COATED_OSMIUM;9996;12;9995;10;9993;12;10015;11;10017;12;10018;13;10006.0;0.0
34;37900;INTARIAN_PEPPER_ROOT;47030;11;;;;;47045;11;;;;;47037.5;0.0
34;38000;ASH_COATED_OSMIUM;9995;15;;;;;10011;14;;;;;10003.5;0.0
34;38000;INTARIAN_PEPPER_ROOT;47029;8;;;;;47044;11;;;;;47037.0;0.0
34;38100;ASH_COATED_OSMIUM;9996;14;9995;11;;;10012;10;10015;14;;;10004.5;0.0
34;38100;INTARIAN_PEPPER_ROOT;47036;9;;;;;47045;10;;;;;47041.0;0.0
34;38200;ASH_COATED_OSMIUM;9993;12;;;;;10009;13;;;;;10001.0;0.0
34;38200;INTARIAN_PEPPER_ROOT;47038;9;47036;11;;;47040;8;47041;12;;;47039.0;0.0
34;38300;ASH_COATED_OSMIUM;9994;24;;;;;10004;10;;;;;9999.0;0.0
34;38300;INTARIAN_PEPPER_ROOT;47035;10;;;;;47047;10;;;;;47041.0;0.0
34;38400;ASH_COATED_OSMIUM;9985;25;9982;11;;;10001;15;10004;12;;;9993.5;0.0
34;38400;INTARIAN_PEPPER_ROOT;47031;9;47030;9;;;47043;9;47045;9;;;47037.5;0.0
34;38500;ASH_COATED_OSMIUM;9990;10;;;;;10000;11;;;;;9995.0;0.0
34;38500;INTARIAN_PEPPER_ROOT;47033;11;;;;;47046;9;;;;;47039.5;0.0
34;38600;ASH_COATED_OSMIUM;9991;24;9989;14;;;10007;12;10010;15;;;9999.5;0.0
34;38600;INTARIAN_PEPPER_ROOT;47032;20;47030;21;47028;21;47047;9;47048;8;47051;10;47039.5;0.0
34;38700;ASH_COATED_OSMIUM;9994;13;9993;14;;;10012;14;10013;23;;;10003.0;0.0
34;38700;INTARIAN_PEPPER_ROOT;47033;10;47030;11;;;47046;15;47048;10;;;47040.0;0.0
34;38800;ASH_COATED_OSMIUM;9990;12;9988;10;9987;10;10009;11;10012;14;10014;14;10000.0;0.0
34;38800;INTARIAN_PEPPER_ROOT;47029;10;47026;24;;;47043;11;47046;8;;;47036.0;0.0
34;38900;ASH_COATED_OSMIUM;9997;20;9994;14;9993;3;10013;10;10014;11;10017;21;10005.5;0.0
34;38900;INTARIAN_PEPPER_ROOT;47033;9;;;;;47045;8;;;;;47039.0;0.0
34;39000;ASH_COATED_OSMIUM;9993;13;;;;;10011;27;;;;;10002.5;0.0
34;39000;INTARIAN_PEPPER_ROOT;47031;10;;;;;47046;10;;;;;47038.5;0.0
34;39100;ASH_COATED_OSMIUM;9995;10;9993;10;9990;11;10011;15;10014;24;10016;12;10003.0;0.0
34;39100;INTARIAN_PEPPER_ROOT;47034;11;47032;9;47031;17;47050;9;47051;9;47054;10;47042.0;0.0
34;39200;ASH_COATED_OSMIUM;9986;13;9983;25;9981;22;10002;14;10005;15;10006;13;9994.5;0.0
34;39200;INTARIAN_PEPPER_ROOT;47032;22;47030;12;;;47050;8;47052;25;;;47041.0;0.0
34;39300;ASH_COATED_OSMIUM;9990;11;9987;13;9985;14;10008;30;10009;12;10012;12;9999.5;0.0
34;39300;INTARIAN_PEPPER_ROOT;47035;11;47034;10;47032;11;47047;9;47049;12;47052;12;47041.0;0.0
34;39400;ASH_COATED_OSMIUM;9995;12;9994;14;;;10011;13;10014;4;;;10003.5;0.0
34;39400;INTARIAN_PEPPER_ROOT;47035;10;;;;;47042;12;;;;;47039.0;0.0
34;39500;ASH_COATED_OSMIUM;9998;15;9995;15;;;10014;12;10017;12;;;10006.0;0.0
34;39500;INTARIAN_PEPPER_ROOT;47033;11;47032;10;;;47045;9;47047;23;;;47039.0;0.0
34;39600;ASH_COATED_OSMIUM;9999;10;;;;;10015;15;;;;;10007.0;0.0
34;39600;INTARIAN_PEPPER_ROOT;47033;12;47031;10;;;47045;23;47047;12;;;47039.0;0.0
34;39700;ASH_COATED_OSMIUM;9994;11;9993;11;9990;4;10010;28;10011;22;10014;13;10002.0;0.0
34;39700;INTARIAN_PEPPER_ROOT;47034;12;47032;10;47029;12;47045;17;47046;9;47048;24;47040.0;0.0
34;39800;ASH_COATED_OSMIUM;9993;11;9990;9;9988;12;10003;21;10004;12;10007;13;9998.0;0.0
34;39800;INTARIAN_PEPPER_ROOT;47033;11;47030;8;;;47044;9;47047;25;;;47038.5;0.0
34;39900;ASH_COATED_OSMIUM;9989;10;9987;15;;;10005;10;10007;13;;;9997.5;0.0
34;39900;INTARIAN_PEPPER_ROOT;47037;12;47035;9;;;47048;8;47049;11;;;47043.0;0.0
34;40000;ASH_COATED_OSMIUM;9994;11;;;;;10010;13;;;;;10002.5;0.0
34;40000;INTARIAN_PEPPER_ROOT;47035;8;47032;10;47031;11;47049;12;47051;10;47054;12;47042.5;0.0
34;40100;ASH_COATED_OSMIUM;10001;14;9999;11;9998;11;10007;30;10010;14;10012;12;10004.5;0.0
34;40100;INTARIAN_PEPPER_ROOT;47034;12;47031;10;;;47046;12;47049;9;;;47040.5;0.0
34;40200;ASH_COATED_OSMIUM;9996;13;;;;;10012;13;;;;;10004.0;0.0
34;40200;INTARIAN_PEPPER_ROOT;47042;7;;;;;47045;12;;;;;47044.0;0.0
34;40300;ASH_COATED_OSMIUM;9994;12;;;;;10013;10;;;;;10003.5;0.0
34;40300;INTARIAN_PEPPER_ROOT;47032;11;;;;;47046;21;;;;;47039.5;0.0
34;40400;ASH_COATED_OSMIUM;9990;14;9988;10;;;10006;12;10009;15;;;9998.5;0.0
34;40400;INTARIAN_PEPPER_ROOT;47035;11;47033;10;;;47048;12;47051;10;;;47041.5;0.0
34;40500;ASH_COATED_OSMIUM;9990;29;9988;27;9985;15;10006;11;10007;14;10008;13;9998.5;0.0
34;40500;INTARIAN_PEPPER_ROOT;47035;11;47034;8;47031;10;47047;9;47049;9;47050;12;47041.5;0.0
34;40600;ASH_COATED_OSMIUM;9991;15;;;;;10007;10;;;;;9999.5;0.0
34;40600;INTARIAN_PEPPER_ROOT;47032;16;47029;9;;;47049;16;47051;17;;;47041.0;0.0
34;40700;ASH_COATED_OSMIUM;9990;13;9988;4;9986;10;10006;22;10007;12;10008;12;9998.0;0.0
34;40700;INTARIAN_PEPPER_ROOT;47036;8;47033;17;47032;8;47053;9;47054;12;47057;12;47045.0;0.0
34;40800;ASH_COATED_OSMIUM;9989;15;9987;15;;;10005;15;10006;11;;;9997.5;0.0
34;40800;INTARIAN_PEPPER_ROOT;47035;9;47034;9;;;47050;8;47052;10;;;47042.5;0.0
34;40900;ASH_COATED_OSMIUM;9988;13;9985;10;;;10004;15;10006;14;;;9996.5;0.0
34;40900;INTARIAN_PEPPER_ROOT;47033;23;;;;;47048;10;;;;;47041.0;0.0
34;41000;ASH_COATED_OSMIUM;9989;15;9986;10;;;9996;21;9997;12;;;9992.5;0.0
34;41000;INTARIAN_PEPPER_ROOT;47032;9;47031;12;;;47048;16;47050;10;;;47040.5;0.0
34;41100;ASH_COATED_OSMIUM;9989;15;9986;13;9984;21;10005;11;10008;12;10011;10;9997.0;0.0
34;41100;INTARIAN_PEPPER_ROOT;47036;8;47034;10;;;47048;12;47049;12;;;47042.0;0.0
34;41200;ASH_COATED_OSMIUM;9985;10;9983;20;9980;13;10001;27;10003;10;10005;13;9993.5;0.0
34;41200;INTARIAN_PEPPER_ROOT;47035;9;47032;11;;;47049;12;47051;12;;;47042.0;0.0
34;41300;ASH_COATED_OSMIUM;9983;14;;;;;9999;10;;;;;9991.5;0.0
34;41300;INTARIAN_PEPPER_ROOT;47033;8;;;;;47046;10;;;;;47039.5;0.0
34;41400;ASH_COATED_OSMIUM;9986;12;9984;11;;;10002;25;10005;10;;;9994.5;0.0
34;41400;INTARIAN_PEPPER_ROOT;47035;12;47034;12;;;47049;10;47051;17;;;47042.0;0.0
34;41500;ASH_COATED_OSMIUM;9989;10;9988;12;9987;27;10005;15;10007;11;10010;15;9997.0;0.0
34;41500;INTARIAN_PEPPER_ROOT;47036;12;;;;;47049;3;;;;;47042.5;0.0
34;41600;ASH_COATED_OSMIUM;9992;30;;;;;10008;15;;;;;10000.5;0.0
34;41600;INTARIAN_PEPPER_ROOT;47030;11;47028;11;47025;10;47042;10;47044;10;47047;8;47036.5;0.0
34;41700;ASH_COATED_OSMIUM;9993;12;9990;13;;;10009;11;10011;11;;;10001.5;0.0
34;41700;INTARIAN_PEPPER_ROOT;47039;11;;;;;47050;9;;;;;47045.0;0.0
34;41800;ASH_COATED_OSMIUM;9985;12;9984;10;;;10001;11;10002;15;;;9993.0;0.0
34;41800;INTARIAN_PEPPER_ROOT;47034;10;47032;10;;;47046;8;47049;9;;;47040.5;0.0
34;41900;ASH_COATED_OSMIUM;9983;12;;;;;10002;13;;;;;9993.0;0.0
34;41900;INTARIAN_PEPPER_ROOT;47036;24;;;;;47048;9;;;;;47042.0;0.0
34;42000;ASH_COATED_OSMIUM;9983;13;9980;13;9978;13;9999;4;10001;14;10004;13;9991.0;0.0
34;42000;INTARIAN_PEPPER_ROOT;47031;11;47028;11;47027;8;47049;11;47051;21;47054;8;47040.0;0.0
34;42100;ASH_COATED_OSMIUM;9982;2;9979;4;9978;10;10001;20;10004;20;10005;11;9991.5;0.0
34;42100;INTARIAN_PEPPER_ROOT;47036;24;47034;10;47033;10;47050;8;47052;12;47054;11;47043.5;0.0
34;42200;ASH_COATED_OSMIUM;9988;14;;;;;9997;12;;;;;9993.0;0.0
34;42200;INTARIAN_PEPPER_ROOT;47034;15;;;;;47046;8;;;;;47040.5;0.0
34;42300;ASH_COATED_OSMIUM;9985;10;;;;;10003;15;;;;;9994.5;0.0
34;42300;INTARIAN_PEPPER_ROOT;47034;10;47031;12;47030;10;47046;25;47049;12;47050;8;47040.5;0.0
34;42400;ASH_COATED_OSMIUM;9987;11;9984;13;;;10005;15;10007;11;;;9996.0;0.0
34;42400;INTARIAN_PEPPER_ROOT;47036;10;;;;;47050;9;;;;;47043.0;0.0
34;42500;ASH_COATED_OSMIUM;9991;12;9989;25;;;9997;11;10000;10;;;9994.5;0.0
34;42500;INTARIAN_PEPPER_ROOT;47035;11;;;;;47048;10;;;;;47041.5;0.0
34;42600;ASH_COATED_OSMIUM;9987;25;9984;21;;;10003;13;10005;10;;;9995.0;0.0
34;42600;INTARIAN_PEPPER_ROOT;47036;9;47033;11;;;47053;12;47054;9;;;47045.0;0.0
34;42700;ASH_COATED_OSMIUM;9991;12;9988;21;9986;14;10007;14;10009;15;10012;14;9999.0;0.0
34;42700;INTARIAN_PEPPER_ROOT;47037;12;;;;;47048;12;;;;;47042.5;0.0
34;42800;ASH_COATED_OSMIUM;9996;10;9994;14;;;10012;28;10015;12;;;10004.5;0.0
34;42800;INTARIAN_PEPPER_ROOT;47034;18;;;;;47046;9;;;;;47040.5;0.0
34;42900;ASH_COATED_OSMIUM;10000;10;9998;11;;;10016;13;10019;28;;;10008.5;0.0
34;42900;INTARIAN_PEPPER_ROOT;47038;12;47037;12;;;47052;9;47055;8;;;47045.5;0.0
34;43000;ASH_COATED_OSMIUM;9993;12;9991;13;;;10009;11;10011;12;;;10001.0;0.0
34;43000;INTARIAN_PEPPER_ROOT;47035;12;;;;;47047;12;;;;;47041.5;0.0
34;43100;ASH_COATED_OSMIUM;9994;14;9992;10;9990;11;10010;15;10013;23;10016;15;10002.0;0.0
34;43100;INTARIAN_PEPPER_ROOT;47034;10;;;;;47048;9;;;;;47041.5;0.0
34;43200;ASH_COATED_OSMIUM;9994;11;9991;3;9989;12;10013;14;10014;13;10015;10;10003.5;0.0
34;43200;INTARIAN_PEPPER_ROOT;47036;8;47033;18;47032;12;47049;12;47050;21;47051;11;47042.5;0.0
34;43300;ASH_COATED_OSMIUM;9997;26;9996;14;9994;13;10013;14;10015;11;10018;13;10005.5;0.0
34;43300;INTARIAN_PEPPER_ROOT;47034;8;47033;9;;;47050;11;47052;11;;;47042.0;0.0
34;43400;ASH_COATED_OSMIUM;9996;14;9993;13;;;10012;12;10015;12;;;10004.0;0.0
34;43400;INTARIAN_PEPPER_ROOT;47033;12;47030;9;;;47049;11;47051;10;;;47041.0;0.0
34;43500;ASH_COATED_OSMIUM;9996;14;9994;11;;;10015;10;10017;12;;;10006.0;0.0
34;43500;INTARIAN_PEPPER_ROOT;47040;9;47038;8;47036;12;47047;8;47048;10;47049;12;47044.0;0.0
34;43600;ASH_COATED_OSMIUM;9996;30;9993;15;9991;11;10012;14;10013;15;10014;10;10004.0;0.0
34;43600;INTARIAN_PEPPER_ROOT;47034;9;47031;11;;;47050;8;47053;9;;;47042.5;0.0
34;43700;ASH_COATED_OSMIUM;9990;30;;;;;10009;14;;;;;9999.5;0.0
34;43700;INTARIAN_PEPPER_ROOT;47036;12;47034;12;;;47049;20;47050;21;;;47042.5;0.0
34;43800;ASH_COATED_OSMIUM;9991;10;;;;;10007;12;;;;;9999.5;0.0
34;43800;INTARIAN_PEPPER_ROOT;47042;10;47039;11;;;47050;8;47052;11;;;47046.0;0.0
34;43900;ASH_COATED_OSMIUM;9992;12;;;;;10008;13;;;;;10000.5;0.0
34;43900;INTARIAN_PEPPER_ROOT;47034;8;47031;9;;;47050;12;47051;16;;;47042.5;0.0
34;44000;ASH_COATED_OSMIUM;9990;10;;;;;10009;11;;;;;10000.0;0.0
34;44000;INTARIAN_PEPPER_ROOT;47038;9;47035;9;47033;10;47055;12;47056;10;47057;7;47046.5;0.0
34;44100;ASH_COATED_OSMIUM;9991;11;9990;15;;;10007;11;10009;10;;;9999.5;0.0
34;44100;INTARIAN_PEPPER_ROOT;47038;24;;;;;47050;9;;;;;47044.0;0.0
34;44200;ASH_COATED_OSMIUM;9991;14;9990;11;;;10007;13;10008;12;;;9999.0;0.0
34;44200;INTARIAN_PEPPER_ROOT;47036;8;47034;11;;;47055;11;47056;10;;;47045.5;0.0
34;44300;ASH_COATED_OSMIUM;9992;12;;;;;10008;12;;;;;10000.0;0.0
34;44300;INTARIAN_PEPPER_ROOT;47034;8;47033;19;;;47045;8;47046;12;;;47040.0;0.0
34;44400;ASH_COATED_OSMIUM;9992;14;9991;15;;;10008;12;10010;15;;;10000.5;0.0
34;44400;INTARIAN_PEPPER_ROOT;47037;12;47036;10;;;47050;20;47051;21;;;47043.5;0.0
34;44500;ASH_COATED_OSMIUM;9995;13;9994;15;;;10011;14;10013;13;;;10003.0;0.0
34;44500;INTARIAN_PEPPER_ROOT;47042;25;47039;11;;;47044;9;47046;9;;;47043.5;0.0
34;44600;ASH_COATED_OSMIUM;9994;15;9991;14;;;10010;11;10012;12;;;10002.0;0.0
34;44600;INTARIAN_PEPPER_ROOT;47040;20;;;;;47052;8;;;;;47046.0;0.0
34;44700;ASH_COATED_OSMIUM;9993;15;9991;26;;;10009;10;10011;14;;;10001.0;0.0
34;44700;INTARIAN_PEPPER_ROOT;47038;12;47036;11;47034;11;47051;11;47052;8;47055;11;47045.0;0.0
34;44800;ASH_COATED_OSMIUM;9994;10;9993;12;9991;11;10010;15;10012;12;10015;12;10002.0;0.0
34;44800;INTARIAN_PEPPER_ROOT;47042;8;47039;10;;;47055;9;47057;12;;;47048.5;0.0
34;44900;ASH_COATED_OSMIUM;9998;13;;;;;10014;14;;;;;10006.0;0.0
34;44900;INTARIAN_PEPPER_ROOT;47036;21;47034;10;;;47048;9;47050;10;;;47042.0;0.0
34;45000;ASH_COATED_OSMIUM;9998;30;9997;9;9995;10;10014;27;10015;11;10017;14;10006.0;0.0
34;45000;INTARIAN_PEPPER_ROOT;47035;10;47034;8;;;47048;10;47051;9;;;47041.5;0.0
34;45100;ASH_COATED_OSMIUM;9997;14;;;;;10013;3;;;;;10005.5;0.0
34;45100;INTARIAN_PEPPER_ROOT;47043;11;;;;;47045;8;;;;;47044.0;0.0
34;45200;ASH_COATED_OSMIUM;9991;14;9989;26;9988;11;10007;15;10008;12;10011;25;9999.0;0.0
34;45200;INTARIAN_PEPPER_ROOT;47035;8;;;;;47051;12;;;;;47043.0;0.0
34;45300;ASH_COATED_OSMIUM;9993;13;;;;;10009;10;;;;;10001.5;0.0
34;45300;INTARIAN_PEPPER_ROOT;47040;23;47037;11;47034;12;47054;8;47056;3;47058;10;47047.5;0.0
34;45400;ASH_COATED_OSMIUM;9997;26;9996;10;;;10013;12;10014;15;;;10005.0;0.0
34;45400;INTARIAN_PEPPER_ROOT;47039;12;;;;;47051;21;;;;;47045.5;0.0
34;45500;ASH_COATED_OSMIUM;9990;13;9988;15;;;10009;14;10012;30;;;10000.0;0.0
34;45500;INTARIAN_PEPPER_ROOT;47039;12;;;;;47052;10;;;;;47045.5;0.0
34;45600;ASH_COATED_OSMIUM;9990;14;;;;;10006;13;;;;;9998.5;0.0
34;45600;INTARIAN_PEPPER_ROOT;47036;10;47033;8;;;47049;11;47051;20;;;47042.5;0.0
34;45700;ASH_COATED_OSMIUM;9987;13;9985;13;;;10003;10;10005;11;;;9995.5;0.0
34;45700;INTARIAN_PEPPER_ROOT;47041;9;;;;;47053;8;;;;;47047.0;0.0
34;45800;ASH_COATED_OSMIUM;9981;12;9980;14;;;9997;11;10000;12;;;9989.5;0.0
34;45800;INTARIAN_PEPPER_ROOT;47044;8;47042;10;;;47047;9;47048;10;;;47045.5;0.0
34;45900;ASH_COATED_OSMIUM;9984;14;9983;12;9981;13;10000;13;10002;15;10004;11;9992.0;0.0
34;45900;INTARIAN_PEPPER_ROOT;47039;10;47036;8;47034;12;47053;9;47054;10;47057;9;47046.5;0.0
34;46000;ASH_COATED_OSMIUM;9985;12;9982;14;9979;11;10001;28;10002;15;10004;14;9993.0;0.0
34;46000;INTARIAN_PEPPER_ROOT;47036;10;;;;;47049;11;;;;;47043.0;0.0
34;46100;ASH_COATED_OSMIUM;9985;12;;;;;9997;13;;;;;9991.5;0.0
34;46100;INTARIAN_PEPPER_ROOT;47043;6;47041;11;47040;12;47057;8;47058;9;47059;11;47050.0;0.0
34;46200;ASH_COATED_OSMIUM;9989;24;;;;;10005;23;;;;;9997.5;0.0
34;46200;INTARIAN_PEPPER_ROOT;47039;10;47038;9;;;47051;11;47054;8;;;47045.0;0.0
34;46300;ASH_COATED_OSMIUM;9991;10;9988;15;;;10007;12;10008;6;;;9999.0;0.0
34;46300;INTARIAN_PEPPER_ROOT;47040;11;47037;11;;;47052;9;47053;11;;;47046.0;0.0
34;46400;ASH_COATED_OSMIUM;9990;11;;;;;10006;15;;;;;9998.0;0.0
34;46400;INTARIAN_PEPPER_ROOT;47039;11;;;;;47052;12;;;;;47045.5;0.0
34;46500;ASH_COATED_OSMIUM;9985;15;;;;;10003;20;;;;;9994.5;0.0
34;46500;INTARIAN_PEPPER_ROOT;47040;10;47038;12;47036;21;47054;8;47056;24;47058;10;47047.5;0.0
34;46600;ASH_COATED_OSMIUM;9983;14;9980;24;9979;11;10004;11;10006;2;10008;14;9994.0;0.0
34;46600;INTARIAN_PEPPER_ROOT;47040;12;47039;12;;;47057;8;47059;9;;;47048.5;0.0
34;46700;ASH_COATED_OSMIUM;9984;15;9981;13;9980;30;10002;5;10005;11;10006;27;9993.0;0.0
34;46700;INTARIAN_PEPPER_ROOT;47039;23;47038;11;47035;9;47053;11;47054;9;47057;9;47046.5;0.0
34;46800;ASH_COATED_OSMIUM;9986;13;9984;15;;;10005;28;10008;14;;;9995.5;0.0
34;46800;INTARIAN_PEPPER_ROOT;47041;11;47040;9;47039;11;47057;11;47058;10;47060;9;47049.0;0.0
34;46900;ASH_COATED_OSMIUM;9988;27;9987;12;;;10004;11;10007;14;;;9996.0;0.0
34;46900;INTARIAN_PEPPER_ROOT;47043;11;47040;12;47037;12;47054;23;47056;11;47057;11;47049.0;0.0
34;47000;ASH_COATED_OSMIUM;9989;21;9987;12;;;10007;27;10009;11;;;9998.0;0.0
34;47000;INTARIAN_PEPPER_ROOT;47042;8;;;;;47054;11;;;;;47048.5;0.0
34;47100;ASH_COATED_OSMIUM;9985;11;9983;13;9981;22;10001;14;10003;11;10004;13;9993.5;0.0
34;47100;INTARIAN_PEPPER_ROOT;47043;21;;;;;47056;11;;;;;47049.5;0.0
34;47200;ASH_COATED_OSMIUM;9987;12;;;;;10003;14;;;;;9995.5;0.0
34;47200;INTARIAN_PEPPER_ROOT;47038;8;;;;;47051;8;;;;;47045.0;0.0
34;47300;ASH_COATED_OSMIUM;9990;10;9987;14;9984;12;10006;12;10007;28;10010;10;9998.5;0.0
34;47300;INTARIAN_PEPPER_ROOT;47039;24;;;;;47051;9;;;;;47045.5;0.0
34;47400;ASH_COATED_OSMIUM;9993;12;;;;;10011;11;;;;;10002.5;0.0
34;47400;INTARIAN_PEPPER_ROOT;47036;12;47034;9;;;47048;11;47049;11;;;47042.5;0.0
34;47500;ASH_COATED_OSMIUM;9989;14;;;;;10005;14;;;;;9997.0;0.0
34;47500;INTARIAN_PEPPER_ROOT;47042;21;47039;9;;;47054;12;47056;16;;;47048.5;0.0
34;47600;ASH_COATED_OSMIUM;9980;10;;;;;10001;13;;;;;9991.0;0.0
34;47600;INTARIAN_PEPPER_ROOT;47042;8;47040;10;;;47054;8;47057;11;;;47048.5;0.0
34;47700;ASH_COATED_OSMIUM;9991;27;;;;;10002;13;;;;;9997.0;0.0
34;47700;INTARIAN_PEPPER_ROOT;47044;22;47043;11;47042;11;47059;9;47062;18;47065;10;47052.0;0.0
34;47800;ASH_COATED_OSMIUM;10000;5;9998;29;;;10007;14;10008;15;;;10004.0;0.0
34;47800;INTARIAN_PEPPER_ROOT;47040;8;47038;8;;;47056;9;47059;10;;;47048.0;0.0
34;47900;ASH_COATED_OSMIUM;9998;12;;;;;10014;15;;;;;10006.0;0.0
34;47900;INTARIAN_PEPPER_ROOT;47038;11;47037;8;;;47051;11;47054;12;;;47045.0;0.0
34;48000;ASH_COATED_OSMIUM;9990;29;9989;20;;;10006;14;10008;11;;;9998.0;0.0
34;48000;INTARIAN_PEPPER_ROOT;47041;8;;;;;47054;12;;;;;47048.0;0.0
34;48100;ASH_COATED_OSMIUM;9996;24;;;;;10002;14;;;;;9999.5;0.0
34;48100;INTARIAN_PEPPER_ROOT;47040;10;47038;9;47037;8;47057;12;47059;8;47062;17;47049.0;0.0
34;48200;ASH_COATED_OSMIUM;9983;14;;;;;10001;4;;;;;9992.5;0.0
34;48200;INTARIAN_PEPPER_ROOT;47044;12;47043;12;47042;9;47056;9;47058;10;47059;8;47050.5;0.0
34;48300;ASH_COATED_OSMIUM;9984;25;9981;11;;;9994;14;9996;13;;;9989.0;0.0
34;48300;INTARIAN_PEPPER_ROOT;47042;9;47039;17;47038;11;47055;12;47058;12;47059;10;47048.5;0.0
34;48400;ASH_COATED_OSMIUM;9985;11;9983;12;;;10001;12;10003;14;;;9993.0;0.0
34;48400;INTARIAN_PEPPER_ROOT;47040;22;47038;16;;;47052;10;47053;8;;;47046.0;0.0
34;48500;ASH_COATED_OSMIUM;9976;15;9974;13;;;9995;13;9996;12;;;9986.0;0.0
34;48500;INTARIAN_PEPPER_ROOT;47041;10;;;;;47054;23;;;;;47047.5;0.0
34;48600;ASH_COATED_OSMIUM;9983;15;;;;;9999;15;;;;;9991.5;0.0
34;48600;INTARIAN_PEPPER_ROOT;47039;9;;;;;47053;10;;;;;47046.0;0.0
34;48700;ASH_COATED_OSMIUM;9985;14;9984;21;9981;13;10001;23;10002;13;10004;14;9993.0;0.0
34;48700;INTARIAN_PEPPER_ROOT;47042;12;;;;;47056;22;;;;;47049.0;0.0
34;48800;ASH_COATED_OSMIUM;9990;15;;;;;10006;15;;;;;9998.5;0.0
34;48800;INTARIAN_PEPPER_ROOT;47046;21;47045;10;47042;5;47059;11;47060;10;47062;8;47053.0;0.0
34;48900;ASH_COATED_OSMIUM;9991;15;9988;11;;;10009;15;10010;26;;;10000.5;0.0
34;48900;INTARIAN_PEPPER_ROOT;47044;12;47043;9;47042;10;47059;11;47061;23;47063;8;47052.0;0.0
34;49000;ASH_COATED_OSMIUM;9993;13;;;;;10009;12;;;;;10001.5;0.0
34;49000;INTARIAN_PEPPER_ROOT;47042;9;47039;11;;;47056;9;47057;8;;;47049.0;0.0
34;49100;ASH_COATED_OSMIUM;9993;15;;;;;10002;10;;;;;9998.0;0.0
34;49100;INTARIAN_PEPPER_ROOT;47044;12;47042;19;;;47058;19;47060;17;;;47051.5;0.0
34;49200;ASH_COATED_OSMIUM;9990;11;9988;8;;;10008;15;10009;12;;;9999.0;0.0
34;49200;INTARIAN_PEPPER_ROOT;47039;8;47038;8;;;47056;12;47059;12;;;47047.5;0.0
34;49300;ASH_COATED_OSMIUM;9990;13;9988;12;9986;21;10006;10;10008;13;10010;11;9998.0;0.0
34;49300;INTARIAN_PEPPER_ROOT;47043;12;;;;;47056;4;;;;;47049.5;0.0
34;49400;ASH_COATED_OSMIUM;9988;13;9987;23;;;10004;10;10007;11;;;9996.5;0.0
34;49400;INTARIAN_PEPPER_ROOT;47042;8;;;;;47056;22;;;;;47049.5;0.0
34;49500;ASH_COATED_OSMIUM;9996;12;9994;26;;;10012;13;10013;15;;;10004.0;0.0
34;49500;INTARIAN_PEPPER_ROOT;47044;16;47043;9;;;47057;9;47058;12;;;47050.5;0.0
34;49600;ASH_COATED_OSMIUM;9990;15;;;;;10009;10;;;;;9999.5;0.0
34;49600;INTARIAN_PEPPER_ROOT;47043;8;47042;8;;;47058;12;47061;8;;;47051.0;0.0
34;49700;ASH_COATED_OSMIUM;9992;10;;;;;10008;14;;;;;10000.0;0.0
34;49700;INTARIAN_PEPPER_ROOT;47046;10;47044;17;47041;11;47059;11;47061;10;47063;9;47052.5;0.0
34;49800;ASH_COATED_OSMIUM;9989;23;9988;14;;;10008;10;10009;15;;;9999.0;0.0
34;49800;INTARIAN_PEPPER_ROOT;47042;10;;;;;47054;11;;;;;47048.0;0.0
34;49900;ASH_COATED_OSMIUM;10001;11;9999;12;9997;15;10012;15;10013;10;10016;15;10006.5;0.0
34;49900;INTARIAN_PEPPER_ROOT;47042;10;;;;;47055;11;;;;;47049.0;0.0
34;50000;ASH_COATED_OSMIUM;9992;10;;;;;10008;14;;;;;10000.0;0.0
34;50000;INTARIAN_PEPPER_ROOT;47044;24;47043;8;47041;9;47059;12;47060;11;47061;9;47052.0;0.0
34;50100;ASH_COATED_OSMIUM;9993;10;9992;11;9991;28;10012;11;10013;29;10016;14;10002.5;0.0
34;50100;INTARIAN_PEPPER_ROOT;47039;10;47038;12;;;47052;11;47054;8;;;47046.0;0.0
34;50200;ASH_COATED_OSMIUM;9994;12;9991;21;;;10010;29;10011;12;;;10002.0;0.0
34;50200;INTARIAN_PEPPER_ROOT;47041;12;47038;21;;;47056;9;47058;11;;;47049.0;0.0
34;50300;ASH_COATED_OSMIUM;9999;10;9996;15;;;10006;13;10008;14;;;10002.5;0.0
34;50300;INTARIAN_PEPPER_ROOT;47047;10;47044;12;47041;17;47062;12;47063;11;47066;12;47054.5;0.0
34;50400;ASH_COATED_OSMIUM;9994;11;;;;;10010;14;;;;;10002.0;0.0
34;50400;INTARIAN_PEPPER_ROOT;47041;9;;;;;47055;10;;;;;47048.0;0.0
34;50500;ASH_COATED_OSMIUM;9990;11;;;;;10006;14;;;;;9998.5;0.0
34;50500;INTARIAN_PEPPER_ROOT;47045;11;47044;11;47042;7;47057;17;47059;8;47061;24;47051.5;0.0
34;50600;ASH_COATED_OSMIUM;9997;14;9994;11;;;10006;15;10009;15;;;10001.5;0.0
34;50600;INTARIAN_PEPPER_ROOT;47046;25;47043;10;;;47059;8;47061;11;;;47052.5;0.0
34;50700;ASH_COATED_OSMIUM;9992;12;9990;11;9987;14;10008;11;10009;26;10012;21;10000.0;0.0
34;50700;INTARIAN_PEPPER_ROOT;47038;8;47035;8;47034;15;47052;12;47053;11;47055;10;47045.0;0.0
34;50800;ASH_COATED_OSMIUM;9992;10;;;;;10011;12;;;;;10001.5;0.0
34;50800;INTARIAN_PEPPER_ROOT;47045;11;47044;12;47041;8;47059;25;47061;12;47062;22;47052.5;0.0
34;50900;ASH_COATED_OSMIUM;9985;10;;;;;10003;14;;;;;9994.0;0.0
34;50900;INTARIAN_PEPPER_ROOT;47042;19;47041;16;;;47054;8;47055;17;;;47048.0;0.0
34;51000;ASH_COATED_OSMIUM;9983;10;9980;15;;;9999;11;10002;14;;;9991.5;0.0
34;51000;INTARIAN_PEPPER_ROOT;47043;8;47042;10;47041;11;47058;11;47061;8;47064;9;47051.0;0.0
34;51100;ASH_COATED_OSMIUM;9994;15;9993;13;9991;13;10010;4;10012;11;10013;10;10002.5;0.0
34;51100;INTARIAN_PEPPER_ROOT;47046;11;;;;;47060;9;;;;;47053.0;0.0
34;51200;ASH_COATED_OSMIUM;9995;28;9994;26;9993;14;10005;23;10006;11;10009;15;10000.0;0.0
34;51200;INTARIAN_PEPPER_ROOT;47043;11;47042;11;;;47055;12;47057;12;;;47049.5;0.0
34;51300;ASH_COATED_OSMIUM;9987;12;9986;27;9983;14;10003;10;10006;10;10008;15;9995.5;0.0
34;51300;INTARIAN_PEPPER_ROOT;47046;9;;;;;47059;8;;;;;47053.0;0.0
34;51400;ASH_COATED_OSMIUM;9993;21;9990;10;9988;27;10009;11;10010;14;10012;11;10001.0;0.0
34;51400;INTARIAN_PEPPER_ROOT;47053;12;47052;10;47051;10;47055;8;47056;11;47059;15;47054.5;0.0
34;51500;ASH_COATED_OSMIUM;9996;12;;;;;10012;7;;;;;10004.0;0.0
34;51500;INTARIAN_PEPPER_ROOT;47044;10;;;;;47056;22;;;;;47050.0;0.0
34;51600;ASH_COATED_OSMIUM;10006;15;10004;14;;;10016;11;10017;13;;;10011.0;0.0
34;51600;INTARIAN_PEPPER_ROOT;47046;9;47043;25;;;47057;9;47060;11;;;47051.5;0.0
34;51700;ASH_COATED_OSMIUM;9993;20;9992;10;;;10009;10;10011;14;;;10001.0;0.0
34;51700;INTARIAN_PEPPER_ROOT;47046;11;47043;9;;;47063;9;47066;23;;;47054.5;0.0
34;51800;ASH_COATED_OSMIUM;9991;15;9988;26;;;10007;24;10010;15;;;9999.5;0.0
34;51800;INTARIAN_PEPPER_ROOT;47052;12;47051;11;47050;23;47054;11;47057;8;47060;8;47053.5;0.0
34;51900;ASH_COATED_OSMIUM;9996;12;9995;20;;;10014;15;10017;14;;;10005.0;0.0
34;51900;INTARIAN_PEPPER_ROOT;47044;10;47042;8;;;47058;25;47060;11;;;47051.0;0.0
34;52000;ASH_COATED_OSMIUM;9997;28;9994;11;;;10013;13;10015;12;;;10005.5;0.0
34;52000;INTARIAN_PEPPER_ROOT;47043;8;;;;;47058;10;;;;;47050.5;0.0
34;52100;ASH_COATED_OSMIUM;9992;15;9989;11;;;10011;13;10014;10;;;10002.0;0.0
34;52100;INTARIAN_PEPPER_ROOT;47044;10;47043;10;;;47059;11;47062;9;;;47051.5;0.0
34;52200;ASH_COATED_OSMIUM;9996;10;9995;12;;;10012;10;10014;11;;;10004.0;0.0
34;52200;INTARIAN_PEPPER_ROOT;47047;8;47045;12;47043;10;47061;23;47062;9;47064;10;47054.5;0.0
34;52300;ASH_COATED_OSMIUM;10000;11;9997;12;;;10016;15;10019;13;;;10008.5;0.0
34;52300;INTARIAN_PEPPER_ROOT;47046;25;;;;;47059;10;;;;;47052.5;0.0
34;52400;ASH_COATED_OSMIUM;9994;21;9992;14;;;10010;14;10012;25;;;10002.0;0.0
34;52400;INTARIAN_PEPPER_ROOT;47045;8;47043;12;47041;9;47058;11;47059;24;47061;9;47052.0;0.0
34;52500;ASH_COATED_OSMIUM;9996;10;9993;15;;;10012;11;10015;14;;;10004.0;0.0
34;52500;INTARIAN_PEPPER_ROOT;47050;9;;;;;47055;12;;;;;47053.0;0.0
34;52600;ASH_COATED_OSMIUM;9990;15;9987;20;9984;12;10009;10;10010;13;10012;12;9999.5;0.0
34;52600;INTARIAN_PEPPER_ROOT;47047;25;47045;10;47042;12;47060;11;47063;9;47064;9;47053.5;0.0
34;52700;ASH_COATED_OSMIUM;9983;14;9981;12;;;10001;23;10003;20;;;9992.0;0.0
34;52700;INTARIAN_PEPPER_ROOT;47048;9;47046;12;47045;8;47060;12;47062;8;47065;9;47054.0;0.0
34;52800;ASH_COATED_OSMIUM;9978;4;9976;10;;;9996;11;9998;23;;;9987.5;0.0
34;52800;INTARIAN_PEPPER_ROOT;47044;19;;;;;47059;10;;;;;47051.5;0.0
34;52900;ASH_COATED_OSMIUM;9983;14;9980;11;;;10001;14;10004;10;;;9992.5;0.0
34;52900;INTARIAN_PEPPER_ROOT;47047;9;47046;12;47044;12;47061;23;47063;16;47065;11;47054.0;0.0
34;53000;ASH_COATED_OSMIUM;9987;10;;;;;10006;21;;;;;9996.5;0.0
34;53000;INTARIAN_PEPPER_ROOT;47042;8;;;;;47056;8;;;;;47049.5;0.0
34;53100;ASH_COATED_OSMIUM;9989;11;;;;;10005;10;;;;;9997.5;0.0
34;53100;INTARIAN_PEPPER_ROOT;47047;12;;;;;47061;12;;;;;47054.5;0.0
34;53200;ASH_COATED_OSMIUM;9984;14;9982;14;9981;13;10000;11;10003;14;10006;21;9992.0;0.0
34;53200;INTARIAN_PEPPER_ROOT;47050;12;;;;;47062;11;;;;;47056.5;0.0
34;53300;ASH_COATED_OSMIUM;9989;10;9987;14;;;10005;13;10007;15;;;9997.5;0.0
34;53300;INTARIAN_PEPPER_ROOT;47048;10;47047;20;47045;8;47064;25;47066;11;47067;25;47056.0;0.0
34;53400;ASH_COATED_OSMIUM;9993;7;9991;23;9988;4;10009;29;10010;15;10011;15;10001.0;0.0
34;53400;INTARIAN_PEPPER_ROOT;47050;9;47049;12;47047;15;47064;8;47065;10;47066;9;47057.0;0.0
34;53500;ASH_COATED_OSMIUM;9987;29;9986;25;;;10003;11;10006;10;;;9995.5;0.0
34;53500;INTARIAN_PEPPER_ROOT;47045;11;;;;;47059;10;;;;;47052.0;0.0
34;53600;ASH_COATED_OSMIUM;9994;11;;;;;10010;14;;;;;10002.5;0.0
34;53600;INTARIAN_PEPPER_ROOT;47046;9;;;;;47064;9;;;;;47055.5;0.0
34;53700;ASH_COATED_OSMIUM;9993;14;;;;;10011;12;;;;;10002.0;0.0
34;53700;INTARIAN_PEPPER_ROOT;47044;9;;;;;47061;24;;;;;47053.0;0.0
34;53800;ASH_COATED_OSMIUM;9989;21;9987;12;9986;11;10005;11;10006;12;10009;13;9997.0;0.0
34;53800;INTARIAN_PEPPER_ROOT;47048;23;47045;10;;;47059;9;47061;9;;;47054.0;0.0
34;53900;ASH_COATED_OSMIUM;9992;14;9990;5;;;10008;12;10009;10;;;10000.0;0.0
34;53900;INTARIAN_PEPPER_ROOT;47052;10;47049;10;;;47055;10;47056;11;;;47054.0;0.0
34;54000;ASH_COATED_OSMIUM;9990;14;9988;10;;;10008;11;10009;4;;;9999.5;0.0
34;54000;INTARIAN_PEPPER_ROOT;47045;12;47042;12;;;47060;11;47062;11;;;47053.0;0.0
34;54100;ASH_COATED_OSMIUM;9988;14;;;;;10004;29;;;;;9996.5;0.0
34;54100;INTARIAN_PEPPER_ROOT;47049;12;47046;8;;;47061;8;47064;5;;;47055.0;0.0
34;54200;ASH_COATED_OSMIUM;9986;14;9983;11;9981;12;10005;12;10007;12;10008;12;9996.0;0.0
34;54200;INTARIAN_PEPPER_ROOT;47050;16;;;;;47064;10;;;;;47057.0;0.0
34;54300;ASH_COATED_OSMIUM;9981;13;9979;14;9977;11;10002;12;10004;11;10006;12;9991.5;0.0
34;54300;INTARIAN_PEPPER_ROOT;47047;11;47046;12;;;47058;15;47059;9;;;47053.0;0.0
34;54400;ASH_COATED_OSMIUM;9984;14;9981;14;;;9994;10;9996;10;;;9989.0;0.0
34;54400;INTARIAN_PEPPER_ROOT;47046;12;;;;;47059;9;;;;;47053.0;0.0
34;54500;ASH_COATED_OSMIUM;9986;13;9984;11;9983;10;10004;11;10005;5;10007;26;9995.0;0.0
34;54500;INTARIAN_PEPPER_ROOT;47049;11;;;;;47062;20;;;;;47055.5;0.0
34;54600;ASH_COATED_OSMIUM;9994;25;;;;;10010;10;;;;;10002.0;0.0
34;54600;INTARIAN_PEPPER_ROOT;47052;15;47050;25;47048;11;47063;11;47064;9;47067;10;47058.0;0.0
34;54700;ASH_COATED_OSMIUM;9984;12;;;;;10002;14;;;;;9993.5;0.0
34;54700;INTARIAN_PEPPER_ROOT;47047;10;47046;9;;;47063;10;47065;8;;;47055.0;0.0
34;54800;ASH_COATED_OSMIUM;9987;14;9984;6;9981;10;10003;12;10006;11;10009;14;9995.0;0.0
34;54800;INTARIAN_PEPPER_ROOT;47046;12;47043;8;;;47059;12;47062;9;;;47053.0;0.0
34;54900;ASH_COATED_OSMIUM;9987;13;9986;13;9983;24;10003;14;10004;12;10007;10;9995.5;0.0
34;54900;INTARIAN_PEPPER_ROOT;47048;12;;;;;47060;8;;;;;47054.5;0.0
34;55000;ASH_COATED_OSMIUM;10003;13;10002;23;;;10008;14;10010;15;;;10006.0;0.0
34;55000;INTARIAN_PEPPER_ROOT;47047;10;47044;9;;;47062;8;47064;11;;;47054.5;0.0
34;55100;ASH_COATED_OSMIUM;9998;12;9996;10;9993;12;10017;12;10018;30;10021;15;10007.5;0.0
34;55100;INTARIAN_PEPPER_ROOT;47048;12;47046;11;47045;9;47060;11;47062;8;47063;11;47054.5;0.0
34;55200;ASH_COATED_OSMIUM;10001;13;9999;29;9996;26;10017;14;10020;10;10022;13;10009.5;0.0
34;55200;INTARIAN_PEPPER_ROOT;47047;9;47046;9;;;47059;11;47060;12;;;47053.5;0.0
34;55300;ASH_COATED_OSMIUM;10000;13;9999;27;;;10008;14;10009;10;;;10004.0;0.0
34;55300;INTARIAN_PEPPER_ROOT;47047;18;47046;9;47045;8;47065;12;47067;11;47068;11;47056.5;0.0
34;55400;ASH_COATED_OSMIUM;9993;27;;;;;10009;14;;;;;10001.5;0.0
34;55400;INTARIAN_PEPPER_ROOT;47048;10;47045;22;;;47062;23;47064;10;;;47055.5;0.0
34;55500;ASH_COATED_OSMIUM;9997;10;9995;15;9993;14;10013;14;10015;10;10018;12;10005.5;0.0
34;55500;INTARIAN_PEPPER_ROOT;47049;10;47047;10;;;47062;12;47063;10;;;47055.5;0.0
34;55600;ASH_COATED_OSMIUM;10002;14;;;;;10018;24;;;;;10010.0;0.0
34;55600;INTARIAN_PEPPER_ROOT;47049;9;;;;;47063;10;;;;;47056.5;0.0
34;55700;ASH_COATED_OSMIUM;10003;13;;;;;10019;14;;;;;10011.5;0.0
34;55700;INTARIAN_PEPPER_ROOT;47052;8;47049;12;47047;16;47061;9;47063;12;47066;10;47057.0;0.0
34;55800;ASH_COATED_OSMIUM;9999;30;;;;;10018;11;;;;;10008.5;0.0
34;55800;INTARIAN_PEPPER_ROOT;47046;9;47045;11;;;47060;10;47062;12;;;47053.0;0.0
34;55900;ASH_COATED_OSMIUM;10000;11;9999;5;;;10016;14;10019;13;;;10008.0;0.0
34;55900;INTARIAN_PEPPER_ROOT;47051;10;47050;10;47048;11;47066;11;47067;8;47068;12;47058.5;0.0
34;56000;ASH_COATED_OSMIUM;10001;10;9998;15;;;10014;15;10017;13;;;10008.0;0.0
34;56000;INTARIAN_PEPPER_ROOT;47048;10;47045;15;;;47064;22;47067;12;;;47056.0;0.0
34;56100;ASH_COATED_OSMIUM;9988;13;;;;;10006;23;;;;;9997.5;0.0
34;56100;INTARIAN_PEPPER_ROOT;47052;23;;;;;47064;9;;;;;47058.0;0.0
34;56200;ASH_COATED_OSMIUM;9994;11;9991;14;;;10003;11;10005;14;;;9998.5;0.0
34;56200;INTARIAN_PEPPER_ROOT;47051;9;;;;;47062;12;;;;;47056.5;0.0
34;56300;ASH_COATED_OSMIUM;9988;15;9985;11;9982;26;10004;11;10006;10;10007;15;9996.5;0.0
34;56300;INTARIAN_PEPPER_ROOT;47048;8;47047;23;;;47060;8;47061;10;;;47054.5;0.0
34;56400;ASH_COATED_OSMIUM;9990;12;;;;;10001;22;;;;;9995.5;0.0
34;56400;INTARIAN_PEPPER_ROOT;47045;12;47042;9;47041;9;47059;9;47062;8;47063;8;47052.0;0.0
34;56500;ASH_COATED_OSMIUM;9990;11;;;;;10008;11;;;;;9999.5;0.0
34;56500;INTARIAN_PEPPER_ROOT;47050;8;;;;;47062;8;;;;;47056.0;0.0
34;56600;ASH_COATED_OSMIUM;9995;15;9993;22;;;10011;13;10012;13;;;10003.0;0.0
34;56600;INTARIAN_PEPPER_ROOT;47054;4;47051;10;;;47066;8;47069;11;;;47060.5;0.0
34;56700;ASH_COATED_OSMIUM;9994;13;9993;11;;;10010;29;10012;10;;;10002.0;0.0
34;56700;INTARIAN_PEPPER_ROOT;47054;9;;;;;47066;23;;;;;47060.5;0.0
34;56800;ASH_COATED_OSMIUM;9998;15;9995;15;9994;13;10014;12;10015;12;10018;24;10006.0;0.0
34;56800;INTARIAN_PEPPER_ROOT;47052;10;47049;8;;;47062;10;47063;9;;;47057.5;0.0
34;56900;ASH_COATED_OSMIUM;9995;21;;;;;10011;13;;;;;10003.0;0.0
34;56900;INTARIAN_PEPPER_ROOT;47054;12;47053;10;47052;10;47057;9;47058;9;47061;9;47055.5;0.0
34;57000;ASH_COATED_OSMIUM;9990;10;9988;22;9987;11;10006;11;10008;11;10010;15;9998.0;0.0
34;57000;INTARIAN_PEPPER_ROOT;47049;22;;;;;47061;9;;;;;47055.5;0.0
34;57100;ASH_COATED_OSMIUM;9993;10;;;;;10009;12;;;;;10001.5;0.0
34;57100;INTARIAN_PEPPER_ROOT;47053;9;;;;;47068;9;;;;;47060.5;0.0
34;57200;ASH_COATED_OSMIUM;9994;15;9991;14;;;10013;11;10014;11;;;10004.0;0.0
34;57200;INTARIAN_PEPPER_ROOT;47047;8;47044;12;;;47061;8;47063;25;;;47054.5;0.0
34;57300;ASH_COATED_OSMIUM;9997;14;9995;15;;;10002;13;10004;21;;;9999.5;0.0
34;57300;INTARIAN_PEPPER_ROOT;47051;18;47050;11;47049;20;47063;20;47066;9;47069;8;47057.5;0.0
34;57400;ASH_COATED_OSMIUM;9996;5;;;;;10012;3;;;;;10004.0;0.0
34;57400;INTARIAN_PEPPER_ROOT;47047;20;47046;10;;;47060;8;47061;9;;;47053.5;0.0
34;57500;ASH_COATED_OSMIUM;9996;13;9994;14;;;10012;14;10014;11;;;10004.5;0.0
34;57500;INTARIAN_PEPPER_ROOT;47049;12;47048;8;;;47060;9;47063;12;;;47055.0;0.0
34;57600;ASH_COATED_OSMIUM;9991;14;;;;;10010;15;;;;;10001.0;0.0
34;57600;INTARIAN_PEPPER_ROOT;47051;11;47048;8;;;47063;11;47066;8;;;47057.0;0.0
34;57700;ASH_COATED_OSMIUM;9992;13;9991;23;9989;13;10008;14;10009;10;10011;14;10000.5;0.0
34;57700;INTARIAN_PEPPER_ROOT;47051;11;47048;15;47047;23;47062;10;47065;12;47066;9;47057.0;0.0
34;57800;ASH_COATED_OSMIUM;9985;14;9983;12;;;10004;10;10005;27;;;9994.5;0.0
34;57800;INTARIAN_PEPPER_ROOT;47051;10;;;;;47063;25;;;;;47057.5;0.0
34;57900;ASH_COATED_OSMIUM;9986;20;;;;;10002;15;;;;;9994.0;0.0
34;57900;INTARIAN_PEPPER_ROOT;47053;7;47051;8;47049;9;47065;10;47067;10;47070;11;47059.5;0.0
34;58000;ASH_COATED_OSMIUM;9978;11;9977;11;;;9996;14;9997;10;;;9987.5;0.0
34;58000;INTARIAN_PEPPER_ROOT;47050;4;47048;9;47045;11;47062;10;47065;22;47066;8;47056.5;0.0
34;58100;ASH_COATED_OSMIUM;9981;11;;;;;9999;23;;;;;9990.5;0.0
34;58100;INTARIAN_PEPPER_ROOT;47051;10;;;;;47067;12;;;;;47059.5;0.0
34;58200;ASH_COATED_OSMIUM;9988;12;9987;11;;;10004;13;10006;13;;;9996.0;0.0
34;58200;INTARIAN_PEPPER_ROOT;47052;10;47050;8;;;47066;12;47067;12;;;47059.5;0.0
34;58300;ASH_COATED_OSMIUM;9988;11;9986;11;9985;12;10006;15;10007;12;10009;14;9997.5;0.0
34;58300;INTARIAN_PEPPER_ROOT;47049;8;47048;21;;;47063;9;47066;10;;;47056.0;0.0
34;58400;ASH_COATED_OSMIUM;9995;11;9993;10;9992;14;10008;20;10009;10;10010;10;10002.0;0.0
34;58400;INTARIAN_PEPPER_ROOT;47048;10;;;;;47061;12;;;;;47055.0;0.0
34;58500;ASH_COATED_OSMIUM;9998;12;9997;4;;;10014;12;10016;24;;;10006.0;0.0
34;58500;INTARIAN_PEPPER_ROOT;47052;23;47050;8;;;47065;9;47067;11;;;47058.5;0.0
34;58600;ASH_COATED_OSMIUM;10001;15;10000;10;;;10019;12;10022;10;;;10010.0;0.0
34;58600;INTARIAN_PEPPER_ROOT;47051;18;47049;9;47047;8;47063;15;47065;17;47066;11;47057.0;0.0
34;58700;ASH_COATED_OSMIUM;10004;11;10003;14;10002;11;10020;11;10022;21;10023;14;10012.0;0.0
34;58700;INTARIAN_PEPPER_ROOT;47051;18;;;;;47062;12;;;;;47056.5;0.0
34;58800;ASH_COATED_OSMIUM;10001;5;9998;13;;;10019;14;10022;14;;;10010.0;0.0
34;58800;INTARIAN_PEPPER_ROOT;47053;12;;;;;47066;10;;;;;47059.5;0.0
34;58900;ASH_COATED_OSMIUM;9998;29;;;;;10014;11;;;;;10006.0;0.0
34;58900;INTARIAN_PEPPER_ROOT;47049;12;47048;11;47046;5;47061;11;47062;12;47063;10;47055.5;0.0
34;59000;ASH_COATED_OSMIUM;9992;11;9990;14;9989;28;10008;14;10011;10;10012;10;10000.5;0.0
34;59000;INTARIAN_PEPPER_ROOT;47052;10;;;;;47065;17;;;;;47059.0;0.0
34;59100;ASH_COATED_OSMIUM;9996;14;9995;15;9993;14;10012;15;10013;22;10016;12;10004.5;0.0
34;59100;INTARIAN_PEPPER_ROOT;47050;8;;;;;47063;10;;;;;47057.0;0.0
34;59200;ASH_COATED_OSMIUM;9991;13;9989;12;;;10009;13;10010;30;;;10000.5;0.0
34;59200;INTARIAN_PEPPER_ROOT;47053;24;;;;;47067;24;;;;;47060.0;0.0
34;59300;ASH_COATED_OSMIUM;9999;10;9998;14;;;10015;14;10016;13;;;10007.5;0.0
34;59300;INTARIAN_PEPPER_ROOT;47056;9;47054;10;47052;8;47067;8;47070;12;47073;12;47061.5;0.0
34;59400;ASH_COATED_OSMIUM;10002;13;10000;13;9997;15;10018;11;10020;23;10021;10;10010.5;0.0
34;59400;INTARIAN_PEPPER_ROOT;47055;9;47053;11;;;47068;10;47070;10;;;47062.0;0.0
34;59500;ASH_COATED_OSMIUM;10004;10;;;;;10020;24;;;;;10012.5;0.0
34;59500;INTARIAN_PEPPER_ROOT;47055;10;47053;9;;;47069;8;47071;9;;;47062.0;0.0
34;59600;ASH_COATED_OSMIUM;10000;26;;;;;10016;27;;;;;10008.0;0.0
34;59600;INTARIAN_PEPPER_ROOT;47053;16;47052;9;47050;11;47064;12;47066;8;47068;11;47058.5;0.0
34;59700;ASH_COATED_OSMIUM;9992;14;;;;;10008;14;;;;;10000.0;0.0
34;59700;INTARIAN_PEPPER_ROOT;47053;12;;;;;47064;11;;;;;47058.5;0.0
34;59800;ASH_COATED_OSMIUM;9990;12;9987;11;;;10006;14;10007;13;;;9998.0;0.0
34;59800;INTARIAN_PEPPER_ROOT;47054;10;47051;25;47050;12;47065;9;47066;10;47067;21;47059.5;0.0
34;59900;ASH_COATED_OSMIUM;9996;12;9993;4;;;10012;15;10013;11;;;10004.0;0.0
34;59900;INTARIAN_PEPPER_ROOT;47047;11;47044;12;;;47067;12;47070;12;;;47057.5;0.0
34;60000;ASH_COATED_OSMIUM;9993;13;9992;11;;;10009;11;10010;11;;;10001.0;0.0
34;60000;INTARIAN_PEPPER_ROOT;47049;11;47047;10;47045;12;47064;9;47067;12;47068;12;47056.5;0.0
34;60100;ASH_COATED_OSMIUM;9994;14;9991;12;9990;15;10012;13;10015;20;10018;14;10003.0;0.0
34;60100;INTARIAN_PEPPER_ROOT;47058;12;47055;8;;;47068;10;47069;12;;;47063.5;0.0
34;60200;ASH_COATED_OSMIUM;9994;12;9992;15;9990;14;10010;15;10011;14;10014;11;10002.0;0.0
34;60200;INTARIAN_PEPPER_ROOT;47050;9;47049;9;47047;12;47066;11;47069;8;47072;8;47058.5;0.0
34;60300;ASH_COATED_OSMIUM;9995;28;9993;11;9992;13;10011;13;10012;15;10014;13;10003.5;0.0
34;60300;INTARIAN_PEPPER_ROOT;47054;16;47052;22;;;47068;8;47070;9;;;47061.5;0.0
34;60400;ASH_COATED_OSMIUM;9995;14;9992;12;9990;11;10011;21;10013;15;10015;25;10003.0;0.0
34;60400;INTARIAN_PEPPER_ROOT;47056;9;47053;21;47052;10;47070;11;47072;10;47073;10;47063.0;0.0
34;60500;ASH_COATED_OSMIUM;9999;11;9997;24;;;10015;13;10017;10;;;10007.0;0.0
34;60500;INTARIAN_PEPPER_ROOT;47056;9;;;;;47068;10;;;;;47062.0;0.0
34;60600;ASH_COATED_OSMIUM;9995;14;9992;14;;;10013;13;10016;14;;;10004.5;0.0
34;60600;INTARIAN_PEPPER_ROOT;47056;8;47054;12;;;47070;11;47071;9;;;47063.5;0.0
34;60700;ASH_COATED_OSMIUM;9990;10;9989;12;;;10009;15;10011;12;;;9999.5;0.0
34;60700;INTARIAN_PEPPER_ROOT;47057;11;;;;;47070;12;;;;;47063.5;0.0
34;60800;ASH_COATED_OSMIUM;9995;15;9994;29;;;10011;23;10013;12;;;10003.0;0.0
34;60800;INTARIAN_PEPPER_ROOT;47056;19;47055;9;47052;11;47069;12;47071;8;47074;12;47062.5;0.0
34;60900;ASH_COATED_OSMIUM;9996;11;9994;13;9992;14;10012;15;10013;11;10014;20;10004.5;0.0
34;60900;INTARIAN_PEPPER_ROOT;47051;11;47050;11;47048;18;47064;12;47065;6;47066;17;47058.0;0.0
34;61000;ASH_COATED_OSMIUM;9998;10;;;;;10014;11;;;;;10006.5;0.0
34;61000;INTARIAN_PEPPER_ROOT;47049;8;47047;9;47044;11;47064;11;47067;9;47069;23;47056.5;0.0
34;61100;ASH_COATED_OSMIUM;9995;11;9994;15;;;10013;10;10014;5;;;10004.5;0.0
34;61100;INTARIAN_PEPPER_ROOT;47054;22;47052;12;;;47068;18;47069;12;;;47061.0;0.0
34;61200;ASH_COATED_OSMIUM;9990;26;9989;13;;;10008;27;10010;11;;;9999.0;0.0
34;61200;INTARIAN_PEPPER_ROOT;47059;8;;;;;47071;8;;;;;47065.0;0.0
34;61300;ASH_COATED_OSMIUM;9992;10;9989;12;9988;20;10008;14;10010;13;10012;15;10000.0;0.0
34;61300;INTARIAN_PEPPER_ROOT;47053;11;47052;10;;;47068;9;47069;9;;;47060.5;0.0
34;61400;ASH_COATED_OSMIUM;9999;5;;;;;10015;12;;;;;10007.0;0.0
34;61400;INTARIAN_PEPPER_ROOT;47056;8;;;;;47070;9;;;;;47063.0;0.0
34;61500;ASH_COATED_OSMIUM;9993;12;;;;;10009;14;;;;;10001.0;0.0
34;61500;INTARIAN_PEPPER_ROOT;47056;12;47055;10;47052;9;47072;12;47073;17;47074;9;47064.5;0.0
34;61600;ASH_COATED_OSMIUM;9988;14;9985;10;;;10004;6;10006;14;;;9996.0;0.0
34;61600;INTARIAN_PEPPER_ROOT;47060;8;47058;12;;;47072;18;47074;9;;;47066.0;0.0
34;61700;ASH_COATED_OSMIUM;9988;14;;;;;10004;14;;;;;9996.0;0.0
34;61700;INTARIAN_PEPPER_ROOT;47056;9;47055;9;47053;24;47069;11;47070;10;47072;25;47062.5;0.0
34;61800;ASH_COATED_OSMIUM;9989;15;;;;;10005;27;;;;;9997.5;0.0
34;61800;INTARIAN_PEPPER_ROOT;47053;10;;;;;47067;10;;;;;47060.0;0.0
34;61900;ASH_COATED_OSMIUM;9988;4;9986;13;9985;14;10004;13;10005;14;10007;13;9996.5;0.0
34;61900;INTARIAN_PEPPER_ROOT;47059;8;;;;;47073;9;;;;;47066.0;0.0
34;62000;ASH_COATED_OSMIUM;9988;15;9987;15;;;10006;13;10009;11;;;9997.0;0.0
34;62000;INTARIAN_PEPPER_ROOT;47052;9;47050;15;;;47066;8;47067;9;;;47059.5;0.0
34;62100;ASH_COATED_OSMIUM;9991;12;9990;12;;;10007;14;10010;15;;;9999.0;0.0
34;62100;INTARIAN_PEPPER_ROOT;47056;11;47054;9;;;47067;11;47068;11;;;47061.5;0.0
34;62200;ASH_COATED_OSMIUM;9987;10;9984;28;9983;11;10003;10;10006;13;10009;10;9995.5;0.0
34;62200;INTARIAN_PEPPER_ROOT;47057;9;47055;16;47052;10;47069;8;47070;9;47073;9;47063.0;0.0
34;62300;ASH_COATED_OSMIUM;9980;15;;;;;9996;12;;;;;9988.5;0.0
34;62300;INTARIAN_PEPPER_ROOT;47060;18;47059;20;47058;11;47062;9;47063;8;47065;11;47061.5;0.0
34;62400;ASH_COATED_OSMIUM;9982;12;9980;24;;;9998;25;10001;11;;;9990.5;0.0
34;62400;INTARIAN_PEPPER_ROOT;47053;9;47052;19;;;47070;24;47072;8;;;47062.0;0.0
34;62500;ASH_COATED_OSMIUM;9983;12;;;;;9994;21;;;;;9989.0;0.0
34;62500;INTARIAN_PEPPER_ROOT;47056;9;47054;9;;;47069;8;47070;10;;;47063.0;0.0
34;62600;ASH_COATED_OSMIUM;9983;15;9982;11;9980;14;10002;30;10003;5;10006;29;9993.0;0.0
34;62600;INTARIAN_PEPPER_ROOT;47061;10;47059;11;;;47072;8;47074;18;;;47066.5;0.0
34;62700;ASH_COATED_OSMIUM;9987;22;9985;11;;;10003;8;10006;15;;;9995.0;0.0
34;62700;INTARIAN_PEPPER_ROOT;47054;23;;;;;47068;9;;;;;47061.5;0.0
34;62800;ASH_COATED_OSMIUM;9987;2;9985;13;9982;13;10003;12;10004;13;10005;13;9995.0;0.0
34;62800;INTARIAN_PEPPER_ROOT;47057;10;;;;;47070;10;;;;;47064.0;0.0
34;62900;ASH_COATED_OSMIUM;9984;13;9981;11;;;10002;15;10004;14;;;9993.5;0.0
34;62900;INTARIAN_PEPPER_ROOT;47061;12;;;;;47073;11;;;;;47067.5;0.0
34;63000;ASH_COATED_OSMIUM;9990;13;;;;;10006;5;;;;;9998.0;0.0
34;63000;INTARIAN_PEPPER_ROOT;47063;12;;;;;47066;9;;;;;47064.5;0.0
34;63100;ASH_COATED_OSMIUM;9992;10;9990;27;9989;10;10010;10;10013;14;10014;10;10001.0;0.0
34;63100;INTARIAN_PEPPER_ROOT;47059;12;47058;3;47056;10;47075;20;47076;8;47078;9;47067.5;0.0
34;63200;ASH_COATED_OSMIUM;9994;14;;;;;10010;21;;;;;10002.0;0.0
34;63200;INTARIAN_PEPPER_ROOT;47056;10;47053;8;;;47068;11;47070;24;;;47062.5;0.0
34;63300;ASH_COATED_OSMIUM;10004;25;;;;;10020;14;;;;;10012.0;0.0
34;63300;INTARIAN_PEPPER_ROOT;47054;12;47052;10;;;47071;17;47072;12;;;47062.5;0.0
34;63400;ASH_COATED_OSMIUM;9994;23;9991;12;;;10013;12;10016;24;;;10003.5;0.0
34;63400;INTARIAN_PEPPER_ROOT;47057;8;47055;11;47053;11;47068;21;47071;8;47073;10;47063.0;0.0
34;63500;ASH_COATED_OSMIUM;10004;12;10003;5;;;10014;25;10017;27;;;10009.5;0.0
34;63500;INTARIAN_PEPPER_ROOT;47055;10;47053;12;47050;9;47068;25;47071;22;47072;16;47061.5;0.0
34;63600;ASH_COATED_OSMIUM;9995;15;9992;13;;;10013;20;10015;11;;;10004.0;0.0
34;63600;INTARIAN_PEPPER_ROOT;47059;11;47056;18;;;47073;10;47076;10;;;47066.5;0.0
34;63700;ASH_COATED_OSMIUM;9998;20;;;;;10008;11;;;;;10003.5;0.0
34;63700;INTARIAN_PEPPER_ROOT;47054;23;;;;;47066;11;;;;;47060.0;0.0
34;63800;ASH_COATED_OSMIUM;9998;10;9995;29;9992;14;10014;11;10016;15;10019;15;10006.5;0.0
34;63800;INTARIAN_PEPPER_ROOT;47059;10;47056;16;47054;8;47072;8;47073;9;47075;10;47065.5;0.0
34;63900;ASH_COATED_OSMIUM;9998;29;9995;14;;;10014;23;10017;14;;;10006.5;0.0
34;63900;INTARIAN_PEPPER_ROOT;47058;8;;;;;47072;11;;;;;47065.5;0.0
34;64000;ASH_COATED_OSMIUM;9993;26;9992;14;;;10014;11;10017;12;;;10004.0;0.0
