day;timestamp;product;bid_price_1;bid_volume_1;bid_price_2;bid_volume_2;bid_price_3;bid_volume_3;ask_price_1;ask_volume_1;ask_price_2;ask_volume_2;ask_price_3;ask_volume_3;mid_price;profit_and_loss
8;0;ASH_COATED_OSMIUM;9995;14;9994;21;9991;15;10011;11;10012;11;10015;13;10003.5;0.0
8;0;INTARIAN_PEPPER_ROOT;20992;11;20991;8;20988;12;21004;15;21007;9;21009;8;20998.5;0.0
8;100;ASH_COATED_OSMIUM;9990;11;9988;27;;;10006;10;10008;10;;;9998.0;0.0
8;100;INTARIAN_PEPPER_ROOT;20996;12;20994;8;;;21008;12;21011;9;;;21002.0;0.0
8;200;ASH_COATED_OSMIUM;9990;14;9988;10;9987;13;10006;15;10007;15;10008;15;9998.0;0.0
8;200;INTARIAN_PEPPER_ROOT;20992;9;20989;10;;;21008;12;21009;9;;;21000.0;0.0
8;300;ASH_COATED_OSMIUM;9994;14;9992;11;;;10010;12;10013;15;;;10002.5;0.0
8;300;INTARIAN_PEPPER_ROOT;20994;12;;;;;21007;11;;;;;21000.5;0.0
8;400;ASH_COATED_OSMIUM;9989;10;9987;12;;;10005;13;10008;13;;;9997.5;0.0
8;400;INTARIAN_PEPPER_ROOT;20994;22;;;;;21004;10;;;;;20999.5;0.0
8;500;ASH_COATED_OSMIUM;9994;15;;;;;10010;10;;;;;10002.5;0.0
8;500;INTARIAN_PEPPER_ROOT;20995;9;20992;8;20989;19;21006;8;21009;10;21011;12;21000.5;0.0
8;600;ASH_COATED_OSMIUM;9994;10;9992;25;;;10010;14;10013;11;;;10002.0;0.0
8;600;INTARIAN_PEPPER_ROOT;20995;11;20993;9;;;21007;19;21009;17;;;21001.0;0.0
8;700;ASH_COATED_OSMIUM;9989;13;;;;;10005;12;;;;;9997.0;0.0
8;700;INTARIAN_PEPPER_ROOT;20995;11;20992;9;;;21007;10;21008;10;;;21001.0;0.0
8;800;ASH_COATED_OSMIUM;9994;13;9992;14;9989;13;10010;11;10013;12;10015;13;10002.5;0.0
8;800;INTARIAN_PEPPER_ROOT;20994;9;;;;;21007;8;;;;;21001.0;0.0
8;900;ASH_COATED_OSMIUM;9988;14;;;;;10006;10;;;;;9997.5;0.0
8;900;INTARIAN_PEPPER_ROOT;20997;10;20994;12;;;21011;10;21014;9;;;21004.0;0.0
8;1000;ASH_COATED_OSMIUM;9999;15;;;;;10006;11;;;;;10003.0;0.0
8;1000;INTARIAN_PEPPER_ROOT;21000;9;20998;11;;;21007;10;21009;22;;;21004.0;0.0
8;1100;ASH_COATED_OSMIUM;9995;21;9993;12;;;10011;14;10013;12;;;10003.0;0.0
8;1100;INTARIAN_PEPPER_ROOT;20994;12;20993;12;20992;8;21007;10;21010;12;21013;12;21000.5;0.0
8;1200;ASH_COATED_OSMIUM;9997;12;9995;12;9992;24;10008;12;10011;15;10012;12;10003.0;0.0
8;1200;INTARIAN_PEPPER_ROOT;20993;10;20992;11;;;21007;19;21009;9;;;21000.0;0.0
8;1300;ASH_COATED_OSMIUM;9989;15;9987;13;;;10005;10;10006;15;;;9997.5;0.0
8;1300;INTARIAN_PEPPER_ROOT;20996;11;20993;8;;;21007;12;21009;8;;;21002.0;0.0
8;1400;ASH_COATED_OSMIUM;9998;15;9996;15;9995;15;10007;30;10008;12;10009;15;10002.5;0.0
8;1400;INTARIAN_PEPPER_ROOT;20991;12;;;;;21004;8;;;;;20997.5;0.0
8;1500;ASH_COATED_OSMIUM;9995;14;9993;12;;;10011;12;10014;11;;;10003.0;0.0
8;1500;INTARIAN_PEPPER_ROOT;20989;12;20986;9;20983;9;21006;9;21009;10;21012;11;20997.5;0.0
8;1600;ASH_COATED_OSMIUM;9990;13;9987;21;9985;15;10006;15;10009;14;10011;14;9998.5;0.0
8;1600;INTARIAN_PEPPER_ROOT;20993;9;20992;11;;;21006;12;21009;8;;;21000.0;0.0
8;1700;ASH_COATED_OSMIUM;9995;13;9993;26;;;10013;15;10016;10;;;10004.0;0.0
8;1700;INTARIAN_PEPPER_ROOT;20993;15;;;;;21008;9;;;;;21001.0;0.0
8;1800;ASH_COATED_OSMIUM;9996;12;9995;14;9992;10;10012;11;10014;2;10017;12;10004.0;0.0
8;1800;INTARIAN_PEPPER_ROOT;20998;9;20997;11;;;21011;10;21013;12;;;21004.5;0.0
8;1900;ASH_COATED_OSMIUM;9990;15;;;;;10006;5;;;;;9998.0;0.0
8;1900;INTARIAN_PEPPER_ROOT;20996;12;20994;12;;;21007;8;21009;11;;;21002.0;0.0
8;2000;ASH_COATED_OSMIUM;9990;14;9989;10;9986;10;10006;10;10007;14;10009;12;9998.5;0.0
8;2000;INTARIAN_PEPPER_ROOT;20998;9;20995;12;20994;8;21010;9;21012;10;21015;11;21004.5;0.0
8;2100;ASH_COATED_OSMIUM;10002;27;;;;;10008;13;;;;;10005.0;0.0
8;2100;INTARIAN_PEPPER_ROOT;20995;11;20993;9;20992;12;21011;11;21013;9;21014;11;21003.0;0.0
8;2200;ASH_COATED_OSMIUM;9990;11;9987;11;9985;15;10008;12;10009;15;10011;10;9999.5;0.0
8;2200;INTARIAN_PEPPER_ROOT;20997;12;;;;;21011;9;;;;;21004.5;0.0
8;2300;ASH_COATED_OSMIUM;9990;15;9989;14;;;10008;11;10011;14;;;9999.5;0.0
8;2300;INTARIAN_PEPPER_ROOT;20993;8;20991;10;20990;9;21009;11;21012;12;21015;12;21001.5;0.0
8;2400;ASH_COATED_OSMIUM;9990;20;9989;15;9987;12;10009;13;10011;11;10013;10;9999.5;0.0
8;2400;INTARIAN_PEPPER_ROOT;20994;9;20991;11;;;21011;12;21014;8;;;21002.5;0.0
8;2500;ASH_COATED_OSMIUM;9996;11;;;;;10012;27;;;;;10004.5;0.0
8;2500;INTARIAN_PEPPER_ROOT;20997;11;20995;12;;;21010;19;21011;8;;;21003.5;0.0
8;2600;ASH_COATED_OSMIUM;9995;11;9992;10;;;10013;12;10016;24;;;10004.5;0.0
8;2600;INTARIAN_PEPPER_ROOT;20995;12;20993;8;20992;11;21007;8;21010;21;21012;9;21001.5;0.0
8;2700;ASH_COATED_OSMIUM;9996;12;9994;15;;;10012;15;10014;23;;;10004.0;0.0
8;2700;INTARIAN_PEPPER_ROOT;20998;10;20995;8;20993;11;21010;11;21013;11;21014;8;21004.0;0.0
8;2800;ASH_COATED_OSMIUM;9989;29;9987;14;;;10005;13;10008;13;;;9997.5;0.0
8;2800;INTARIAN_PEPPER_ROOT;20999;12;20998;10;;;21011;9;21014;25;;;21005.5;0.0
8;2900;ASH_COATED_OSMIUM;9990;10;;;;;10006;11;;;;;9998.0;0.0
8;2900;INTARIAN_PEPPER_ROOT;20995;12;;;;;21007;10;;;;;21001.5;0.0
8;3000;ASH_COATED_OSMIUM;9993;12;;;;;10011;14;;;;;10002.5;0.0
8;3000;INTARIAN_PEPPER_ROOT;20997;10;20995;8;;;21014;11;21016;8;;;21005.5;0.0
8;3100;ASH_COATED_OSMIUM;9990;14;;;;;10006;13;;;;;9998.0;0.0
8;3100;INTARIAN_PEPPER_ROOT;20995;21;;;;;21008;11;;;;;21001.5;0.0
8;3200;ASH_COATED_OSMIUM;9988;14;9986;12;;;10007;12;10010;12;;;9998.0;0.0
8;3200;INTARIAN_PEPPER_ROOT;20995;10;20994;10;20991;12;21008;11;21010;19;21013;10;21001.5;0.0
8;3300;ASH_COATED_OSMIUM;9990;11;;;;;10006;11;;;;;9998.0;0.0
8;3300;INTARIAN_PEPPER_ROOT;20996;9;20993;9;20992;10;21008;10;21009;19;21011;11;21002.5;0.0
8;3400;ASH_COATED_OSMIUM;9992;21;;;;;10002;15;;;;;9997.5;0.0
8;3400;INTARIAN_PEPPER_ROOT;20996;8;20995;10;;;21011;8;21014;11;;;21003.5;0.0
8;3500;ASH_COATED_OSMIUM;9995;12;;;;;10011;22;;;;;10003.0;0.0
8;3500;INTARIAN_PEPPER_ROOT;20997;9;20996;10;;;21011;18;21013;11;;;21004.5;0.0
8;3600;ASH_COATED_OSMIUM;9993;11;9992;11;;;10012;15;10013;11;;;10003.0;0.0
8;3600;INTARIAN_PEPPER_ROOT;20998;12;20995;12;20994;10;21009;8;21010;9;21013;24;21004.0;0.0
8;3700;ASH_COATED_OSMIUM;9994;14;9993;10;;;10012;14;10014;14;;;10003.0;0.0
8;3700;INTARIAN_PEPPER_ROOT;20997;11;20996;8;20994;8;21011;11;21013;10;21014;8;21004.0;0.0
8;3800;ASH_COATED_OSMIUM;9995;10;9993;11;9991;14;10011;11;10013;12;10014;14;10003.5;0.0
8;3800;INTARIAN_PEPPER_ROOT;20997;10;;;;;21011;12;;;;;21004.5;0.0
8;3900;ASH_COATED_OSMIUM;9990;12;;;;;10006;12;;;;;9998.0;0.0
8;3900;INTARIAN_PEPPER_ROOT;20997;9;;;;;21009;12;;;;;21003.0;0.0
8;4000;ASH_COATED_OSMIUM;9994;15;;;;;10010;13;;;;;10002.5;0.0
8;4000;INTARIAN_PEPPER_ROOT;20995;11;20994;12;20992;8;21008;22;21009;10;21012;9;21002.0;0.0
8;4100;ASH_COATED_OSMIUM;9993;15;9990;13;9989;15;10011;12;10014;13;10017;20;10002.0;0.0
8;4100;INTARIAN_PEPPER_ROOT;20994;15;20992;10;20991;21;21008;9;21010;12;21013;8;21001.5;0.0
8;4200;ASH_COATED_OSMIUM;9994;11;9992;13;9991;15;10010;10;10011;13;10013;28;10002.0;0.0
8;4200;INTARIAN_PEPPER_ROOT;21000;25;20997;12;;;21012;12;21014;9;;;21006.5;0.0
8;4300;ASH_COATED_OSMIUM;9989;11;;;;;10005;11;;;;;9997.0;0.0
8;4300;INTARIAN_PEPPER_ROOT;20999;20;20997;17;;;21015;10;21018;8;;;21007.5;0.0
8;4400;ASH_COATED_OSMIUM;9989;13;9986;20;9985;12;10005;10;10006;13;10009;12;9997.0;0.0
8;4400;INTARIAN_PEPPER_ROOT;21000;9;20999;9;;;21013;11;21016;8;;;21007.0;0.0
8;4500;ASH_COATED_OSMIUM;9988;10;9986;15;;;10007;23;10008;20;;;9997.5;0.0
8;4500;INTARIAN_PEPPER_ROOT;20997;12;20995;24;;;21010;12;21013;8;;;21004.0;0.0
8;4600;ASH_COATED_OSMIUM;9995;5;9994;14;9992;11;10011;10;10013;10;10014;14;10003.0;0.0
8;4600;INTARIAN_PEPPER_ROOT;20997;9;;;;;21013;9;;;;;21005.0;0.0
8;4700;ASH_COATED_OSMIUM;9989;11;9987;13;;;10007;12;10010;21;;;9998.0;0.0
8;4700;INTARIAN_PEPPER_ROOT;20995;10;20993;21;;;21011;9;21012;9;;;21003.5;0.0
8;4800;ASH_COATED_OSMIUM;9987;13;9984;15;9983;15;10006;10;10009;10;10012;11;9997.0;0.0
8;4800;INTARIAN_PEPPER_ROOT;20999;11;20997;10;;;21013;8;21014;3;;;21006.5;0.0
8;4900;ASH_COATED_OSMIUM;9992;15;9990;15;;;10002;12;10003;25;;;9997.0;0.0
8;4900;INTARIAN_PEPPER_ROOT;21005;10;;;;;21017;11;;;;;21011.0;0.0
8;5000;ASH_COATED_OSMIUM;9994;10;;;;;10010;24;;;;;10002.0;0.0
8;5000;INTARIAN_PEPPER_ROOT;21004;11;21001;16;;;21015;9;21016;9;;;21010.0;0.0
8;5100;ASH_COATED_OSMIUM;9989;10;;;;;10005;12;;;;;9997.0;0.0
8;5100;INTARIAN_PEPPER_ROOT;21000;8;20997;12;;;21012;15;21014;8;;;21006.0;0.0
8;5200;ASH_COATED_OSMIUM;9989;14;9988;14;;;10005;15;10008;13;;;9997.0;0.0
8;5200;INTARIAN_PEPPER_ROOT;21005;12;21004;9;;;21017;12;21020;12;;;21011.5;0.0
8;5300;ASH_COATED_OSMIUM;9988;10;9987;25;9985;13;10004;13;10005;12;10008;14;9996.5;0.0
8;5300;INTARIAN_PEPPER_ROOT;21002;8;;;;;21010;9;;;;;21006.0;0.0
8;5400;ASH_COATED_OSMIUM;9993;11;9991;14;;;10009;13;10011;13;;;10001.0;0.0
8;5400;INTARIAN_PEPPER_ROOT;21003;8;;;;;21011;19;;;;;21007.5;0.0
8;5500;ASH_COATED_OSMIUM;9987;3;9984;15;;;10003;11;10005;15;;;9995.5;0.0
8;5500;INTARIAN_PEPPER_ROOT;21001;8;20998;17;20995;9;21014;10;21016;11;21019;11;21008.0;0.0
8;5600;ASH_COATED_OSMIUM;9986;14;9984;11;;;10005;11;10008;15;;;9995.5;0.0
8;5600;INTARIAN_PEPPER_ROOT;21002;10;21001;10;;;21015;9;21018;12;;;21008.5;0.0
8;5700;ASH_COATED_OSMIUM;9989;10;;;;;10005;10;;;;;9997.0;0.0
8;5700;INTARIAN_PEPPER_ROOT;20998;9;;;;;21011;12;;;;;21004.5;0.0
8;5800;ASH_COATED_OSMIUM;9994;11;;;;;10010;13;;;;;10002.0;0.0
8;5800;INTARIAN_PEPPER_ROOT;20998;10;;;;;21015;11;;;;;21007.0;0.0
8;5900;ASH_COATED_OSMIUM;9993;12;9992;14;;;10009;11;10012;14;;;10001.5;0.0
8;5900;INTARIAN_PEPPER_ROOT;21001;10;20999;9;;;21014;15;21017;9;;;21007.5;0.0
8;6000;ASH_COATED_OSMIUM;9992;28;;;;;10011;15;;;;;10001.5;0.0
8;6000;INTARIAN_PEPPER_ROOT;20998;12;;;;;21012;9;;;;;21005.5;0.0
8;6100;ASH_COATED_OSMIUM;9992;12;9990;13;9989;20;10010;13;10011;13;10013;15;10001.5;0.0
8;6100;INTARIAN_PEPPER_ROOT;20999;10;;;;;21011;10;;;;;21005.0;0.0
8;6200;ASH_COATED_OSMIUM;9994;10;9991;11;;;10010;2;10011;12;;;10002.0;0.0
8;6200;INTARIAN_PEPPER_ROOT;21000;8;20997;11;20996;9;21011;9;21012;8;21015;12;21006.0;0.0
8;6300;ASH_COATED_OSMIUM;9993;12;9991;10;;;10009;13;10012;12;;;10001.5;0.0
8;6300;INTARIAN_PEPPER_ROOT;21000;9;20999;8;;;21013;8;21016;11;;;21007.0;0.0
8;6400;ASH_COATED_OSMIUM;9989;11;9988;28;;;10005;10;10006;10;;;9997.0;0.0
8;6400;INTARIAN_PEPPER_ROOT;21001;10;;;;;21015;10;;;;;21008.0;0.0
8;6500;ASH_COATED_OSMIUM;9993;13;;;;;10011;10;;;;;10002.0;0.0
8;6500;INTARIAN_PEPPER_ROOT;21000;5;20998;10;20997;8;21012;12;21013;9;21015;12;21006.5;0.0
8;6600;ASH_COATED_OSMIUM;9987;21;;;;;10006;11;;;;;9996.5;0.0
8;6600;INTARIAN_PEPPER_ROOT;21002;11;21001;8;;;21015;20;21018;12;;;21009.0;0.0
8;6700;ASH_COATED_OSMIUM;9987;13;9984;14;9982;13;10006;15;10009;13;10011;11;9996.5;0.0
8;6700;INTARIAN_PEPPER_ROOT;21002;23;;;;;21014;8;;;;;21008.5;0.0
8;6800;ASH_COATED_OSMIUM;9988;12;9985;13;9983;12;10004;15;10005;15;10007;15;9996.0;0.0
8;6800;INTARIAN_PEPPER_ROOT;21000;12;;;;;21017;11;;;;;21009.0;0.0
8;6900;ASH_COATED_OSMIUM;9987;11;;;;;10005;15;;;;;9996.5;0.0
8;6900;INTARIAN_PEPPER_ROOT;20999;10;20997;10;;;21013;15;21016;8;;;21006.5;0.0
8;7000;ASH_COATED_OSMIUM;9994;29;;;;;10010;20;;;;;10002.0;0.0
8;7000;INTARIAN_PEPPER_ROOT;20999;8;;;;;21015;10;;;;;21007.0;0.0
8;7100;ASH_COATED_OSMIUM;9988;11;9985;13;;;10004;12;10006;10;;;9996.5;0.0
8;7100;INTARIAN_PEPPER_ROOT;21004;10;21002;11;;;21016;12;21017;24;;;21010.0;0.0
8;7200;ASH_COATED_OSMIUM;9994;24;;;;;10010;12;;;;;10002.0;0.0
8;7200;INTARIAN_PEPPER_ROOT;20998;12;20997;10;;;21010;20;21013;9;;;21004.0;0.0
8;7300;ASH_COATED_OSMIUM;9986;11;9984;11;9982;28;10007;14;10010;14;10012;12;9996.5;0.0
8;7300;INTARIAN_PEPPER_ROOT;21005;21;21002;12;;;21018;10;21019;18;;;21011.5;0.0
8;7400;ASH_COATED_OSMIUM;9991;13;9988;11;;;10012;13;10015;20;;;10002.0;0.0
8;7400;INTARIAN_PEPPER_ROOT;21004;11;;;;;21015;12;;;;;21009.5;0.0
8;7500;ASH_COATED_OSMIUM;9987;10;9986;13;;;10005;12;10006;10;;;9996.5;0.0
8;7500;INTARIAN_PEPPER_ROOT;20999;23;20997;10;;;21015;16;21018;12;;;21007.5;0.0
8;7600;ASH_COATED_OSMIUM;9993;4;9992;10;9990;13;10009;15;10012;14;10013;11;10001.5;0.0
8;7600;INTARIAN_PEPPER_ROOT;21006;12;21003;8;;;21018;11;21021;8;;;21012.0;0.0
8;7700;ASH_COATED_OSMIUM;9987;29;9986;14;;;10006;14;10009;10;;;9996.5;0.0
8;7700;INTARIAN_PEPPER_ROOT;21003;7;;;;;21014;10;;;;;21009.0;0.0
8;7800;ASH_COATED_OSMIUM;9990;10;9987;12;9986;12;10000;11;10001;29;10003;12;9995.5;0.0
8;7800;INTARIAN_PEPPER_ROOT;21003;10;21000;10;20997;9;21015;10;21018;6;21021;9;21009.0;0.0
8;7900;ASH_COATED_OSMIUM;9987;12;9984;12;;;10003;12;10004;13;;;9995.0;0.0
8;7900;INTARIAN_PEPPER_ROOT;20999;12;;;;;21015;10;;;;;21007.5;0.0
8;8000;ASH_COATED_OSMIUM;9986;15;9984;10;;;10005;10;10007;12;;;9995.5;0.0
8;8000;INTARIAN_PEPPER_ROOT;21002;16;;;;;21016;12;;;;;21009.0;0.0
8;8100;ASH_COATED_OSMIUM;9992;11;9991;10;;;10008;11;10011;12;;;10000.0;0.0
8;8100;INTARIAN_PEPPER_ROOT;21000;8;20999;8;20998;15;21012;12;21015;8;21016;20;21006.5;0.0
8;8200;ASH_COATED_OSMIUM;9989;15;9986;13;9983;24;10010;12;10012;23;10015;13;10000.0;0.0
8;8200;INTARIAN_PEPPER_ROOT;21001;8;20998;9;;;21015;18;21017;11;;;21008.5;0.0
8;8300;ASH_COATED_OSMIUM;9992;11;9991;10;9989;15;10008;6;10011;11;10014;11;10000.0;0.0
8;8300;INTARIAN_PEPPER_ROOT;21001;11;20998;10;;;21005;16;21006;12;;;21003.0;0.0
8;8400;ASH_COATED_OSMIUM;9987;15;9984;10;9983;25;10003;14;10005;14;10008;4;9995.5;0.0
8;8400;INTARIAN_PEPPER_ROOT;21000;12;20998;9;20995;8;21014;11;21017;11;21018;8;21007.5;0.0
8;8500;ASH_COATED_OSMIUM;9987;15;;;;;10003;15;;;;;9995.5;0.0
8;8500;INTARIAN_PEPPER_ROOT;21002;9;;;;;21016;8;;;;;21009.0;0.0
8;8600;ASH_COATED_OSMIUM;9992;14;9989;12;9987;20;10008;23;10010;14;10012;11;10000.5;0.0
8;8600;INTARIAN_PEPPER_ROOT;21002;12;21001;16;;;21009;12;21011;9;;;21005.5;0.0
8;8700;ASH_COATED_OSMIUM;9986;12;9984;11;9983;15;10002;11;10003;14;10006;12;9994.5;0.0
8;8700;INTARIAN_PEPPER_ROOT;21003;10;;;;;21015;8;;;;;21009.5;0.0
8;8800;ASH_COATED_OSMIUM;9991;14;9988;28;9986;13;9998;13;10000;12;10001;15;9994.5;0.0
8;8800;INTARIAN_PEPPER_ROOT;21005;12;21004;11;21001;10;21016;10;21017;11;21018;8;21011.0;0.0
8;8900;ASH_COATED_OSMIUM;9986;11;;;;;10002;25;;;;;9994.5;0.0
8;8900;INTARIAN_PEPPER_ROOT;21002;10;20999;25;;;21013;8;21015;8;;;21007.5;0.0
8;9000;ASH_COATED_OSMIUM;9992;12;9990;12;;;10008;10;10011;15;;;10000.0;0.0
8;9000;INTARIAN_PEPPER_ROOT;21002;15;21000;12;;;21014;11;21016;12;;;21008.5;0.0
8;9100;ASH_COATED_OSMIUM;9986;14;9985;10;;;10004;15;10006;26;;;9995.0;0.0
8;9100;INTARIAN_PEPPER_ROOT;21010;8;21008;11;21005;9;21021;12;21022;9;21024;11;21015.5;0.0
8;9200;ASH_COATED_OSMIUM;9991;12;;;;;10007;11;;;;;9999.5;0.0
8;9200;INTARIAN_PEPPER_ROOT;21002;12;20999;12;;;21015;15;21016;9;;;21008.5;0.0
8;9300;ASH_COATED_OSMIUM;9992;14;9989;11;9986;14;10008;5;10011;30;10012;15;10000.0;0.0
8;9300;INTARIAN_PEPPER_ROOT;21004;9;21003;12;21000;8;21016;22;21017;10;21018;11;21010.5;0.0
8;9400;ASH_COATED_OSMIUM;9990;10;;;;;10009;26;;;;;10000.0;0.0
8;9400;INTARIAN_PEPPER_ROOT;21006;8;;;;;21021;12;;;;;21013.5;0.0
8;9500;ASH_COATED_OSMIUM;9992;15;9989;26;;;10008;14;10010;13;;;10000.0;0.0
8;9500;INTARIAN_PEPPER_ROOT;21002;12;;;;;21018;12;;;;;21010.0;0.0
8;9600;ASH_COATED_OSMIUM;9986;14;9984;12;;;10002;12;10004;26;;;9994.5;0.0
8;9600;INTARIAN_PEPPER_ROOT;20997;10;20995;11;;;21010;12;21012;12;;;21004.0;0.0
8;9700;ASH_COATED_OSMIUM;9984;12;9983;11;;;10003;13;10006;10;;;9994.0;0.0
8;9700;INTARIAN_PEPPER_ROOT;21004;10;;;;;21017;8;;;;;21010.5;0.0
8;9800;ASH_COATED_OSMIUM;9986;4;9984;13;;;10002;11;10004;12;;;9994.0;0.0
8;9800;INTARIAN_PEPPER_ROOT;21001;12;;;;;21014;9;;;;;21008.0;0.0
8;9900;ASH_COATED_OSMIUM;9985;14;9982;12;;;10001;10;10002;25;;;9993.5;0.0
8;9900;INTARIAN_PEPPER_ROOT;21005;25;21002;8;;;21021;8;21023;16;;;21013.0;0.0
8;10000;ASH_COATED_OSMIUM;9986;29;9983;14;9980;10;10002;14;10003;10;10006;13;9994.0;0.0
8;10000;INTARIAN_PEPPER_ROOT;21000;8;;;;;21016;12;;;;;21008.0;0.0
8;10100;ASH_COATED_OSMIUM;9991;6;;;;;10007;20;;;;;9999.0;0.0
8;10100;INTARIAN_PEPPER_ROOT;21006;9;21003;19;21000;9;21019;10;21022;11;21025;10;21013.0;0.0
8;10200;ASH_COATED_OSMIUM;9986;10;;;;;10002;14;;;;;9994.0;0.0
8;10200;INTARIAN_PEPPER_ROOT;21001;10;;;;;21015;11;;;;;21008.5;0.0
8;10300;ASH_COATED_OSMIUM;9988;11;9985;10;9984;12;10009;13;10010;10;10011;12;9999.0;0.0
8;10300;INTARIAN_PEPPER_ROOT;21005;8;21004;9;21003;12;21017;11;21019;8;21022;11;21011.5;0.0
8;10400;ASH_COATED_OSMIUM;9991;15;9989;14;;;10007;11;10010;12;;;9999.0;0.0
8;10400;INTARIAN_PEPPER_ROOT;21001;11;;;;;21017;12;;;;;21009.5;0.0
8;10500;ASH_COATED_OSMIUM;9991;14;9988;11;;;10007;12;10008;14;;;9999.5;0.0
8;10500;INTARIAN_PEPPER_ROOT;21004;11;;;;;21018;11;;;;;21011.0;0.0
8;10600;ASH_COATED_OSMIUM;9986;13;;;;;10002;21;;;;;9994.0;0.0
8;10600;INTARIAN_PEPPER_ROOT;21005;17;21003;11;21001;12;21018;8;21020;10;21023;19;21011.5;0.0
8;10700;ASH_COATED_OSMIUM;9986;15;;;;;10002;11;;;;;9994.5;0.0
8;10700;INTARIAN_PEPPER_ROOT;21004;8;21001;8;;;21017;9;21020;10;;;21011.0;0.0
8;10800;ASH_COATED_OSMIUM;9990;12;9988;12;;;10008;26;10010;27;;;9999.0;0.0
8;10800;INTARIAN_PEPPER_ROOT;21004;22;21002;8;;;21016;10;21017;9;;;21010.0;0.0
8;10900;ASH_COATED_OSMIUM;9992;10;9990;12;;;10008;11;10011;20;;;10000.0;0.0
8;10900;INTARIAN_PEPPER_ROOT;21007;20;21006;9;;;21021;8;21024;10;;;21014.0;0.0
8;11000;ASH_COATED_OSMIUM;9991;15;9990;11;;;10007;13;10008;10;;;9999.5;0.0
8;11000;INTARIAN_PEPPER_ROOT;21007;10;21004;8;;;21019;10;21020;16;;;21013.0;0.0
8;11100;ASH_COATED_OSMIUM;9991;13;9989;23;9988;14;10007;11;10008;24;10010;11;9999.5;0.0
8;11100;INTARIAN_PEPPER_ROOT;21005;11;;;;;21013;12;;;;;21009.5;0.0
8;11200;ASH_COATED_OSMIUM;9989;10;9986;10;9983;14;10008;10;10011;20;10014;12;9998.5;0.0
8;11200;INTARIAN_PEPPER_ROOT;21002;10;20999;12;20998;8;21014;8;21017;12;21020;21;21008.5;0.0
8;11300;ASH_COATED_OSMIUM;9990;29;9987;14;9984;9;10006;11;10007;10;10009;13;9998.5;0.0
8;11300;INTARIAN_PEPPER_ROOT;21004;12;21001;11;;;21017;9;21018;12;;;21010.5;0.0
8;11400;ASH_COATED_OSMIUM;9990;7;9989;13;;;10006;20;10008;15;;;9998.0;0.0
8;11400;INTARIAN_PEPPER_ROOT;21002;9;21000;9;;;21017;10;21020;25;;;21010.0;0.0
8;11500;ASH_COATED_OSMIUM;9993;10;9990;11;9989;13;10002;12;10004;2;10005;28;9998.0;0.0
8;11500;INTARIAN_PEPPER_ROOT;21006;8;21003;11;21002;23;21017;12;21018;8;21021;12;21012.0;0.0
8;11600;ASH_COATED_OSMIUM;9985;24;9982;11;9979;14;10001;21;10002;11;10003;11;9993.5;0.0
8;11600;INTARIAN_PEPPER_ROOT;21000;12;20997;10;;;21014;9;21016;18;;;21007.5;0.0
8;11700;ASH_COATED_OSMIUM;9990;10;9988;27;9985;12;10006;14;10007;14;10009;13;9998.5;0.0
8;11700;INTARIAN_PEPPER_ROOT;21006;9;21005;10;21004;8;21019;9;21022;11;21023;12;21012.5;0.0
8;11800;ASH_COATED_OSMIUM;9985;14;9983;11;;;10001;24;10004;12;;;9993.0;0.0
8;11800;INTARIAN_PEPPER_ROOT;21009;8;;;;;21023;19;;;;;21016.0;0.0
8;11900;ASH_COATED_OSMIUM;9990;4;9987;14;9984;15;10006;21;10008;11;10009;14;9998.5;0.0
8;11900;INTARIAN_PEPPER_ROOT;21006;12;;;;;21018;16;;;;;21012.5;0.0
8;12000;ASH_COATED_OSMIUM;9990;14;9988;14;9987;13;10006;12;10009;21;10011;15;9998.5;0.0
8;12000;INTARIAN_PEPPER_ROOT;21004;16;21003;12;;;21016;9;21018;10;;;21010.0;0.0
8;12100;ASH_COATED_OSMIUM;9989;14;9987;10;;;10005;21;10008;10;;;9997.5;0.0
8;12100;INTARIAN_PEPPER_ROOT;21002;8;21000;12;20997;10;21015;8;21017;10;21019;15;21009.0;0.0
8;12200;ASH_COATED_OSMIUM;9992;22;;;;;10002;11;;;;;9997.5;0.0
8;12200;INTARIAN_PEPPER_ROOT;21000;12;20998;10;;;21016;12;21019;4;;;21008.5;0.0
8;12300;ASH_COATED_OSMIUM;9983;15;9981;27;;;10002;12;10005;13;;;9992.5;0.0
8;12300;INTARIAN_PEPPER_ROOT;21006;17;21003;9;;;21020;15;21022;8;;;21013.0;0.0
8;12400;ASH_COATED_OSMIUM;9990;12;9988;11;;;10006;12;10009;21;;;9998.0;0.0
8;12400;INTARIAN_PEPPER_ROOT;21007;11;;;;;21010;20;;;;;21009.0;0.0
8;12500;ASH_COATED_OSMIUM;9983;13;9982;10;;;10002;10;10005;10;;;9992.5;0.0
8;12500;INTARIAN_PEPPER_ROOT;21007;12;21004;12;;;21021;9;21023;8;;;21014.0;0.0
8;12600;ASH_COATED_OSMIUM;9985;13;9982;23;9980;11;10001;15;10003;10;10005;10;9993.0;0.0
8;12600;INTARIAN_PEPPER_ROOT;21008;8;21005;8;;;21016;8;21018;11;;;21012.0;0.0
8;12700;ASH_COATED_OSMIUM;9984;5;9982;13;9979;27;10000;12;10002;30;10005;13;9992.5;0.0
8;12700;INTARIAN_PEPPER_ROOT;21003;10;21001;9;;;21017;5;21020;10;;;21010.0;0.0
8;12800;ASH_COATED_OSMIUM;9985;15;9984;10;;;10001;13;10003;14;;;9993.0;0.0
8;12800;INTARIAN_PEPPER_ROOT;21004;9;;;;;21020;10;;;;;21012.5;0.0
8;12900;ASH_COATED_OSMIUM;9990;10;9987;12;;;10006;10;10009;12;;;9998.0;0.0
8;12900;INTARIAN_PEPPER_ROOT;21006;11;21003;12;21001;12;21020;24;21023;11;21026;12;21013.5;0.0
8;13000;ASH_COATED_OSMIUM;9985;12;9983;12;;;10001;15;10004;12;;;9993.5;0.0
8;13000;INTARIAN_PEPPER_ROOT;21004;9;21003;8;;;21021;10;21024;11;;;21013.0;0.0
8;13100;ASH_COATED_OSMIUM;9990;11;;;;;10006;20;;;;;9998.5;0.0
8;13100;INTARIAN_PEPPER_ROOT;21003;9;;;;;21017;11;;;;;21010.5;0.0
8;13200;ASH_COATED_OSMIUM;9989;12;9988;24;9987;14;10008;15;10009;14;10010;10;9998.5;0.0
8;13200;INTARIAN_PEPPER_ROOT;21006;9;21005;10;;;21020;9;21022;8;;;21013.5;0.0
8;13300;ASH_COATED_OSMIUM;9985;12;;;;;10001;12;;;;;9993.0;0.0
8;13300;INTARIAN_PEPPER_ROOT;21006;9;21004;12;;;21018;11;21020;11;;;21012.5;0.0
8;13400;ASH_COATED_OSMIUM;9989;10;9986;15;;;10008;13;10010;15;;;9998.5;0.0
8;13400;INTARIAN_PEPPER_ROOT;21001;12;21000;10;;;21013;12;21015;11;;;21007.5;0.0
8;13500;ASH_COATED_OSMIUM;9990;11;9987;10;9985;11;10006;14;10007;13;10009;11;9998.5;0.0
8;13500;INTARIAN_PEPPER_ROOT;21004;11;;;;;21019;9;;;;;21012.0;0.0
8;13600;ASH_COATED_OSMIUM;9990;10;;;;;10006;27;;;;;9998.5;0.0
8;13600;INTARIAN_PEPPER_ROOT;21004;10;21003;10;;;21019;8;21022;11;;;21011.5;0.0
8;13700;ASH_COATED_OSMIUM;9985;26;9983;10;9981;13;10001;13;10004;3;10006;10;9993.5;0.0
8;13700;INTARIAN_PEPPER_ROOT;21003;10;21001;8;;;21020;9;21021;9;;;21011.5;0.0
8;13800;ASH_COATED_OSMIUM;9985;14;9982;12;;;10001;10;10004;11;;;9993.5;0.0
8;13800;INTARIAN_PEPPER_ROOT;21008;8;;;;;21020;10;;;;;21014.5;0.0
8;13900;ASH_COATED_OSMIUM;9985;12;;;;;10001;10;;;;;9993.0;0.0
8;13900;INTARIAN_PEPPER_ROOT;21011;8;;;;;21024;10;;;;;21018.0;0.0
8;14000;ASH_COATED_OSMIUM;9990;15;;;;;10006;21;;;;;9998.0;0.0
8;14000;INTARIAN_PEPPER_ROOT;21005;9;;;;;21021;12;;;;;21013.5;0.0
8;14100;ASH_COATED_OSMIUM;9984;14;9981;15;9979;28;10002;13;10004;29;10005;13;9993.0;0.0
8;14100;INTARIAN_PEPPER_ROOT;21009;10;21006;12;;;21022;12;21024;9;;;21015.5;0.0
8;14200;ASH_COATED_OSMIUM;9993;13;9992;13;9990;29;10003;14;10005;29;10007;13;9998.5;0.0
8;14200;INTARIAN_PEPPER_ROOT;21006;10;21005;21;21003;12;21017;9;21019;19;21020;12;21012.0;0.0
8;14300;ASH_COATED_OSMIUM;9983;11;;;;;10002;11;;;;;9993.0;0.0
8;14300;INTARIAN_PEPPER_ROOT;21007;9;21005;12;21003;11;21021;10;21023;12;21026;12;21014.5;0.0
8;14400;ASH_COATED_OSMIUM;9989;13;9988;10;;;10005;13;10006;10;;;9997.5;0.0
8;14400;INTARIAN_PEPPER_ROOT;21006;8;21003;20;;;21020;9;21022;8;;;21013.0;0.0
8;14500;ASH_COATED_OSMIUM;9984;14;9982;8;9980;12;10000;11;10002;15;10005;12;9992.5;0.0
8;14500;INTARIAN_PEPPER_ROOT;21009;25;21007;10;;;21024;20;21025;8;;;21017.0;0.0
8;14600;ASH_COATED_OSMIUM;9987;15;;;;;10006;11;;;;;9997.0;0.0
8;14600;INTARIAN_PEPPER_ROOT;21008;10;;;;;21022;8;;;;;21015.5;0.0
8;14700;ASH_COATED_OSMIUM;9984;13;9982;10;9980;10;10000;14;10001;28;10004;25;9992.0;0.0
8;14700;INTARIAN_PEPPER_ROOT;21005;10;;;;;21021;9;;;;;21013.5;0.0
8;14800;ASH_COATED_OSMIUM;9983;13;;;;;10001;13;;;;;9992.5;0.0
8;14800;INTARIAN_PEPPER_ROOT;21006;8;21003;8;21002;17;21022;11;21024;21;21026;9;21014.5;0.0
8;14900;ASH_COATED_OSMIUM;9984;21;9981;13;9978;12;10000;29;10002;28;10005;14;9992.0;0.0
8;14900;INTARIAN_PEPPER_ROOT;21006;12;21004;10;21001;11;21019;9;21020;10;21021;12;21012.5;0.0
8;15000;ASH_COATED_OSMIUM;9984;15;9982;15;;;10000;15;10003;13;;;9992.0;0.0
8;15000;INTARIAN_PEPPER_ROOT;21006;8;21005;11;;;21022;11;21023;21;;;21014.5;0.0
8;15100;ASH_COATED_OSMIUM;9988;12;9985;11;;;9997;13;9998;21;;;9992.5;0.0
8;15100;INTARIAN_PEPPER_ROOT;21009;12;21007;9;;;21023;10;21025;9;;;21016.0;0.0
8;15200;ASH_COATED_OSMIUM;9984;14;9983;13;9980;14;10000;14;10003;29;10005;11;9992.5;0.0
8;15200;INTARIAN_PEPPER_ROOT;21004;10;21003;10;;;21019;12;21020;10;;;21012.0;0.0
8;15300;ASH_COATED_OSMIUM;9990;20;9989;13;;;10006;12;10009;25;;;9998.0;0.0
8;15300;INTARIAN_PEPPER_ROOT;21006;10;21005;15;;;21022;11;21024;11;;;21014.5;0.0
8;15400;ASH_COATED_OSMIUM;9990;26;9988;12;;;10006;12;10007;10;;;9998.0;0.0
8;15400;INTARIAN_PEPPER_ROOT;21010;5;21007;11;;;21022;9;21023;22;;;21016.5;0.0
8;15500;ASH_COATED_OSMIUM;9990;29;9988;14;9986;10;10006;27;10009;10;10010;27;9998.0;0.0
8;15500;INTARIAN_PEPPER_ROOT;21003;6;;;;;21020;12;;;;;21012.0;0.0
8;15600;ASH_COATED_OSMIUM;9990;11;9987;15;;;10006;15;10007;2;;;9998.0;0.0
8;15600;INTARIAN_PEPPER_ROOT;21006;9;21004;8;;;21018;12;21021;10;;;21012.5;0.0
8;15700;ASH_COATED_OSMIUM;9990;12;9989;10;;;10006;11;10009;12;;;9998.5;0.0
8;15700;INTARIAN_PEPPER_ROOT;21009;8;;;;;21025;11;;;;;21017.5;0.0
8;15800;ASH_COATED_OSMIUM;9990;29;9989;26;9986;29;10006;12;10007;10;10009;21;9998.5;0.0
8;15800;INTARIAN_PEPPER_ROOT;21002;8;21000;12;;;21015;12;21018;23;;;21009.0;0.0
8;15900;ASH_COATED_OSMIUM;9989;15;9988;13;;;10007;12;10008;10;;;9998.5;0.0
8;15900;INTARIAN_PEPPER_ROOT;21007;9;;;;;21021;8;;;;;21014.5;0.0
8;16000;ASH_COATED_OSMIUM;9985;20;9983;10;;;10001;11;10003;20;;;9993.5;0.0
8;16000;INTARIAN_PEPPER_ROOT;21008;20;21006;12;;;21023;11;21024;23;;;21016.0;0.0
8;16100;ASH_COATED_OSMIUM;9990;12;9988;13;;;10008;12;10011;14;;;9999.0;0.0
8;16100;INTARIAN_PEPPER_ROOT;21006;8;21005;21;21002;12;21020;5;21021;9;21022;10;21013.5;0.0
8;16200;ASH_COATED_OSMIUM;9984;13;;;;;10003;14;;;;;9994.0;0.0
8;16200;INTARIAN_PEPPER_ROOT;21008;5;;;;;21022;19;;;;;21015.0;0.0
8;16300;ASH_COATED_OSMIUM;9991;10;9988;15;;;10007;11;10008;13;;;9999.5;0.0
8;16300;INTARIAN_PEPPER_ROOT;21006;12;21003;10;21002;9;21021;11;21024;9;21027;8;21014.0;0.0
8;16400;ASH_COATED_OSMIUM;9986;11;9984;10;;;10002;15;10003;23;;;9994.5;0.0
8;16400;INTARIAN_PEPPER_ROOT;21012;8;21009;10;21007;8;21015;9;21017;11;21018;20;21014.0;0.0
8;16500;ASH_COATED_OSMIUM;9990;26;9988;22;;;10009;11;10010;12;;;10000.0;0.0
8;16500;INTARIAN_PEPPER_ROOT;21011;12;;;;;21014;11;;;;;21012.5;0.0
8;16600;ASH_COATED_OSMIUM;9986;15;9984;14;;;10002;14;10005;14;;;9994.0;0.0
8;16600;INTARIAN_PEPPER_ROOT;21011;19;;;;;21023;9;;;;;21017.5;0.0
8;16700;ASH_COATED_OSMIUM;9986;14;;;;;10002;15;;;;;9994.5;0.0
8;16700;INTARIAN_PEPPER_ROOT;21012;10;21009;11;;;21023;11;21024;12;;;21017.5;0.0
8;16800;ASH_COATED_OSMIUM;9987;10;9985;11;9983;4;10003;14;10005;14;10007;30;9995.5;0.0
8;16800;INTARIAN_PEPPER_ROOT;21012;12;21011;12;21008;12;21026;9;21028;22;21031;8;21019.0;0.0
8;16900;ASH_COATED_OSMIUM;9989;15;9988;22;;;10000;20;10003;14;;;9994.5;0.0
8;16900;INTARIAN_PEPPER_ROOT;21010;12;;;;;21023;8;;;;;21017.0;0.0
8;17000;ASH_COATED_OSMIUM;9987;30;9984;26;;;10003;15;10004;15;;;9995.0;0.0
8;17000;INTARIAN_PEPPER_ROOT;21007;8;21004;9;21003;12;21018;22;21020;11;21021;10;21013.0;0.0
8;17100;ASH_COATED_OSMIUM;9995;30;9993;13;;;10004;15;10005;14;;;10000.0;0.0
8;17100;INTARIAN_PEPPER_ROOT;21011;8;21009;10;21006;9;21024;9;21026;8;21027;9;21017.5;0.0
8;17200;ASH_COATED_OSMIUM;9992;23;9990;15;;;10008;10;10010;10;;;10000.5;0.0
8;17200;INTARIAN_PEPPER_ROOT;21010;24;21009;12;;;21022;20;21025;19;;;21016.5;0.0
8;17300;ASH_COATED_OSMIUM;9987;23;;;;;10003;10;;;;;9995.5;0.0
8;17300;INTARIAN_PEPPER_ROOT;21008;12;21006;10;21003;10;21022;8;21024;12;21025;10;21015.5;0.0
8;17400;ASH_COATED_OSMIUM;9988;25;;;;;10004;10;;;;;9996.5;0.0
8;17400;INTARIAN_PEPPER_ROOT;21013;23;21012;11;;;21030;8;21031;8;;;21021.5;0.0
8;17500;ASH_COATED_OSMIUM;9988;30;9986;30;;;10004;14;10006;10;;;9996.0;0.0
8;17500;INTARIAN_PEPPER_ROOT;21009;8;21007;10;;;21024;10;21025;12;;;21016.5;0.0
8;17600;ASH_COATED_OSMIUM;9987;13;9984;12;;;10003;13;10005;12;;;9995.5;0.0
8;17600;INTARIAN_PEPPER_ROOT;21011;12;;;;;21027;8;;;;;21019.5;0.0
8;17700;ASH_COATED_OSMIUM;9987;12;9985;15;;;10003;12;10006;12;;;9995.5;0.0
8;17700;INTARIAN_PEPPER_ROOT;21012;8;21011;8;;;21026;24;21028;15;;;21019.5;0.0
8;17800;ASH_COATED_OSMIUM;9992;12;9991;14;;;10010;10;10011;11;;;10001.0;0.0
8;17800;INTARIAN_PEPPER_ROOT;21014;8;21011;11;21008;12;21026;10;21029;10;21032;8;21020.0;0.0
8;17900;ASH_COATED_OSMIUM;9993;28;;;;;10009;14;;;;;10001.0;0.0
8;17900;INTARIAN_PEPPER_ROOT;21008;16;21005;12;21003;18;21025;10;21026;9;21029;10;21017.0;0.0
8;18000;ASH_COATED_OSMIUM;9992;14;9990;13;;;10008;11;10009;20;;;10000.5;0.0
8;18000;INTARIAN_PEPPER_ROOT;21012;10;21009;20;;;21024;9;21027;12;;;21018.0;0.0
8;18100;ASH_COATED_OSMIUM;9987;12;9986;11;;;10003;12;10005;14;;;9995.5;0.0
8;18100;INTARIAN_PEPPER_ROOT;21008;15;21006;12;21005;11;21020;12;21022;12;21024;8;21014.0;0.0
8;18200;ASH_COATED_OSMIUM;9993;11;;;;;10009;14;;;;;10001.0;0.0
8;18200;INTARIAN_PEPPER_ROOT;21009;8;21007;8;;;21022;9;21023;8;;;21016.0;0.0
8;18300;ASH_COATED_OSMIUM;9991;30;9990;10;9987;14;10009;12;10011;11;10014;14;10000.0;0.0
8;18300;INTARIAN_PEPPER_ROOT;21022;10;21021;8;21020;9;21035;11;21036;10;21037;11;21028.5;0.0
8;18400;ASH_COATED_OSMIUM;9984;14;9983;10;9980;13;10005;20;10006;14;10007;14;9994.5;0.0
8;18400;INTARIAN_PEPPER_ROOT;21017;9;21016;11;21013;11;21020;11;21022;9;21024;11;21019.0;0.0
8;18500;ASH_COATED_OSMIUM;9989;28;9987;13;;;10008;14;10009;12;;;9999.0;0.0
8;18500;INTARIAN_PEPPER_ROOT;21013;8;21010;12;21008;8;21024;8;21026;9;21029;10;21019.0;0.0
8;18600;ASH_COATED_OSMIUM;9994;13;;;;;10004;15;;;;;9999.0;0.0
8;18600;INTARIAN_PEPPER_ROOT;21016;9;21014;5;;;21029;12;21031;20;;;21022.5;0.0
8;18700;ASH_COATED_OSMIUM;9985;10;9983;11;;;10001;26;10002;15;;;9993.5;0.0
8;18700;INTARIAN_PEPPER_ROOT;21011;24;;;;;21024;10;;;;;21018.0;0.0
8;18800;ASH_COATED_OSMIUM;9990;15;;;;;10008;14;;;;;9999.0;0.0
8;18800;INTARIAN_PEPPER_ROOT;21009;11;;;;;21021;8;;;;;21015.0;0.0
8;18900;ASH_COATED_OSMIUM;9990;15;9988;10;9987;10;10009;20;10011;13;10013;14;9999.5;0.0
8;18900;INTARIAN_PEPPER_ROOT;21009;10;;;;;21025;10;;;;;21017.5;0.0
8;19000;ASH_COATED_OSMIUM;9985;11;9982;26;9980;13;10001;11;10002;27;10003;10;9993.5;0.0
8;19000;INTARIAN_PEPPER_ROOT;21013;15;21010;12;21008;8;21027;10;21029;17;21030;12;21020.5;0.0
8;19100;ASH_COATED_OSMIUM;9988;15;;;;;10009;11;;;;;9999.0;0.0
8;19100;INTARIAN_PEPPER_ROOT;21008;11;21006;22;21005;21;21025;9;21026;10;21027;11;21017.0;0.0
8;19200;ASH_COATED_OSMIUM;9989;11;9988;22;;;9998;15;10000;15;;;9993.5;0.0
8;19200;INTARIAN_PEPPER_ROOT;21014;12;21012;12;21010;10;21027;9;21030;24;21032;9;21020.5;0.0
8;19300;ASH_COATED_OSMIUM;9986;21;9985;14;;;10002;27;10003;11;;;9994.5;0.0
8;19300;INTARIAN_PEPPER_ROOT;21013;10;21011;8;21008;9;21027;8;21028;10;21030;11;21020.0;0.0
8;19400;ASH_COATED_OSMIUM;9992;11;;;;;10008;10;;;;;10000.0;0.0
8;19400;INTARIAN_PEPPER_ROOT;21012;10;21011;17;;;21028;9;21029;12;;;21020.5;0.0
8;19500;ASH_COATED_OSMIUM;9992;11;9989;10;9988;12;10008;11;10009;13;10012;11;10000.0;0.0
8;19500;INTARIAN_PEPPER_ROOT;21014;8;21013;10;21012;8;21026;12;21028;11;21029;12;21020.0;0.0
8;19600;ASH_COATED_OSMIUM;9987;13;;;;;10003;12;;;;;9995.0;0.0
8;19600;INTARIAN_PEPPER_ROOT;21011;22;;;;;21027;12;;;;;21019.5;0.0
8;19700;ASH_COATED_OSMIUM;9985;11;9984;10;9981;15;10006;10;10007;14;10010;13;9995.5;0.0
8;19700;INTARIAN_PEPPER_ROOT;21010;12;21007;9;21005;12;21024;8;21027;8;21030;11;21017.5;0.0
8;19800;ASH_COATED_OSMIUM;9987;13;9986;14;;;10003;13;10006;10;;;9995.5;0.0
8;19800;INTARIAN_PEPPER_ROOT;21010;9;21009;11;21006;8;21024;10;21025;8;21026;25;21017.5;0.0
8;19900;ASH_COATED_OSMIUM;9988;30;9987;22;9986;13;10004;12;10007;15;10009;8;9996.0;0.0
8;19900;INTARIAN_PEPPER_ROOT;21015;8;21012;11;21011;8;21029;10;21030;8;21031;11;21022.0;0.0
8;20000;ASH_COATED_OSMIUM;9993;12;;;;;10009;14;;;;;10001.0;0.0
8;20000;INTARIAN_PEPPER_ROOT;21017;11;;;;;21028;10;;;;;21022.5;0.0
8;20100;ASH_COATED_OSMIUM;9992;23;;;;;10011;30;;;;;10001.5;0.0
8;20100;INTARIAN_PEPPER_ROOT;21011;8;21010;12;;;21025;12;21028;9;;;21018.0;0.0
8;20200;ASH_COATED_OSMIUM;9993;11;9990;27;;;10009;23;10010;20;;;10001.5;0.0
8;20200;INTARIAN_PEPPER_ROOT;21012;12;;;;;21026;10;;;;;21019.0;0.0
8;20300;ASH_COATED_OSMIUM;9987;12;;;;;10006;28;;;;;9996.5;0.0
8;20300;INTARIAN_PEPPER_ROOT;21015;12;;;;;21032;12;;;;;21023.5;0.0
8;20400;ASH_COATED_OSMIUM;9993;13;;;;;10009;14;;;;;10001.5;0.0
8;20400;INTARIAN_PEPPER_ROOT;21016;9;21013;12;;;21027;23;21028;10;;;21022.0;0.0
8;20500;ASH_COATED_OSMIUM;9988;12;9986;13;9985;11;10004;14;10005;21;10007;12;9996.0;0.0
8;20500;INTARIAN_PEPPER_ROOT;21014;11;21011;12;;;21026;8;21029;8;;;21020.0;0.0
8;20600;ASH_COATED_OSMIUM;9985;4;;;;;10006;12;;;;;9996.0;0.0
8;20600;INTARIAN_PEPPER_ROOT;21013;11;21011;9;;;21026;16;21027;11;;;21019.5;0.0
8;20700;ASH_COATED_OSMIUM;9993;24;;;;;10009;10;;;;;10001.5;0.0
8;20700;INTARIAN_PEPPER_ROOT;21012;21;21009;21;21006;19;21025;10;21028;11;21030;9;21019.0;0.0
8;20800;ASH_COATED_OSMIUM;9992;11;9990;15;;;10008;14;10011;21;;;10000.5;0.0
8;20800;INTARIAN_PEPPER_ROOT;21015;10;;;;;21027;11;;;;;21021.0;0.0
8;20900;ASH_COATED_OSMIUM;9987;12;;;;;10003;4;;;;;9995.0;0.0
8;20900;INTARIAN_PEPPER_ROOT;21015;9;21014;10;21012;9;21028;10;21029;8;21032;12;21022.0;0.0
8;21000;ASH_COATED_OSMIUM;9987;15;;;;;10003;12;;;;;9995.0;0.0
8;21000;INTARIAN_PEPPER_ROOT;21018;15;21017;9;21014;8;21032;12;21034;10;21037;9;21025.0;0.0
8;21100;ASH_COATED_OSMIUM;9992;15;9991;11;;;10008;12;10010;24;;;10000.0;0.0
8;21100;INTARIAN_PEPPER_ROOT;21021;10;21019;11;21018;20;21034;12;21037;11;21038;12;21027.5;0.0
8;21200;ASH_COATED_OSMIUM;9992;13;9991;5;9989;13;10008;14;10009;15;10011;13;10000.0;0.0
8;21200;INTARIAN_PEPPER_ROOT;21019;10;21016;10;;;21030;8;21031;10;;;21025.0;0.0
8;21300;ASH_COATED_OSMIUM;9992;30;9989;11;;;10008;11;10009;13;;;10000.0;0.0
8;21300;INTARIAN_PEPPER_ROOT;21015;9;21013;11;;;21029;10;21031;9;;;21022.0;0.0
8;21400;ASH_COATED_OSMIUM;9984;14;9983;20;9981;15;10003;10;10005;12;10006;14;9994.0;0.0
8;21400;INTARIAN_PEPPER_ROOT;21014;10;;;;;21026;25;;;;;21020.0;0.0
8;21500;ASH_COATED_OSMIUM;9990;15;;;;;10009;11;;;;;9999.5;0.0
8;21500;INTARIAN_PEPPER_ROOT;21014;9;21011;9;21010;8;21026;8;21027;9;21029;18;21020.5;0.0
8;21600;ASH_COATED_OSMIUM;9985;13;9984;12;;;10004;10;10006;11;;;9994.5;0.0
8;21600;INTARIAN_PEPPER_ROOT;21013;22;21010;9;;;21025;24;21026;11;;;21019.0;0.0
8;21700;ASH_COATED_OSMIUM;9991;13;9990;15;;;10007;10;10009;10;;;9999.5;0.0
8;21700;INTARIAN_PEPPER_ROOT;21018;15;21015;12;21013;9;21021;8;21023;8;21025;12;21020.0;0.0
8;21800;ASH_COATED_OSMIUM;9990;27;9987;29;;;10009;11;10011;13;;;9999.5;0.0
8;21800;INTARIAN_PEPPER_ROOT;21018;9;21016;10;;;21031;9;21032;11;;;21024.5;0.0
8;21900;ASH_COATED_OSMIUM;9984;13;;;;;10003;14;;;;;9994.0;0.0
8;21900;INTARIAN_PEPPER_ROOT;21019;9;;;;;21022;11;;;;;21021.0;0.0
8;22000;ASH_COATED_OSMIUM;9984;11;;;;;10003;12;;;;;9994.0;0.0
8;22000;INTARIAN_PEPPER_ROOT;21015;11;21012;9;;;21029;22;21031;12;;;21022.0;0.0
8;22100;ASH_COATED_OSMIUM;9990;13;9988;13;9987;27;10008;2;10010;22;10013;14;9999.5;0.0
8;22100;INTARIAN_PEPPER_ROOT;21017;10;21015;11;;;21028;10;21030;8;;;21023.0;0.0
8;22200;ASH_COATED_OSMIUM;9991;14;9989;14;9986;15;10007;28;10009;25;10010;22;9999.5;0.0
8;22200;INTARIAN_PEPPER_ROOT;21018;12;;;;;21032;12;;;;;21025.5;0.0
8;22300;ASH_COATED_OSMIUM;9991;13;;;;;10007;15;;;;;9999.5;0.0
8;22300;INTARIAN_PEPPER_ROOT;21018;10;21017;15;;;21029;23;21030;25;;;21023.5;0.0
8;22400;ASH_COATED_OSMIUM;9991;12;9989;13;;;10007;13;10009;25;;;9999.0;0.0
8;22400;INTARIAN_PEPPER_ROOT;21016;6;21014;12;;;21030;10;21033;11;;;21023.0;0.0
8;22500;ASH_COATED_OSMIUM;9985;10;9983;11;9980;13;10001;28;10003;26;10006;10;9993.5;0.0
8;22500;INTARIAN_PEPPER_ROOT;21018;8;21017;12;21016;9;21031;12;21033;8;21034;10;21025.0;0.0
8;22600;ASH_COATED_OSMIUM;9990;11;9987;26;;;10006;15;10009;13;;;9998.5;0.0
8;22600;INTARIAN_PEPPER_ROOT;21019;21;21016;20;;;21031;12;21033;12;;;21025.0;0.0
8;22700;ASH_COATED_OSMIUM;9990;5;;;;;10006;10;;;;;9998.5;0.0
8;22700;INTARIAN_PEPPER_ROOT;21011;25;21010;10;;;21027;12;21030;12;;;21019.0;0.0
8;22800;ASH_COATED_OSMIUM;9991;11;9990;11;9989;14;10007;14;10010;15;10013;12;9999.0;0.0
8;22800;INTARIAN_PEPPER_ROOT;21015;17;21014;8;;;21026;8;21028;9;;;21021.0;0.0
8;22900;ASH_COATED_OSMIUM;9986;20;;;;;10002;14;;;;;9994.0;0.0
8;22900;INTARIAN_PEPPER_ROOT;21019;12;21016;21;;;21031;12;21034;8;;;21025.5;0.0
8;23000;ASH_COATED_OSMIUM;9989;12;9986;12;;;10008;12;10011;10;;;9998.5;0.0
8;23000;INTARIAN_PEPPER_ROOT;21014;15;21013;12;;;21030;10;21032;22;;;21022.0;0.0
8;23100;ASH_COATED_OSMIUM;9990;3;;;;;10006;24;;;;;9998.5;0.0
8;23100;INTARIAN_PEPPER_ROOT;21018;12;21017;9;21015;9;21030;9;21031;11;21033;7;21024.5;0.0
8;23200;ASH_COATED_OSMIUM;9984;12;9983;12;9981;15;10003;10;10006;11;10009;10;9993.5;0.0
8;23200;INTARIAN_PEPPER_ROOT;21015;11;21013;8;;;21027;9;21028;9;;;21021.5;0.0
8;23300;ASH_COATED_OSMIUM;9985;10;;;;;10001;24;;;;;9993.5;0.0
8;23300;INTARIAN_PEPPER_ROOT;21015;11;;;;;21028;10;;;;;21022.0;0.0
8;23400;ASH_COATED_OSMIUM;9994;15;;;;;10004;25;;;;;9999.0;0.0
8;23400;INTARIAN_PEPPER_ROOT;21017;12;;;;;21029;12;;;;;21023.5;0.0
8;23500;ASH_COATED_OSMIUM;9986;15;9985;14;;;10002;11;10003;12;;;9994.0;0.0
8;23500;INTARIAN_PEPPER_ROOT;21018;11;;;;;21025;12;;;;;21021.5;0.0
8;23600;ASH_COATED_OSMIUM;9990;26;9988;13;9985;11;10006;14;10008;12;10010;20;9998.5;0.0
8;23600;INTARIAN_PEPPER_ROOT;21017;11;21014;8;;;21030;11;21033;8;;;21023.5;0.0
8;23700;ASH_COATED_OSMIUM;9991;14;9988;21;;;10007;10;10009;15;;;9999.0;0.0
8;23700;INTARIAN_PEPPER_ROOT;21019;9;21018;10;;;21031;12;21033;21;;;21025.0;0.0
8;23800;ASH_COATED_OSMIUM;9985;10;;;;;10001;14;;;;;9993.5;0.0
8;23800;INTARIAN_PEPPER_ROOT;21017;6;21016;8;21014;12;21034;6;21035;9;21037;9;21025.5;0.0
8;23900;ASH_COATED_OSMIUM;9986;14;;;;;10002;13;;;;;9994.0;0.0
8;23900;INTARIAN_PEPPER_ROOT;21018;9;21017;19;;;21030;12;21031;8;;;21024.0;0.0
8;24000;ASH_COATED_OSMIUM;9992;11;;;;;10008;13;;;;;10000.0;0.0
8;24000;INTARIAN_PEPPER_ROOT;21019;9;21017;9;21014;11;21030;12;21031;11;21033;12;21024.5;0.0
8;24100;ASH_COATED_OSMIUM;9992;5;9989;13;9988;26;10008;8;10010;13;10013;15;10000.0;0.0
8;24100;INTARIAN_PEPPER_ROOT;21020;9;;;;;21033;11;;;;;21026.5;0.0
8;24200;ASH_COATED_OSMIUM;9992;14;9991;21;;;9998;13;10000;13;;;9995.0;0.0
8;24200;INTARIAN_PEPPER_ROOT;21021;12;;;;;21033;12;;;;;21027.5;0.0
8;24300;ASH_COATED_OSMIUM;9992;14;9991;14;9988;12;10008;15;10011;15;10013;13;10000.0;0.0
8;24300;INTARIAN_PEPPER_ROOT;21021;11;21019;8;;;21032;8;21034;15;;;21027.0;0.0
8;24400;ASH_COATED_OSMIUM;9992;13;9991;12;;;10008;11;10011;10;;;10000.0;0.0
8;24400;INTARIAN_PEPPER_ROOT;21019;9;21017;10;;;21030;9;21033;8;;;21025.0;0.0
8;24500;ASH_COATED_OSMIUM;9986;10;9983;11;9982;29;10002;10;10004;14;10005;12;9994.5;0.0
8;24500;INTARIAN_PEPPER_ROOT;21015;12;21013;11;21010;8;21032;12;21035;11;21036;12;21023.5;0.0
8;24600;ASH_COATED_OSMIUM;9991;26;;;;;10007;15;;;;;9999.5;0.0
8;24600;INTARIAN_PEPPER_ROOT;21015;12;;;;;21029;8;;;;;21022.0;0.0
8;24700;ASH_COATED_OSMIUM;9991;10;9988;15;9985;15;10007;10;10010;10;10012;14;9999.5;0.0
8;24700;INTARIAN_PEPPER_ROOT;21015;11;21012;11;;;21028;12;21031;10;;;21022.0;0.0
8;24800;ASH_COATED_OSMIUM;9992;11;;;;;10008;13;;;;;10000.0;0.0
8;24800;INTARIAN_PEPPER_ROOT;21014;11;;;;;21026;8;;;;;21020.0;0.0
8;24900;ASH_COATED_OSMIUM;9986;13;9983;12;9981;23;10002;13;10004;14;10005;14;9994.5;0.0
8;24900;INTARIAN_PEPPER_ROOT;21019;10;;;;;21035;11;;;;;21027.0;0.0
8;25000;ASH_COATED_OSMIUM;9991;12;9989;25;;;10009;13;10012;6;;;10000.5;0.0
8;25000;INTARIAN_PEPPER_ROOT;21016;15;;;;;21030;9;;;;;21023.5;0.0
8;25100;ASH_COATED_OSMIUM;9992;12;9991;11;;;9999;10;10000;2;;;9996.0;0.0
8;25100;INTARIAN_PEPPER_ROOT;21019;10;21018;10;;;21033;9;21034;10;;;21026.0;0.0
8;25200;ASH_COATED_OSMIUM;9992;15;9990;15;;;10010;10;10011;12;;;10001.5;0.0
8;25200;INTARIAN_PEPPER_ROOT;21018;8;21017;11;21015;9;21030;11;21033;8;21036;8;21024.0;0.0
8;25300;ASH_COATED_OSMIUM;9992;14;9990;9;;;10010;11;10013;10;;;10001.5;0.0
8;25300;INTARIAN_PEPPER_ROOT;21022;11;;;;;21034;21;;;;;21028.0;0.0
8;25400;ASH_COATED_OSMIUM;9988;25;9987;10;;;10004;11;10007;25;;;9996.0;0.0
8;25400;INTARIAN_PEPPER_ROOT;21018;8;21017;12;;;21031;12;21032;9;;;21025.0;0.0
8;25500;ASH_COATED_OSMIUM;9993;11;9992;10;;;10009;15;10011;11;;;10001.5;0.0
8;25500;INTARIAN_PEPPER_ROOT;21020;8;21019;9;;;21031;10;21032;8;;;21026.0;0.0
8;25600;ASH_COATED_OSMIUM;9988;12;9987;14;9986;13;10006;26;10007;12;10009;14;9997.0;0.0
8;25600;INTARIAN_PEPPER_ROOT;21020;8;21019;10;21018;25;21032;7;21033;8;21035;10;21026.0;0.0
8;25700;ASH_COATED_OSMIUM;9989;30;;;;;10005;12;;;;;9997.5;0.0
8;25700;INTARIAN_PEPPER_ROOT;21019;8;;;;;21032;8;;;;;21026.0;0.0
8;25800;ASH_COATED_OSMIUM;9992;10;9990;15;;;10011;11;10013;11;;;10002.0;0.0
8;25800;INTARIAN_PEPPER_ROOT;21026;8;21023;8;21020;10;21029;12;21031;9;21032;10;21027.5;0.0
8;25900;ASH_COATED_OSMIUM;9988;15;9987;29;9985;12;10006;14;10009;15;10010;12;9997.0;0.0
8;25900;INTARIAN_PEPPER_ROOT;21020;10;;;;;21031;24;;;;;21026.0;0.0
8;26000;ASH_COATED_OSMIUM;9989;10;9987;12;9985;15;10005;15;10006;12;10007;5;9997.0;0.0
8;26000;INTARIAN_PEPPER_ROOT;21019;10;21016;10;;;21031;9;21033;11;;;21025.0;0.0
8;26100;ASH_COATED_OSMIUM;9995;11;9993;15;;;10011;11;10013;20;;;10003.0;0.0
8;26100;INTARIAN_PEPPER_ROOT;21019;12;;;;;21032;8;;;;;21026.0;0.0
8;26200;ASH_COATED_OSMIUM;9994;15;;;;;10010;12;;;;;10002.5;0.0
8;26200;INTARIAN_PEPPER_ROOT;21019;12;;;;;21031;11;;;;;21025.5;0.0
8;26300;ASH_COATED_OSMIUM;9988;13;;;;;10004;15;;;;;9996.5;0.0
8;26300;INTARIAN_PEPPER_ROOT;21026;11;;;;;21038;11;;;;;21032.0;0.0
8;26400;ASH_COATED_OSMIUM;9994;15;9991;10;;;10010;15;10011;14;;;10002.0;0.0
8;26400;INTARIAN_PEPPER_ROOT;21021;24;21020;8;;;21034;8;21037;12;;;21027.5;0.0
8;26500;ASH_COATED_OSMIUM;9989;13;9986;13;;;10005;15;10006;27;;;9997.0;0.0
8;26500;INTARIAN_PEPPER_ROOT;21021;9;21020;9;21019;8;21035;10;21037;10;21039;12;21028.0;0.0
8;26600;ASH_COATED_OSMIUM;9994;15;9992;13;;;10000;15;10002;12;;;9997.5;0.0
8;26600;INTARIAN_PEPPER_ROOT;21020;9;21017;10;;;21033;12;21035;11;;;21026.5;0.0
8;26700;ASH_COATED_OSMIUM;9988;11;9986;13;;;10007;13;10009;13;;;9998.0;0.0
8;26700;INTARIAN_PEPPER_ROOT;21019;24;21016;8;;;21031;8;21033;22;;;21025.5;0.0
8;26800;ASH_COATED_OSMIUM;9989;11;9986;27;9984;15;10007;10;10009;15;10012;11;9998.5;0.0
8;26800;INTARIAN_PEPPER_ROOT;21021;6;;;;;21033;10;;;;;21027.5;0.0
8;26900;ASH_COATED_OSMIUM;9988;11;9986;15;;;10007;13;10008;14;;;9997.5;0.0
8;26900;INTARIAN_PEPPER_ROOT;21019;12;;;;;21032;22;;;;;21025.5;0.0
8;27000;ASH_COATED_OSMIUM;9991;20;9988;13;;;10004;23;10006;15;;;9997.5;0.0
8;27000;INTARIAN_PEPPER_ROOT;21026;11;;;;;21038;16;;;;;21032.0;0.0
8;27100;ASH_COATED_OSMIUM;9988;10;9986;26;9985;10;10006;11;10008;10;10009;11;9997.5;0.0
8;27100;INTARIAN_PEPPER_ROOT;21017;11;21016;12;;;21034;23;21037;11;;;21026.0;0.0
8;27200;ASH_COATED_OSMIUM;9989;7;;;;;10005;14;;;;;9997.5;0.0
8;27200;INTARIAN_PEPPER_ROOT;21017;8;21015;12;21014;10;21033;9;21035;10;21037;11;21025.0;0.0
8;27300;ASH_COATED_OSMIUM;9995;11;9993;26;9991;11;10011;12;10013;13;10016;13;10003.0;0.0
8;27300;INTARIAN_PEPPER_ROOT;21018;8;;;;;21034;21;;;;;21026.5;0.0
8;27400;ASH_COATED_OSMIUM;9989;13;;;;;10005;11;;;;;9997.5;0.0
8;27400;INTARIAN_PEPPER_ROOT;21019;9;;;;;21033;8;;;;;21026.0;0.0
8;27500;ASH_COATED_OSMIUM;9987;26;;;;;10006;28;;;;;9997.0;0.0
8;27500;INTARIAN_PEPPER_ROOT;21023;10;21022;12;;;21036;16;21038;11;;;21029.5;0.0
8;27600;ASH_COATED_OSMIUM;9988;10;9987;15;9985;13;10004;11;10006;12;10007;21;9996.0;0.0
8;27600;INTARIAN_PEPPER_ROOT;21023;12;21022;10;;;21037;10;21038;18;;;21030.0;0.0
8;27700;ASH_COATED_OSMIUM;9988;4;9987;11;;;10004;11;10006;24;;;9996.0;0.0
8;27700;INTARIAN_PEPPER_ROOT;21024;9;21023;9;;;21036;8;21039;9;;;21030.5;0.0
8;27800;ASH_COATED_OSMIUM;9988;6;;;;;10004;13;;;;;9996.0;0.0
8;27800;INTARIAN_PEPPER_ROOT;21025;11;21023;17;;;21038;12;21039;10;;;21031.5;0.0
8;27900;ASH_COATED_OSMIUM;9994;13;;;;;10010;15;;;;;10002.0;0.0
8;27900;INTARIAN_PEPPER_ROOT;21017;8;;;;;21034;8;;;;;21025.5;0.0
8;28000;ASH_COATED_OSMIUM;9994;10;9993;3;9991;11;10010;23;10012;15;10013;10;10002.0;0.0
8;28000;INTARIAN_PEPPER_ROOT;21023;20;21020;9;21017;11;21035;8;21036;20;21039;19;21029.5;0.0
8;28100;ASH_COATED_OSMIUM;9994;11;9991;11;;;10010;14;10012;12;;;10002.0;0.0
8;28100;INTARIAN_PEPPER_ROOT;21021;12;21018;16;;;21035;9;21036;12;;;21028.5;0.0
8;28200;ASH_COATED_OSMIUM;9992;15;;;;;10013;11;;;;;10002.5;0.0
8;28200;INTARIAN_PEPPER_ROOT;21019;9;21017;10;21015;20;21035;22;21036;8;21037;16;21027.5;0.0
8;28300;ASH_COATED_OSMIUM;9994;11;9991;12;;;10010;10;10011;14;;;10002.5;0.0
8;28300;INTARIAN_PEPPER_ROOT;21020;12;21018;11;;;21036;10;21039;22;;;21028.5;0.0
8;28400;ASH_COATED_OSMIUM;9997;14;9995;4;;;10006;10;10008;14;;;10002.0;0.0
8;28400;INTARIAN_PEPPER_ROOT;21020;5;;;;;21034;12;;;;;21027.5;0.0
8;28500;ASH_COATED_OSMIUM;9992;10;9989;14;;;10003;25;10004;10;;;9997.5;0.0
8;28500;INTARIAN_PEPPER_ROOT;21025;17;;;;;21033;10;;;;;21029.5;0.0
8;28600;ASH_COATED_OSMIUM;9994;11;;;;;10010;13;;;;;10002.5;0.0
8;28600;INTARIAN_PEPPER_ROOT;21023;22;21021;11;;;21036;8;21039;23;;;21029.5;0.0
8;28700;ASH_COATED_OSMIUM;9994;12;9993;27;9992;27;10010;15;10013;15;10015;10;10002.0;0.0
8;28700;INTARIAN_PEPPER_ROOT;21019;10;;;;;21038;11;;;;;21028.5;0.0
8;28800;ASH_COATED_OSMIUM;9994;10;9991;13;9989;13;10010;10;10011;11;10012;27;10002.5;0.0
8;28800;INTARIAN_PEPPER_ROOT;21021;9;21020;12;;;21034;12;21035;9;;;21027.5;0.0
8;28900;ASH_COATED_OSMIUM;9988;13;9986;27;;;10007;10;10010;10;;;9997.5;0.0
8;28900;INTARIAN_PEPPER_ROOT;21022;12;21019;9;21017;20;21033;12;21034;8;21035;8;21028.0;0.0
8;29000;ASH_COATED_OSMIUM;9989;10;9988;29;;;10005;11;10006;13;;;9997.5;0.0
8;29000;INTARIAN_PEPPER_ROOT;21024;9;21023;8;;;21037;15;21040;23;;;21030.5;0.0
8;29100;ASH_COATED_OSMIUM;9989;12;9988;14;;;10005;10;10008;15;;;9997.5;0.0
8;29100;INTARIAN_PEPPER_ROOT;21020;16;21019;12;21017;16;21033;19;21035;11;21037;11;21027.0;0.0
8;29200;ASH_COATED_OSMIUM;9989;5;;;;;10005;12;;;;;9997.5;0.0
8;29200;INTARIAN_PEPPER_ROOT;21025;11;21023;10;;;21036;20;21038;8;;;21031.0;0.0
8;29300;ASH_COATED_OSMIUM;9995;14;9992;25;9989;12;10011;12;10014;10;10015;14;10003.0;0.0
8;29300;INTARIAN_PEPPER_ROOT;21025;12;;;;;21038;8;;;;;21032.0;0.0
8;29400;ASH_COATED_OSMIUM;9989;10;;;;;10005;10;;;;;9997.5;0.0
8;29400;INTARIAN_PEPPER_ROOT;21021;17;21019;22;21018;10;21033;12;21036;12;21038;10;21027.5;0.0
8;29500;ASH_COATED_OSMIUM;9994;14;9992;11;;;10010;14;10013;14;;;10002.0;0.0
8;29500;INTARIAN_PEPPER_ROOT;21023;11;21022;21;;;21034;10;21035;11;;;21029.0;0.0
8;29600;ASH_COATED_OSMIUM;9994;11;9992;15;9989;15;10010;14;10011;15;10013;14;10002.0;0.0
8;29600;INTARIAN_PEPPER_ROOT;21020;9;21018;10;21017;9;21031;12;21032;12;21034;9;21026.0;0.0
8;29700;ASH_COATED_OSMIUM;9988;26;9985;10;9984;22;10004;30;10005;13;10008;24;9996.5;0.0
8;29700;INTARIAN_PEPPER_ROOT;21027;18;21026;8;;;21038;18;21041;8;;;21032.5;0.0
8;29800;ASH_COATED_OSMIUM;9989;15;9988;13;;;10005;13;10008;13;;;9997.0;0.0
8;29800;INTARIAN_PEPPER_ROOT;21021;5;21018;19;;;21034;9;21037;9;;;21027.5;0.0
8;29900;ASH_COATED_OSMIUM;9986;10;9984;11;9983;12;10007;22;10010;12;10011;10;9996.5;0.0
8;29900;INTARIAN_PEPPER_ROOT;21024;10;21022;9;;;21039;12;21042;8;;;21032.0;0.0
8;30000;ASH_COATED_OSMIUM;9994;30;9993;13;9990;15;10010;14;10013;12;10015;14;10002.0;0.0
8;30000;INTARIAN_PEPPER_ROOT;21022;10;21021;8;;;21035;12;21038;9;;;21028.5;0.0
8;30100;ASH_COATED_OSMIUM;9987;13;;;;;10005;15;;;;;9996.5;0.0
8;30100;INTARIAN_PEPPER_ROOT;21025;9;21022;8;21020;8;21037;25;21040;10;21041;12;21031.0;0.0
8;30200;ASH_COATED_OSMIUM;9992;5;;;;;10011;12;;;;;10001.5;0.0
8;30200;INTARIAN_PEPPER_ROOT;21025;11;21023;8;21021;4;21039;9;21041;12;21044;12;21032.0;0.0
8;30300;ASH_COATED_OSMIUM;9991;11;9990;13;9988;13;10010;10;10012;13;10014;15;10001.0;0.0
8;30300;INTARIAN_PEPPER_ROOT;21026;8;21024;9;;;21037;9;21040;10;;;21032.0;0.0
8;30400;ASH_COATED_OSMIUM;9991;24;;;;;10007;15;;;;;9999.5;0.0
8;30400;INTARIAN_PEPPER_ROOT;21026;9;21024;12;;;21039;12;21040;8;;;21032.5;0.0
8;30500;ASH_COATED_OSMIUM;9991;12;9989;23;9986;25;10007;12;10010;14;10013;13;9999.5;0.0
8;30500;INTARIAN_PEPPER_ROOT;21028;12;21027;9;;;21040;12;21043;12;;;21034.0;0.0
8;30600;ASH_COATED_OSMIUM;9994;13;9991;15;;;10004;12;10006;27;;;9999.5;0.0
8;30600;INTARIAN_PEPPER_ROOT;21027;10;21024;10;;;21043;8;21046;9;;;21035.5;0.0
8;30700;ASH_COATED_OSMIUM;9985;11;9983;14;;;10001;15;10002;13;;;9993.0;0.0
8;30700;INTARIAN_PEPPER_ROOT;21020;12;21017;8;21014;23;21033;12;21035;8;21037;9;21027.0;0.0
8;30800;ASH_COATED_OSMIUM;9990;14;9988;11;9985;20;10006;12;10009;11;10012;14;9998.5;0.0
8;30800;INTARIAN_PEPPER_ROOT;21024;10;21022;12;;;21038;8;21039;9;;;21031.5;0.0
8;30900;ASH_COATED_OSMIUM;9984;2;;;;;10003;20;;;;;9993.5;0.0
8;30900;INTARIAN_PEPPER_ROOT;21024;9;;;;;21040;11;;;;;21032.5;0.0
8;31000;ASH_COATED_OSMIUM;9984;14;9981;10;;;10003;14;10004;10;;;9993.5;0.0
8;31000;INTARIAN_PEPPER_ROOT;21026;21;;;;;21040;11;;;;;21033.5;0.0
8;31100;ASH_COATED_OSMIUM;9989;10;9986;30;;;10007;13;10009;15;;;9998.5;0.0
8;31100;INTARIAN_PEPPER_ROOT;21024;9;21023;19;21022;10;21038;11;21041;9;21042;23;21031.5;0.0
8;31200;ASH_COATED_OSMIUM;9989;11;9986;24;9984;10;10007;15;10008;11;10010;11;9998.5;0.0
8;31200;INTARIAN_PEPPER_ROOT;21023;12;21020;10;;;21039;9;21041;11;;;21031.5;0.0
8;31300;ASH_COATED_OSMIUM;9990;15;;;;;10006;10;;;;;9998.5;0.0
8;31300;INTARIAN_PEPPER_ROOT;21025;25;21023;9;21020;16;21036;11;21039;8;21042;10;21031.0;0.0
8;31400;ASH_COATED_OSMIUM;9991;24;9988;12;;;10007;14;10009;14;;;9999.0;0.0
8;31400;INTARIAN_PEPPER_ROOT;21026;11;21025;24;21022;11;21040;17;21042;10;21044;8;21033.0;0.0
8;31500;ASH_COATED_OSMIUM;9990;23;9988;10;;;10006;10;10007;11;;;9998.0;0.0
8;31500;INTARIAN_PEPPER_ROOT;21023;10;;;;;21039;12;;;;;21031.5;0.0
8;31600;ASH_COATED_OSMIUM;9985;4;9984;10;;;10001;27;10003;24;;;9993.0;0.0
8;31600;INTARIAN_PEPPER_ROOT;21021;9;21020;8;;;21034;10;21035;8;;;21027.5;0.0
8;31700;ASH_COATED_OSMIUM;9988;10;9985;11;;;10007;20;10009;14;;;9998.0;0.0
8;31700;INTARIAN_PEPPER_ROOT;21023;9;21020;11;21019;10;21039;11;21042;9;21044;11;21031.5;0.0
8;31800;ASH_COATED_OSMIUM;9993;15;9991;14;;;10003;11;10005;13;;;9998.0;0.0
8;31800;INTARIAN_PEPPER_ROOT;21026;20;;;;;21038;12;;;;;21032.5;0.0
8;31900;ASH_COATED_OSMIUM;9985;14;9982;15;9981;30;10001;11;10004;27;10007;12;9993.0;0.0
8;31900;INTARIAN_PEPPER_ROOT;21026;4;21025;21;;;21039;8;21041;10;;;21032.5;0.0
8;32000;ASH_COATED_OSMIUM;9984;10;;;;;10002;13;;;;;9993.0;0.0
8;32000;INTARIAN_PEPPER_ROOT;21026;9;;;;;21039;8;;;;;21033.0;0.0
8;32100;ASH_COATED_OSMIUM;9990;15;9988;11;;;10006;12;10009;14;;;9998.0;0.0
8;32100;INTARIAN_PEPPER_ROOT;21026;9;21024;12;21023;9;21037;25;21040;25;21042;9;21031.5;0.0
8;32200;ASH_COATED_OSMIUM;9985;11;9984;12;9982;15;10001;11;10003;10;10005;24;9993.0;0.0
8;32200;INTARIAN_PEPPER_ROOT;21025;8;21022;17;;;21039;11;21041;8;;;21032.0;0.0
8;32300;ASH_COATED_OSMIUM;9990;10;9988;14;;;10006;15;10007;10;;;9998.0;0.0
8;32300;INTARIAN_PEPPER_ROOT;21026;6;21024;20;;;21037;12;21039;12;;;21032.0;0.0
8;32400;ASH_COATED_OSMIUM;9983;13;9981;15;9980;15;10002;14;10004;12;10006;15;9992.5;0.0
8;32400;INTARIAN_PEPPER_ROOT;21021;16;21020;11;;;21037;9;21039;8;;;21029.0;0.0
8;32500;ASH_COATED_OSMIUM;9989;12;9986;2;9984;10;10007;10;10009;12;10012;23;9998.0;0.0
8;32500;INTARIAN_PEPPER_ROOT;21026;11;;;;;21039;7;;;;;21032.5;0.0
8;32600;ASH_COATED_OSMIUM;9985;27;9983;15;9980;11;10001;25;10002;14;10004;28;9993.0;0.0
8;32600;INTARIAN_PEPPER_ROOT;21021;10;21019;10;;;21032;12;21034;11;;;21026.5;0.0
8;32700;ASH_COATED_OSMIUM;9985;10;9983;20;;;10001;11;10004;14;;;9993.0;0.0
8;32700;INTARIAN_PEPPER_ROOT;21025;24;21023;8;;;21039;21;21042;8;;;21032.5;0.0
8;32800;ASH_COATED_OSMIUM;9990;10;9987;29;9986;13;10006;13;10009;10;10012;14;9998.0;0.0
8;32800;INTARIAN_PEPPER_ROOT;21030;9;21027;9;;;21041;15;21042;19;;;21035.5;0.0
8;32900;ASH_COATED_OSMIUM;9984;23;9983;14;;;10000;10;10001;11;;;9992.5;0.0
8;32900;INTARIAN_PEPPER_ROOT;21028;8;;;;;21041;9;;;;;21034.5;0.0
8;33000;ASH_COATED_OSMIUM;9987;15;;;;;9997;7;;;;;9992.5;0.0
8;33000;INTARIAN_PEPPER_ROOT;21028;12;21025;10;;;21040;8;21041;11;;;21034.0;0.0
8;33100;ASH_COATED_OSMIUM;9983;11;;;;;10001;12;;;;;9992.5;0.0
8;33100;INTARIAN_PEPPER_ROOT;21028;9;21027;12;;;21037;25;21038;9;;;21032.5;0.0
8;33200;ASH_COATED_OSMIUM;9989;14;9987;10;;;10005;13;10007;30;;;9997.5;0.0
8;33200;INTARIAN_PEPPER_ROOT;21026;9;;;;;21040;8;;;;;21033.5;0.0
8;33300;ASH_COATED_OSMIUM;9990;13;9989;15;9986;12;10006;10;10008;26;10010;13;9998.0;0.0
8;33300;INTARIAN_PEPPER_ROOT;21030;11;21027;9;;;21035;8;21037;12;;;21033.0;0.0
8;33400;ASH_COATED_OSMIUM;9995;13;9992;25;;;10001;11;10002;13;;;9998.0;0.0
8;33400;INTARIAN_PEPPER_ROOT;21030;9;21029;12;;;21032;8;21033;11;;;21031.5;0.0
8;33500;ASH_COATED_OSMIUM;9984;13;;;;;10000;11;;;;;9992.5;0.0
8;33500;INTARIAN_PEPPER_ROOT;21025;8;;;;;21040;9;;;;;21033.0;0.0
8;33600;ASH_COATED_OSMIUM;9990;12;9988;14;9987;15;10006;10;10008;22;10011;14;9998.0;0.0
8;33600;INTARIAN_PEPPER_ROOT;21025;10;;;;;21041;10;;;;;21033.5;0.0
8;33700;ASH_COATED_OSMIUM;9984;10;9983;10;;;10000;15;10002;15;;;9992.5;0.0
8;33700;INTARIAN_PEPPER_ROOT;21024;12;21022;9;;;21034;12;21035;11;;;21029.5;0.0
8;33800;ASH_COATED_OSMIUM;9984;21;9981;15;;;10000;15;10002;15;;;9992.5;0.0
8;33800;INTARIAN_PEPPER_ROOT;21025;11;21023;9;21020;8;21040;17;21042;10;21045;9;21033.0;0.0
8;33900;ASH_COATED_OSMIUM;9983;15;9982;13;9980;6;10002;27;10005;13;10008;12;9992.5;0.0
8;33900;INTARIAN_PEPPER_ROOT;21028;8;;;;;21041;10;;;;;21034.5;0.0
8;34000;ASH_COATED_OSMIUM;9990;10;;;;;10006;30;;;;;9998.0;0.0
8;34000;INTARIAN_PEPPER_ROOT;21028;9;21025;10;21024;12;21041;25;21042;9;21043;8;21035.0;0.0
8;34100;ASH_COATED_OSMIUM;9984;12;;;;;10000;4;;;;;9992.0;0.0
8;34100;INTARIAN_PEPPER_ROOT;21028;9;;;;;21042;8;;;;;21035.0;0.0
8;34200;ASH_COATED_OSMIUM;9982;15;;;;;10001;14;;;;;9992.0;0.0
8;34200;INTARIAN_PEPPER_ROOT;21029;10;;;;;21043;8;;;;;21036.0;0.0
8;34300;ASH_COATED_OSMIUM;9989;14;9986;26;9985;4;10005;22;10007;11;10010;15;9997.5;0.0
8;34300;INTARIAN_PEPPER_ROOT;21025;9;21024;9;;;21040;23;21042;9;;;21033.0;0.0
8;34400;ASH_COATED_OSMIUM;9989;12;9987;14;9986;12;10007;13;10008;29;10011;13;9998.0;0.0
8;34400;INTARIAN_PEPPER_ROOT;21028;8;21026;22;;;21042;11;21045;10;;;21035.0;0.0
8;34500;ASH_COATED_OSMIUM;9983;14;9981;13;;;10002;13;10003;21;;;9992.5;0.0
8;34500;INTARIAN_PEPPER_ROOT;21025;11;21024;11;;;21039;10;21040;9;;;21032.0;0.0
8;34600;ASH_COATED_OSMIUM;9984;22;;;;;10000;15;;;;;9992.0;0.0
8;34600;INTARIAN_PEPPER_ROOT;21032;12;21029;8;;;21038;10;21040;12;;;21035.0;0.0
8;34700;ASH_COATED_OSMIUM;9989;30;;;;;10005;20;;;;;9997.0;0.0
8;34700;INTARIAN_PEPPER_ROOT;21027;12;21024;9;21021;9;21039;12;21042;23;21044;11;21033.0;0.0
8;34800;ASH_COATED_OSMIUM;9980;22;9977;12;;;10001;15;10003;13;;;9991.0;0.0
8;34800;INTARIAN_PEPPER_ROOT;21028;8;;;;;21039;10;;;;;21033.5;0.0
8;34900;ASH_COATED_OSMIUM;9988;13;9985;14;9983;11;10004;15;10007;12;10010;13;9996.5;0.0
8;34900;INTARIAN_PEPPER_ROOT;21030;10;21028;8;21026;11;21045;16;21048;12;21050;9;21038.0;0.0
8;35000;ASH_COATED_OSMIUM;9981;14;9979;13;;;10000;29;10001;10;;;9991.0;0.0
8;35000;INTARIAN_PEPPER_ROOT;21031;9;21028;10;;;21046;9;21049;23;;;21038.5;0.0
8;35100;ASH_COATED_OSMIUM;9986;12;9984;12;9983;10;10005;13;10006;12;10009;14;9996.0;0.0
8;35100;INTARIAN_PEPPER_ROOT;21028;11;21025;11;21022;9;21040;12;21043;9;21045;9;21034.5;0.0
8;35200;ASH_COATED_OSMIUM;9982;14;9979;13;;;9998;14;9999;28;;;9990.5;0.0
8;35200;INTARIAN_PEPPER_ROOT;21028;12;21027;10;21026;11;21041;23;21042;11;21044;9;21035.0;0.0
8;35300;ASH_COATED_OSMIUM;9982;10;9979;28;9978;13;9998;14;10000;22;10002;11;9990.5;0.0
8;35300;INTARIAN_PEPPER_ROOT;21028;8;21027;9;;;21041;10;21042;9;;;21035.0;0.0
8;35400;ASH_COATED_OSMIUM;9980;15;9977;15;;;9998;11;9999;11;;;9989.5;0.0
8;35400;INTARIAN_PEPPER_ROOT;21031;12;;;;;21044;9;;;;;21037.5;0.0
8;35500;ASH_COATED_OSMIUM;9987;10;;;;;10003;15;;;;;9995.0;0.0
8;35500;INTARIAN_PEPPER_ROOT;21032;10;;;;;21044;9;;;;;21038.5;0.0
8;35600;ASH_COATED_OSMIUM;9981;11;;;;;9999;14;;;;;9990.0;0.0
8;35600;INTARIAN_PEPPER_ROOT;21031;12;;;;;21043;9;;;;;21037.0;0.0
8;35700;ASH_COATED_OSMIUM;9982;15;9980;11;;;9998;11;9999;15;;;9990.0;0.0
8;35700;INTARIAN_PEPPER_ROOT;21032;8;21030;18;21027;8;21050;12;21052;11;21054;9;21041.0;0.0
8;35800;ASH_COATED_OSMIUM;9985;12;;;;;9994;14;;;;;9990.0;0.0
8;35800;INTARIAN_PEPPER_ROOT;21022;10;21019;11;21018;12;21034;9;21035;12;21036;10;21028.5;0.0
8;35900;ASH_COATED_OSMIUM;9987;12;9985;5;;;10003;11;10005;11;;;9995.5;0.0
8;35900;INTARIAN_PEPPER_ROOT;21034;12;;;;;21037;12;;;;;21036.0;0.0
8;36000;ASH_COATED_OSMIUM;9985;13;9984;10;9982;11;9994;13;9995;14;9998;27;9990.0;0.0
8;36000;INTARIAN_PEPPER_ROOT;21027;16;21024;12;;;21040;11;21043;21;;;21034.0;0.0
8;36100;ASH_COATED_OSMIUM;9982;15;9979;30;9978;13;9998;12;10001;11;10004;12;9990.5;0.0
8;36100;INTARIAN_PEPPER_ROOT;21032;8;21030;21;21029;15;21045;12;21048;24;21051;11;21039.0;0.0
8;36200;ASH_COATED_OSMIUM;9981;15;9979;15;;;9999;14;10000;14;;;9990.0;0.0
8;36200;INTARIAN_PEPPER_ROOT;21029;10;21027;8;;;21042;11;21043;9;;;21036.0;0.0
8;36300;ASH_COATED_OSMIUM;9987;23;;;;;10003;11;;;;;9995.5;0.0
8;36300;INTARIAN_PEPPER_ROOT;21025;8;21022;12;;;21042;11;21044;8;;;21034.0;0.0
8;36400;ASH_COATED_OSMIUM;9982;12;9981;11;;;9998;10;10001;12;;;9990.5;0.0
8;36400;INTARIAN_PEPPER_ROOT;21033;9;;;;;21046;8;;;;;21040.0;0.0
8;36500;ASH_COATED_OSMIUM;9983;10;;;;;9999;13;;;;;9991.0;0.0
8;36500;INTARIAN_PEPPER_ROOT;21028;24;21025;11;;;21041;8;21042;11;;;21034.5;0.0
8;36600;ASH_COATED_OSMIUM;9982;14;;;;;9998;10;;;;;9990.5;0.0
8;36600;INTARIAN_PEPPER_ROOT;21028;12;21026;11;21024;12;21044;12;21047;25;21050;12;21036.5;0.0
8;36700;ASH_COATED_OSMIUM;9982;10;9981;12;9979;14;9998;12;10001;12;10002;14;9990.5;0.0
8;36700;INTARIAN_PEPPER_ROOT;21034;10;21033;21;;;21046;12;21048;11;;;21040.5;0.0
8;36800;ASH_COATED_OSMIUM;9982;12;9979;12;9976;15;10000;29;10002;24;10003;22;9991.0;0.0
8;36800;INTARIAN_PEPPER_ROOT;21029;12;;;;;21046;8;;;;;21038.0;0.0
8;36900;ASH_COATED_OSMIUM;9983;12;9982;12;9981;10;9999;11;10001;14;10003;10;9991.0;0.0
8;36900;INTARIAN_PEPPER_ROOT;21029;9;21027;10;;;21043;8;21044;9;;;21036.0;0.0
8;37000;ASH_COATED_OSMIUM;9983;14;9980;4;;;9999;14;10002;14;;;9991.0;0.0
8;37000;INTARIAN_PEPPER_ROOT;21030;11;;;;;21042;9;;;;;21036.0;0.0
8;37100;ASH_COATED_OSMIUM;9987;10;;;;;10006;14;;;;;9996.5;0.0
8;37100;INTARIAN_PEPPER_ROOT;21028;10;21025;10;21023;12;21042;10;21044;10;21045;11;21035.0;0.0
8;37200;ASH_COATED_OSMIUM;9988;15;9986;13;;;10004;10;10005;12;;;9996.0;0.0
8;37200;INTARIAN_PEPPER_ROOT;21032;8;;;;;21044;19;;;;;21038.5;0.0
8;37300;ASH_COATED_OSMIUM;9982;15;9981;14;9979;15;10000;14;10001;13;10004;11;9991.0;0.0
8;37300;INTARIAN_PEPPER_ROOT;21032;21;21029;9;;;21044;10;21045;10;;;21038.5;0.0
8;37400;ASH_COATED_OSMIUM;9987;27;9986;14;9984;10;10005;24;10007;15;10010;10;9996.5;0.0
8;37400;INTARIAN_PEPPER_ROOT;21030;9;21028;9;21027;8;21041;8;21044;9;21047;15;21035.5;0.0
8;37500;ASH_COATED_OSMIUM;9983;28;9981;14;9978;13;9999;10;10000;27;10003;14;9991.0;0.0
8;37500;INTARIAN_PEPPER_ROOT;21029;10;21027;10;21024;12;21043;24;21045;9;21046;8;21036.5;0.0
8;37600;ASH_COATED_OSMIUM;9982;10;;;;;10000;23;;;;;9991.5;0.0
8;37600;INTARIAN_PEPPER_ROOT;21030;24;21028;11;21025;8;21045;9;21048;19;21050;4;21037.5;0.0
8;37700;ASH_COATED_OSMIUM;9991;25;9990;13;;;10002;1;10003;15;;;9997.0;0.0
8;37700;INTARIAN_PEPPER_ROOT;21027;9;21025;11;;;21044;11;21046;12;;;21036.0;0.0
8;37800;ASH_COATED_OSMIUM;9982;12;9980;15;;;10000;11;10003;13;;;9991.5;0.0
8;37800;INTARIAN_PEPPER_ROOT;21031;22;;;;;21045;9;;;;;21038.5;0.0
8;37900;ASH_COATED_OSMIUM;9984;27;;;;;10000;14;;;;;9992.5;0.0
8;37900;INTARIAN_PEPPER_ROOT;21033;12;21031;12;21029;8;21044;9;21046;12;21047;12;21039.0;0.0
8;38000;ASH_COATED_OSMIUM;9984;25;9983;26;;;10000;27;10002;23;;;9992.0;0.0
8;38000;INTARIAN_PEPPER_ROOT;21033;8;21032;9;;;21048;12;21050;22;;;21040.5;0.0
8;38100;ASH_COATED_OSMIUM;9989;13;;;;;10005;15;;;;;9997.5;0.0
8;38100;INTARIAN_PEPPER_ROOT;21030;11;21027;12;;;21045;9;21047;8;;;21038.0;0.0
8;38200;ASH_COATED_OSMIUM;9983;10;9980;12;;;10001;11;10003;3;;;9992.0;0.0
8;38200;INTARIAN_PEPPER_ROOT;21031;10;21030;12;;;21044;10;21046;9;;;21038.0;0.0
8;38300;ASH_COATED_OSMIUM;9989;25;9988;14;9985;23;10005;8;10008;13;10011;10;9997.5;0.0
8;38300;INTARIAN_PEPPER_ROOT;21030;12;21027;24;;;21043;10;21044;11;;;21036.5;0.0
8;38400;ASH_COATED_OSMIUM;9990;15;9988;15;;;10006;13;10007;12;;;9998.0;0.0
8;38400;INTARIAN_PEPPER_ROOT;21027;8;21026;9;21023;11;21039;10;21042;12;21043;11;21033.0;0.0
8;38500;ASH_COATED_OSMIUM;9989;10;9986;30;9983;14;10007;30;10008;14;10009;10;9998.0;0.0
8;38500;INTARIAN_PEPPER_ROOT;21031;9;21028;10;;;21047;10;21048;12;;;21039.5;0.0
8;38600;ASH_COATED_OSMIUM;9985;10;9982;11;;;10001;15;10004;15;;;9993.0;0.0
8;38600;INTARIAN_PEPPER_ROOT;21033;11;21032;12;21030;17;21045;8;21047;8;21049;8;21039.0;0.0
8;38700;ASH_COATED_OSMIUM;9994;13;9992;27;;;10004;15;10006;10;;;9999.0;0.0
8;38700;INTARIAN_PEPPER_ROOT;21030;8;21029;9;;;21045;10;21046;9;;;21037.5;0.0
8;38800;ASH_COATED_OSMIUM;9986;11;;;;;10002;15;;;;;9994.0;0.0
8;38800;INTARIAN_PEPPER_ROOT;21029;8;21027;8;;;21046;9;21049;11;;;21037.5;0.0
8;38900;ASH_COATED_OSMIUM;9985;23;9984;12;;;10001;13;10002;14;;;9993.5;0.0
8;38900;INTARIAN_PEPPER_ROOT;21031;8;21028;11;;;21044;12;21047;11;;;21038.0;0.0
8;39000;ASH_COATED_OSMIUM;9990;11;;;;;10008;10;;;;;9999.0;0.0
8;39000;INTARIAN_PEPPER_ROOT;21030;9;21027;25;21026;8;21046;11;21047;10;21050;25;21038.5;0.0
8;39100;ASH_COATED_OSMIUM;9991;5;9988;10;;;10007;13;10010;13;;;9999.5;0.0
8;39100;INTARIAN_PEPPER_ROOT;21031;12;21028;8;;;21044;11;21045;10;;;21038.0;0.0
8;39200;ASH_COATED_OSMIUM;9991;30;9990;10;;;10007;13;10010;11;;;9999.5;0.0
8;39200;INTARIAN_PEPPER_ROOT;21033;10;21031;11;21028;9;21046;12;21049;10;21051;10;21039.5;0.0
8;39300;ASH_COATED_OSMIUM;9985;14;9982;10;;;10004;15;10005;15;;;9994.5;0.0
8;39300;INTARIAN_PEPPER_ROOT;21032;23;21029;16;;;21044;23;21047;11;;;21038.5;0.0
8;39400;ASH_COATED_OSMIUM;9992;14;9990;10;9989;15;10008;15;10011;24;10013;11;10000.0;0.0
8;39400;INTARIAN_PEPPER_ROOT;21034;10;;;;;21045;11;;;;;21039.5;0.0
8;39500;ASH_COATED_OSMIUM;9986;11;;;;;10002;7;;;;;9994.5;0.0
8;39500;INTARIAN_PEPPER_ROOT;21032;9;21029;12;;;21044;12;21045;8;;;21038.5;0.0
8;39600;ASH_COATED_OSMIUM;9986;14;9983;11;;;10002;13;10003;10;;;9994.5;0.0
8;39600;INTARIAN_PEPPER_ROOT;21038;12;21036;12;;;21040;9;21041;12;;;21039.0;0.0
8;39700;ASH_COATED_OSMIUM;9986;22;;;;;10002;11;;;;;9994.5;0.0
8;39700;INTARIAN_PEPPER_ROOT;21035;8;;;;;21048;9;;;;;21041.5;0.0
8;39800;ASH_COATED_OSMIUM;9986;11;9985;15;;;10002;15;10004;14;;;9994.5;0.0
8;39800;INTARIAN_PEPPER_ROOT;21032;11;;;;;21043;12;;;;;21038.0;0.0
8;39900;ASH_COATED_OSMIUM;9996;15;;;;;10003;13;;;;;10000.0;0.0
8;39900;INTARIAN_PEPPER_ROOT;21034;10;21033;15;;;21044;21;21045;12;;;21039.5;0.0
8;40000;ASH_COATED_OSMIUM;9987;24;;;;;10003;11;;;;;9995.5;0.0
8;40000;INTARIAN_PEPPER_ROOT;21031;8;;;;;21044;9;;;;;21037.5;0.0
8;40100;ASH_COATED_OSMIUM;9987;14;9986;14;;;10003;10;10006;15;;;9995.5;0.0
8;40100;INTARIAN_PEPPER_ROOT;21037;10;21035;10;21034;12;21050;12;21053;24;21054;9;21044.0;0.0
8;40200;ASH_COATED_OSMIUM;9988;15;;;;;10004;13;;;;;9996.0;0.0
8;40200;INTARIAN_PEPPER_ROOT;21036;9;;;;;21049;16;;;;;21042.5;0.0
8;40300;ASH_COATED_OSMIUM;9995;24;;;;;10006;15;;;;;10000.5;0.0
8;40300;INTARIAN_PEPPER_ROOT;21030;10;21027;9;;;21047;11;21050;11;;;21039.0;0.0
8;40400;ASH_COATED_OSMIUM;9992;24;9991;12;;;10008;13;10011;13;;;10000.0;0.0
8;40400;INTARIAN_PEPPER_ROOT;21034;8;21033;10;;;21051;15;21052;24;;;21042.5;0.0
8;40500;ASH_COATED_OSMIUM;9985;11;;;;;10003;30;;;;;9994.5;0.0
8;40500;INTARIAN_PEPPER_ROOT;21035;17;21033;21;21031;10;21046;23;21047;9;21049;11;21041.0;0.0
8;40600;ASH_COATED_OSMIUM;9985;12;;;;;10004;25;;;;;9994.5;0.0
8;40600;INTARIAN_PEPPER_ROOT;21034;8;21031;9;;;21051;11;21052;9;;;21042.5;0.0
8;40700;ASH_COATED_OSMIUM;9992;11;9989;10;;;10008;12;10011;15;;;10000.0;0.0
8;40700;INTARIAN_PEPPER_ROOT;21035;15;21032;10;;;21046;9;21047;12;;;21041.0;0.0
8;40800;ASH_COATED_OSMIUM;9986;13;9984;27;;;10002;4;10003;14;;;9994.0;0.0
8;40800;INTARIAN_PEPPER_ROOT;21032;8;;;;;21044;9;;;;;21038.0;0.0
8;40900;ASH_COATED_OSMIUM;9991;13;;;;;9998;4;;;;;9994.5;0.0
8;40900;INTARIAN_PEPPER_ROOT;21031;16;21030;8;;;21048;9;21050;10;;;21040.0;0.0
8;41000;ASH_COATED_OSMIUM;9992;11;9990;11;;;10008;12;10011;12;;;10000.0;0.0
8;41000;INTARIAN_PEPPER_ROOT;21042;10;21041;25;21039;11;21053;9;21055;10;21058;11;21048.0;0.0
8;41100;ASH_COATED_OSMIUM;9986;10;9985;11;;;10002;10;10005;14;;;9994.5;0.0
8;41100;INTARIAN_PEPPER_ROOT;21036;11;21033;20;21030;8;21047;10;21048;12;21050;22;21041.5;0.0
8;41200;ASH_COATED_OSMIUM;9989;12;;;;;10008;13;;;;;9999.0;0.0
8;41200;INTARIAN_PEPPER_ROOT;21034;10;;;;;21048;19;;;;;21041.5;0.0
8;41300;ASH_COATED_OSMIUM;9990;15;;;;;10008;26;;;;;9999.0;0.0
8;41300;INTARIAN_PEPPER_ROOT;21036;8;21033;18;21032;11;21049;17;21050;8;21051;8;21042.5;0.0
8;41400;ASH_COATED_OSMIUM;9986;30;9984;15;;;10002;14;10005;13;;;9994.5;0.0
8;41400;INTARIAN_PEPPER_ROOT;21036;8;21033;10;;;21049;10;21050;10;;;21043.0;0.0
8;41500;ASH_COATED_OSMIUM;9992;11;9990;24;;;10008;13;10011;4;;;10000.0;0.0
8;41500;INTARIAN_PEPPER_ROOT;21036;9;;;;;21050;10;;;;;21043.0;0.0
8;41600;ASH_COATED_OSMIUM;9986;15;9985;5;9983;12;10002;13;10004;30;10005;15;9994.5;0.0
8;41600;INTARIAN_PEPPER_ROOT;21036;9;;;;;21053;19;;;;;21044.5;0.0
8;41700;ASH_COATED_OSMIUM;9985;20;9984;10;9983;15;10003;15;10004;13;10007;10;9994.5;0.0
8;41700;INTARIAN_PEPPER_ROOT;21033;20;21030;9;;;21048;12;21050;10;;;21041.0;0.0
8;41800;ASH_COATED_OSMIUM;9986;11;;;;;10002;15;;;;;9994.5;0.0
8;41800;INTARIAN_PEPPER_ROOT;21030;10;;;;;21046;21;;;;;21038.5;0.0
8;41900;ASH_COATED_OSMIUM;9986;13;9984;20;;;10002;12;10003;14;;;9994.5;0.0
8;41900;INTARIAN_PEPPER_ROOT;21035;12;;;;;21047;12;;;;;21041.0;0.0
8;42000;ASH_COATED_OSMIUM;9992;15;;;;;10008;14;;;;;10000.0;0.0
8;42000;INTARIAN_PEPPER_ROOT;21032;11;21030;11;21028;9;21047;10;21049;18;21050;8;21039.5;0.0
8;42100;ASH_COATED_OSMIUM;9986;11;9983;12;;;10002;10;10004;22;;;9994.5;0.0
8;42100;INTARIAN_PEPPER_ROOT;21039;9;21038;12;21036;3;21050;10;21051;12;21053;10;21045.0;0.0
8;42200;ASH_COATED_OSMIUM;9986;14;9985;14;;;10002;10;10004;12;;;9994.5;0.0
8;42200;INTARIAN_PEPPER_ROOT;21037;12;21036;12;21033;8;21048;12;21051;11;21052;10;21042.5;0.0
8;42300;ASH_COATED_OSMIUM;9987;12;;;;;10003;14;;;;;9995.0;0.0
8;42300;INTARIAN_PEPPER_ROOT;21029;10;21027;12;21026;9;21042;23;21043;25;21044;9;21035.5;0.0
8;42400;ASH_COATED_OSMIUM;9987;15;9986;12;9983;10;10003;10;10005;20;10008;13;9995.0;0.0
8;42400;INTARIAN_PEPPER_ROOT;21033;8;21030;22;;;21050;9;21053;8;;;21041.5;0.0
8;42500;ASH_COATED_OSMIUM;9986;29;9983;11;;;10002;14;10004;12;;;9994.5;0.0
8;42500;INTARIAN_PEPPER_ROOT;21040;9;21037;12;21036;12;21051;9;21052;8;21055;7;21045.5;0.0
8;42600;ASH_COATED_OSMIUM;9996;15;9995;10;;;10002;11;10003;15;;;9999.5;0.0
8;42600;INTARIAN_PEPPER_ROOT;21028;12;21027;8;;;21044;10;21046;10;;;21036.0;0.0
8;42700;ASH_COATED_OSMIUM;9991;25;;;;;10007;11;;;;;9999.5;0.0
8;42700;INTARIAN_PEPPER_ROOT;21036;12;21033;10;;;21049;15;21051;8;;;21042.5;0.0
8;42800;ASH_COATED_OSMIUM;9990;13;;;;;10009;12;;;;;9999.5;0.0
8;42800;INTARIAN_PEPPER_ROOT;21033;8;21031;8;21030;11;21047;12;21049;8;21051;9;21040.5;0.0
8;42900;ASH_COATED_OSMIUM;9991;10;9990;14;9989;15;10007;15;10010;10;10013;13;9999.0;0.0
8;42900;INTARIAN_PEPPER_ROOT;21038;23;;;;;21051;11;;;;;21044.5;0.0
8;43000;ASH_COATED_OSMIUM;9984;12;;;;;10003;14;;;;;9994.0;0.0
8;43000;INTARIAN_PEPPER_ROOT;21033;12;21032;11;21031;9;21047;11;21050;11;21052;5;21040.0;0.0
8;43100;ASH_COATED_OSMIUM;9992;13;9991;10;9990;14;10008;14;10009;13;10011;13;10000.0;0.0
8;43100;INTARIAN_PEPPER_ROOT;21034;23;21033;10;21030;10;21048;22;21050;12;21051;18;21041.0;0.0
8;43200;ASH_COATED_OSMIUM;9986;23;9984;25;;;10004;15;10006;14;;;9995.0;0.0
8;43200;INTARIAN_PEPPER_ROOT;21037;8;21035;23;21033;9;21049;8;21050;11;21053;20;21043.0;0.0
8;43300;ASH_COATED_OSMIUM;9986;15;9984;30;;;10002;12;10004;13;;;9994.0;0.0
8;43300;INTARIAN_PEPPER_ROOT;21035;11;;;;;21049;9;;;;;21042.5;0.0
8;43400;ASH_COATED_OSMIUM;9986;15;9984;13;9982;10;10002;10;10004;13;10007;14;9994.0;0.0
8;43400;INTARIAN_PEPPER_ROOT;21036;12;;;;;21051;11;;;;;21044.0;0.0
8;43500;ASH_COATED_OSMIUM;9992;15;9991;11;;;10008;15;10010;15;;;10000.0;0.0
8;43500;INTARIAN_PEPPER_ROOT;21037;10;21035;12;21032;10;21048;9;21050;10;21053;11;21043.0;0.0
8;43600;ASH_COATED_OSMIUM;9992;14;;;;;10008;15;;;;;10000.0;0.0
8;43600;INTARIAN_PEPPER_ROOT;21032;18;;;;;21046;9;;;;;21039.5;0.0
8;43700;ASH_COATED_OSMIUM;9986;11;9985;15;9983;14;10002;10;10004;12;10007;13;9994.5;0.0
8;43700;INTARIAN_PEPPER_ROOT;21036;11;21035;10;;;21048;11;21050;8;;;21042.0;0.0
8;43800;ASH_COATED_OSMIUM;9989;11;9986;21;9983;11;10008;11;10011;10;10013;10;9999.0;0.0
8;43800;INTARIAN_PEPPER_ROOT;21036;24;21034;9;;;21049;9;21052;11;;;21042.5;0.0
8;43900;ASH_COATED_OSMIUM;9990;13;;;;;10006;11;;;;;9998.5;0.0
8;43900;INTARIAN_PEPPER_ROOT;21038;11;21036;8;;;21051;12;21052;8;;;21044.5;0.0
8;44000;ASH_COATED_OSMIUM;9990;22;9988;11;9987;12;10006;12;10007;12;10010;14;9998.5;0.0
8;44000;INTARIAN_PEPPER_ROOT;21032;10;21030;8;21029;10;21043;11;21046;16;21049;10;21038.0;0.0
8;44100;ASH_COATED_OSMIUM;9984;12;9981;10;;;10003;15;10006;10;;;9994.0;0.0
8;44100;INTARIAN_PEPPER_ROOT;21037;11;21035;11;;;21050;9;21051;10;;;21043.5;0.0
8;44200;ASH_COATED_OSMIUM;9989;10;;;;;10007;14;;;;;9998.5;0.0
8;44200;INTARIAN_PEPPER_ROOT;21036;24;21035;12;;;21050;8;21053;23;;;21043.0;0.0
8;44300;ASH_COATED_OSMIUM;9991;13;9989;22;9986;14;10007;21;10009;10;10010;10;9999.0;0.0
8;44300;INTARIAN_PEPPER_ROOT;21039;20;21037;12;;;21050;10;21051;11;;;21045.0;0.0
8;44400;ASH_COATED_OSMIUM;9985;13;;;;;10001;14;;;;;9993.5;0.0
8;44400;INTARIAN_PEPPER_ROOT;21038;11;;;;;21051;12;;;;;21045.0;0.0
8;44500;ASH_COATED_OSMIUM;9984;14;9983;10;;;10002;14;10003;4;;;9993.5;0.0
8;44500;INTARIAN_PEPPER_ROOT;21036;11;21034;12;;;21051;8;21053;17;;;21043.5;0.0
8;44600;ASH_COATED_OSMIUM;9984;11;9981;15;;;10003;25;10005;10;;;9994.0;0.0
8;44600;INTARIAN_PEPPER_ROOT;21038;11;21036;9;;;21050;12;21052;8;;;21044.5;0.0
8;44700;ASH_COATED_OSMIUM;9985;23;;;;;10001;14;;;;;9993.5;0.0
8;44700;INTARIAN_PEPPER_ROOT;21038;8;21036;10;21035;12;21053;12;21054;10;21057;18;21046.0;0.0
8;44800;ASH_COATED_OSMIUM;9983;10;9981;15;;;10004;28;10005;14;;;9994.0;0.0
8;44800;INTARIAN_PEPPER_ROOT;21037;10;;;;;21051;10;;;;;21044.0;0.0
8;44900;ASH_COATED_OSMIUM;9990;15;9987;12;9985;11;10008;13;10009;13;10010;11;9999.0;0.0
8;44900;INTARIAN_PEPPER_ROOT;21040;11;21038;12;21036;21;21052;10;21053;12;21054;9;21046.0;0.0
8;45000;ASH_COATED_OSMIUM;9985;12;9984;12;9981;15;10001;15;10004;5;10007;24;9993.5;0.0
8;45000;INTARIAN_PEPPER_ROOT;21032;10;;;;;21046;8;;;;;21039.0;0.0
8;45100;ASH_COATED_OSMIUM;9990;12;9988;20;;;10006;14;10007;10;;;9998.5;0.0
8;45100;INTARIAN_PEPPER_ROOT;21033;12;21031;11;;;21049;9;21051;9;;;21041.5;0.0
8;45200;ASH_COATED_OSMIUM;9986;14;;;;;10002;22;;;;;9994.0;0.0
8;45200;INTARIAN_PEPPER_ROOT;21040;9;21037;11;;;21051;4;21052;9;;;21046.0;0.0
8;45300;ASH_COATED_OSMIUM;9994;12;9993;13;;;10004;5;10007;15;;;9999.0;0.0
8;45300;INTARIAN_PEPPER_ROOT;21037;8;21035;12;;;21054;11;21056;8;;;21045.5;0.0
8;45400;ASH_COATED_OSMIUM;9986;14;9984;15;;;10002;10;10005;11;;;9994.5;0.0
8;45400;INTARIAN_PEPPER_ROOT;21036;11;;;;;21047;12;;;;;21041.5;0.0
8;45500;ASH_COATED_OSMIUM;9991;13;9990;27;9989;30;10007;3;10008;11;10009;26;9999.5;0.0
8;45500;INTARIAN_PEPPER_ROOT;21034;12;21032;10;21029;12;21046;11;21048;8;21050;11;21040.0;0.0
8;45600;ASH_COATED_OSMIUM;9984;11;9981;14;;;10003;12;10004;11;;;9994.0;0.0
8;45600;INTARIAN_PEPPER_ROOT;21040;15;21039;11;;;21052;20;21053;11;;;21046.5;0.0
8;45700;ASH_COATED_OSMIUM;9986;14;;;;;10002;14;;;;;9994.0;0.0
8;45700;INTARIAN_PEPPER_ROOT;21040;11;21039;17;21038;11;21053;17;21055;12;21058;10;21046.5;0.0
8;45800;ASH_COATED_OSMIUM;9989;15;9986;10;9984;15;10008;12;10010;14;10011;11;9999.0;0.0
8;45800;INTARIAN_PEPPER_ROOT;21036;11;21035;8;21034;9;21050;22;21053;10;21056;22;21043.5;0.0
8;45900;ASH_COATED_OSMIUM;9985;25;9982;15;;;10001;20;10002;11;;;9993.5;0.0
8;45900;INTARIAN_PEPPER_ROOT;21040;17;21038;11;21037;10;21051;11;21053;12;21055;10;21046.0;0.0
8;46000;ASH_COATED_OSMIUM;9990;10;9989;10;;;10008;10;10009;12;;;9999.0;0.0
8;46000;INTARIAN_PEPPER_ROOT;21042;11;21039;8;;;21054;8;21057;10;;;21048.0;0.0
8;46100;ASH_COATED_OSMIUM;9990;14;9987;20;9985;25;10006;10;10007;15;10010;14;9998.5;0.0
8;46100;INTARIAN_PEPPER_ROOT;21041;9;;;;;21054;8;;;;;21048.0;0.0
8;46200;ASH_COATED_OSMIUM;9983;10;;;;;10002;11;;;;;9993.0;0.0
8;46200;INTARIAN_PEPPER_ROOT;21040;10;21037;8;;;21054;10;21055;11;;;21047.0;0.0
8;46300;ASH_COATED_OSMIUM;9985;15;;;;;10001;13;;;;;9993.0;0.0
8;46300;INTARIAN_PEPPER_ROOT;21037;11;21034;11;;;21049;8;21052;10;;;21043.0;0.0
8;46400;ASH_COATED_OSMIUM;9984;5;9981;14;9980;15;10002;12;10004;14;10006;26;9993.5;0.0
8;46400;INTARIAN_PEPPER_ROOT;21039;9;21036;9;21034;22;21051;11;21054;25;21056;21;21045.0;0.0
8;46500;ASH_COATED_OSMIUM;9992;10;9990;11;9989;15;10003;11;10004;25;10005;15;9998.0;0.0
8;46500;INTARIAN_PEPPER_ROOT;21042;11;21040;8;;;21054;11;21055;8;;;21048.0;0.0
8;46600;ASH_COATED_OSMIUM;9989;13;;;;;10007;13;;;;;9998.0;0.0
8;46600;INTARIAN_PEPPER_ROOT;21042;10;;;;;21056;11;;;;;21049.5;0.0
8;46700;ASH_COATED_OSMIUM;9985;15;9984;15;;;10001;11;10002;15;;;9993.0;0.0
8;46700;INTARIAN_PEPPER_ROOT;21038;10;21037;12;21035;9;21051;9;21052;9;21053;12;21044.5;0.0
8;46800;ASH_COATED_OSMIUM;9990;14;9989;10;;;10006;15;10007;10;;;9998.0;0.0
8;46800;INTARIAN_PEPPER_ROOT;21037;11;;;;;21053;11;;;;;21045.0;0.0
8;46900;ASH_COATED_OSMIUM;9995;11;;;;;10000;15;;;;;9997.5;0.0
8;46900;INTARIAN_PEPPER_ROOT;21038;9;;;;;21059;10;;;;;21049.0;0.0
8;47000;ASH_COATED_OSMIUM;9983;11;9980;11;;;9999;10;10001;10;;;9991.5;0.0
8;47000;INTARIAN_PEPPER_ROOT;21040;25;21039;22;;;21057;10;21060;11;;;21048.5;0.0
8;47100;ASH_COATED_OSMIUM;9983;15;9980;14;9978;12;9999;13;10000;14;10003;13;9991.5;0.0
8;47100;INTARIAN_PEPPER_ROOT;21039;11;;;;;21053;10;;;;;21046.0;0.0
8;47200;ASH_COATED_OSMIUM;9987;12;9986;14;;;10006;10;10009;15;;;9997.0;0.0
8;47200;INTARIAN_PEPPER_ROOT;21042;8;;;;;21055;19;;;;;21049.0;0.0
8;47300;ASH_COATED_OSMIUM;9989;12;9986;10;;;10005;10;10007;11;;;9997.0;0.0
8;47300;INTARIAN_PEPPER_ROOT;21037;8;;;;;21050;23;;;;;21044.0;0.0
8;47400;ASH_COATED_OSMIUM;9983;11;;;;;9999;26;;;;;9991.5;0.0
8;47400;INTARIAN_PEPPER_ROOT;21041;10;21040;8;;;21055;8;21057;11;;;21048.5;0.0
8;47500;ASH_COATED_OSMIUM;9989;15;9987;28;9984;15;10005;12;10007;3;10010;12;9997.0;0.0
8;47500;INTARIAN_PEPPER_ROOT;21042;8;;;;;21054;8;;;;;21048.5;0.0
8;47600;ASH_COATED_OSMIUM;9988;12;9986;12;;;10004;10;10005;12;;;9996.5;0.0
8;47600;INTARIAN_PEPPER_ROOT;21042;11;21039;8;21038;12;21055;12;21058;9;21061;10;21049.0;0.0
8;47700;ASH_COATED_OSMIUM;9983;10;;;;;9999;10;;;;;9991.5;0.0
8;47700;INTARIAN_PEPPER_ROOT;21040;12;;;;;21052;9;;;;;21046.5;0.0
8;47800;ASH_COATED_OSMIUM;9986;14;9985;23;9982;11;9996;14;9999;23;10002;25;9991.5;0.0
8;47800;INTARIAN_PEPPER_ROOT;21040;11;;;;;21053;12;;;;;21047.0;0.0
8;47900;ASH_COATED_OSMIUM;9988;15;9986;22;;;10004;11;10007;12;;;9996.5;0.0
8;47900;INTARIAN_PEPPER_ROOT;21038;12;21035;12;;;21053;11;21056;8;;;21045.5;0.0
8;48000;ASH_COATED_OSMIUM;9987;10;9984;12;;;10006;30;10009;15;;;9997.0;0.0
8;48000;INTARIAN_PEPPER_ROOT;21040;9;;;;;21054;12;;;;;21047.5;0.0
8;48100;ASH_COATED_OSMIUM;9984;11;;;;;10000;15;;;;;9992.5;0.0
8;48100;INTARIAN_PEPPER_ROOT;21042;21;21041;10;;;21054;9;21056;24;;;21048.5;0.0
8;48200;ASH_COATED_OSMIUM;9982;11;9980;12;;;10003;11;10005;15;;;9992.5;0.0
8;48200;INTARIAN_PEPPER_ROOT;21038;9;21035;10;;;21054;11;21056;10;;;21046.5;0.0
8;48300;ASH_COATED_OSMIUM;9989;12;9986;15;;;10008;12;10009;15;;;9998.5;0.0
8;48300;INTARIAN_PEPPER_ROOT;21043;10;21041;11;21040;11;21057;8;21060;11;21062;9;21050.0;0.0
8;48400;ASH_COATED_OSMIUM;9985;10;9982;14;9981;25;10001;10;10004;14;10007;14;9993.5;0.0
8;48400;INTARIAN_PEPPER_ROOT;21042;20;21041;9;;;21057;11;21059;12;;;21049.5;0.0
8;48500;ASH_COATED_OSMIUM;9989;11;9987;10;;;10008;13;10011;13;;;9998.5;0.0
8;48500;INTARIAN_PEPPER_ROOT;21045;17;21044;11;21043;18;21056;10;21057;11;21059;10;21050.5;0.0
8;48600;ASH_COATED_OSMIUM;9985;14;;;;;10001;15;;;;;9993.5;0.0
8;48600;INTARIAN_PEPPER_ROOT;21042;9;21041;10;21039;8;21054;8;21055;9;21056;12;21048.0;0.0
8;48700;ASH_COATED_OSMIUM;9985;24;9984;15;;;10001;15;10002;20;;;9993.0;0.0
8;48700;INTARIAN_PEPPER_ROOT;21044;11;;;;;21057;11;;;;;21050.5;0.0
8;48800;ASH_COATED_OSMIUM;9983;10;9982;14;9980;30;10002;29;10005;13;10007;14;9993.0;0.0
8;48800;INTARIAN_PEPPER_ROOT;21044;8;;;;;21056;10;;;;;21050.0;0.0
8;48900;ASH_COATED_OSMIUM;9985;11;9984;10;;;10001;10;10003;15;;;9993.5;0.0
8;48900;INTARIAN_PEPPER_ROOT;21042;9;;;;;21055;12;;;;;21048.5;0.0
8;49000;ASH_COATED_OSMIUM;9990;14;9989;11;9988;29;10008;23;10010;14;10013;14;9999.0;0.0
8;49000;INTARIAN_PEPPER_ROOT;21041;11;21038;12;;;21054;16;21055;10;;;21048.0;0.0
8;49100;ASH_COATED_OSMIUM;9990;2;;;;;10006;14;;;;;9998.5;0.0
8;49100;INTARIAN_PEPPER_ROOT;21044;16;;;;;21056;10;;;;;21050.5;0.0
8;49200;ASH_COATED_OSMIUM;9985;15;9982;14;9981;11;10001;10;10003;2;10004;15;9993.0;0.0
8;49200;INTARIAN_PEPPER_ROOT;21042;11;21041;10;;;21056;8;21058;12;;;21049.0;0.0
8;49300;ASH_COATED_OSMIUM;9989;23;9988;15;;;10008;11;10009;15;;;9998.5;0.0
8;49300;INTARIAN_PEPPER_ROOT;21044;8;;;;;21057;10;;;;;21051.0;0.0
8;49400;ASH_COATED_OSMIUM;9983;15;9980;13;;;10004;11;10005;11;;;9993.5;0.0
8;49400;INTARIAN_PEPPER_ROOT;21042;10;21040;9;;;21053;9;21056;11;;;21048.0;0.0
8;49500;ASH_COATED_OSMIUM;9989;12;;;;;10008;20;;;;;9999.0;0.0
8;49500;INTARIAN_PEPPER_ROOT;21048;21;21047;8;;;21050;15;21051;8;;;21049.5;0.0
8;49600;ASH_COATED_OSMIUM;9984;10;9983;14;;;10003;13;10005;11;;;9993.5;0.0
8;49600;INTARIAN_PEPPER_ROOT;21048;18;21045;9;21042;10;21059;9;21062;10;21065;9;21053.5;0.0
8;49700;ASH_COATED_OSMIUM;9986;12;9985;14;;;10002;14;10003;14;;;9994.0;0.0
8;49700;INTARIAN_PEPPER_ROOT;21041;10;21038;9;;;21055;12;21056;9;;;21048.0;0.0
8;49800;ASH_COATED_OSMIUM;9986;14;;;;;10002;12;;;;;9994.5;0.0
8;49800;INTARIAN_PEPPER_ROOT;21038;11;21037;10;;;21056;9;21058;19;;;21047.5;0.0
8;49900;ASH_COATED_OSMIUM;9992;30;9991;22;;;10008;10;10009;14;;;10000.0;0.0
8;49900;INTARIAN_PEPPER_ROOT;21043;10;;;;;21054;12;;;;;21048.5;0.0
8;50000;ASH_COATED_OSMIUM;9986;10;9984;11;;;10002;14;10005;12;;;9994.5;0.0
8;50000;INTARIAN_PEPPER_ROOT;21043;3;21040;19;21039;10;21055;10;21057;21;21060;21;21049.0;0.0
8;50100;ASH_COATED_OSMIUM;9986;13;9984;12;9981;11;10002;13;10004;14;10005;11;9994.0;0.0
8;50100;INTARIAN_PEPPER_ROOT;21044;9;21041;11;;;21058;9;21061;10;;;21051.0;0.0
8;50200;ASH_COATED_OSMIUM;9986;26;9983;15;9982;12;10002;13;10004;15;10005;14;9994.5;0.0
8;50200;INTARIAN_PEPPER_ROOT;21049;3;21047;8;21046;10;21053;8;21055;18;21056;21;21051.5;0.0
8;50300;ASH_COATED_OSMIUM;9985;15;9982;13;9981;14;10001;12;10002;11;10005;11;9993.5;0.0
8;50300;INTARIAN_PEPPER_ROOT;21042;10;;;;;21054;11;;;;;21048.0;0.0
8;50400;ASH_COATED_OSMIUM;9985;12;;;;;10001;12;;;;;9993.5;0.0
8;50400;INTARIAN_PEPPER_ROOT;21045;17;21043;12;;;21056;10;21057;8;;;21051.0;0.0
8;50500;ASH_COATED_OSMIUM;9991;15;9989;10;9988;11;10007;15;10009;26;10012;12;9999.5;0.0
8;50500;INTARIAN_PEPPER_ROOT;21044;12;21043;10;21042;16;21059;9;21060;12;21063;22;21051.5;0.0
8;50600;ASH_COATED_OSMIUM;9984;14;9983;10;;;10003;10;10004;10;;;9994.0;0.0
8;50600;INTARIAN_PEPPER_ROOT;21042;16;21041;8;;;21057;10;21060;10;;;21050.0;0.0
8;50700;ASH_COATED_OSMIUM;9985;20;9984;14;9982;15;10001;11;10002;12;10005;14;9993.5;0.0
8;50700;INTARIAN_PEPPER_ROOT;21041;12;21038;10;21037;10;21054;12;21056;11;21057;10;21048.0;0.0
8;50800;ASH_COATED_OSMIUM;9988;15;9986;13;9985;21;10007;13;10008;15;10010;12;9998.0;0.0
8;50800;INTARIAN_PEPPER_ROOT;21044;8;;;;;21057;22;;;;;21050.5;0.0
8;50900;ASH_COATED_OSMIUM;9987;13;9985;12;;;9998;11;10000;27;;;9992.5;0.0
8;50900;INTARIAN_PEPPER_ROOT;21048;15;21047;9;;;21060;12;21061;12;;;21054.0;0.0
8;51000;ASH_COATED_OSMIUM;9990;13;;;;;10006;13;;;;;9998.0;0.0
8;51000;INTARIAN_PEPPER_ROOT;21046;8;21043;8;21041;23;21057;8;21059;9;21061;8;21051.5;0.0
8;51100;ASH_COATED_OSMIUM;9989;15;9986;10;9984;12;10005;15;10007;14;10009;11;9997.5;0.0
8;51100;INTARIAN_PEPPER_ROOT;21042;21;;;;;21057;10;;;;;21050.0;0.0
8;51200;ASH_COATED_OSMIUM;9990;25;9988;10;;;10006;13;10008;21;;;9998.5;0.0
8;51200;INTARIAN_PEPPER_ROOT;21046;11;;;;;21058;9;;;;;21052.5;0.0
8;51300;ASH_COATED_OSMIUM;9993;14;9990;15;9989;10;10004;12;10006;14;10007;11;9998.5;0.0
8;51300;INTARIAN_PEPPER_ROOT;21042;10;21040;10;;;21058;11;21059;12;;;21050.0;0.0
8;51400;ASH_COATED_OSMIUM;9985;13;9982;14;;;10001;20;10002;11;;;9993.5;0.0
8;51400;INTARIAN_PEPPER_ROOT;21043;8;21042;16;21040;12;21056;11;21057;12;21058;23;21050.0;0.0
8;51500;ASH_COATED_OSMIUM;9990;24;;;;;10008;12;;;;;9999.0;0.0
8;51500;INTARIAN_PEPPER_ROOT;21046;11;21043;10;21041;10;21058;9;21061;9;21062;9;21052.0;0.0
8;51600;ASH_COATED_OSMIUM;9989;2;9986;15;9983;13;10008;14;10011;14;10013;13;9999.0;0.0
8;51600;INTARIAN_PEPPER_ROOT;21044;10;21043;8;;;21061;11;21063;11;;;21052.5;0.0
8;51700;ASH_COATED_OSMIUM;9991;24;;;;;10007;28;;;;;9999.5;0.0
8;51700;INTARIAN_PEPPER_ROOT;21044;24;21042;9;;;21057;9;21059;8;;;21051.0;0.0
8;51800;ASH_COATED_OSMIUM;9992;13;9990;15;;;10008;12;10010;10;;;10000.0;0.0
8;51800;INTARIAN_PEPPER_ROOT;21044;8;21043;19;21041;12;21057;8;21059;11;21062;11;21051.0;0.0
8;51900;ASH_COATED_OSMIUM;9985;10;;;;;10004;14;;;;;9994.5;0.0
8;51900;INTARIAN_PEPPER_ROOT;21046;8;21044;11;21043;8;21059;12;21061;7;21064;8;21053.0;0.0
8;52000;ASH_COATED_OSMIUM;9986;10;9985;13;;;10002;21;10005;21;;;9994.5;0.0
8;52000;INTARIAN_PEPPER_ROOT;21050;16;;;;;21062;10;;;;;21056.5;0.0
8;52100;ASH_COATED_OSMIUM;9989;12;9986;12;;;9999;15;10000;15;;;9994.5;0.0
8;52100;INTARIAN_PEPPER_ROOT;21046;8;;;;;21058;17;;;;;21052.0;0.0
8;52200;ASH_COATED_OSMIUM;9984;27;9983;20;;;10002;14;10005;10;;;9993.5;0.0
8;52200;INTARIAN_PEPPER_ROOT;21044;9;;;;;21059;21;;;;;21052.0;0.0
8;52300;ASH_COATED_OSMIUM;9993;10;9991;21;;;10003;15;10006;12;;;9998.5;0.0
8;52300;INTARIAN_PEPPER_ROOT;21048;11;21045;12;;;21062;11;21063;8;;;21055.0;0.0
8;52400;ASH_COATED_OSMIUM;9985;10;9984;15;;;10001;26;10003;14;;;9993.5;0.0
8;52400;INTARIAN_PEPPER_ROOT;21044;12;;;;;21058;10;;;;;21051.5;0.0
8;52500;ASH_COATED_OSMIUM;9990;15;;;;;10006;11;;;;;9998.5;0.0
8;52500;INTARIAN_PEPPER_ROOT;21044;9;;;;;21058;18;;;;;21051.5;0.0
8;52600;ASH_COATED_OSMIUM;9990;15;9989;11;9988;10;10009;12;10010;13;10012;13;9999.5;0.0
8;52600;INTARIAN_PEPPER_ROOT;21047;6;21045;12;;;21060;10;21061;12;;;21053.5;0.0
8;52700;ASH_COATED_OSMIUM;9992;10;9989;12;9987;15;10008;10;10009;10;10010;14;10000.0;0.0
8;52700;INTARIAN_PEPPER_ROOT;21048;8;21047;9;21044;10;21060;11;21062;8;21064;9;21054.5;0.0
8;52800;ASH_COATED_OSMIUM;9986;14;9983;3;;;10002;15;10004;12;;;9994.5;0.0
8;52800;INTARIAN_PEPPER_ROOT;21047;10;21046;12;21045;8;21059;3;21062;11;21065;10;21053.0;0.0
8;52900;ASH_COATED_OSMIUM;9987;13;;;;;10003;11;;;;;9995.0;0.0
8;52900;INTARIAN_PEPPER_ROOT;21046;8;21044;11;;;21060;18;21061;12;;;21053.5;0.0
8;53000;ASH_COATED_OSMIUM;9989;10;;;;;10000;14;;;;;9995.0;0.0
8;53000;INTARIAN_PEPPER_ROOT;21042;11;21039;23;;;21057;12;21060;12;;;21049.5;0.0
8;53100;ASH_COATED_OSMIUM;9987;11;9986;2;;;10003;12;10005;13;;;9995.0;0.0
8;53100;INTARIAN_PEPPER_ROOT;21048;11;;;;;21060;12;;;;;21054.5;0.0
8;53200;ASH_COATED_OSMIUM;9987;13;9984;27;9981;15;10003;10;10004;5;10005;26;9995.5;0.0
8;53200;INTARIAN_PEPPER_ROOT;21045;10;;;;;21059;11;;;;;21052.5;0.0
8;53300;ASH_COATED_OSMIUM;9992;23;;;;;10008;13;;;;;10000.5;0.0
8;53300;INTARIAN_PEPPER_ROOT;21047;12;21046;9;;;21062;11;21064;17;;;21055.0;0.0
8;53400;ASH_COATED_OSMIUM;9986;10;;;;;10005;28;;;;;9996.0;0.0
8;53400;INTARIAN_PEPPER_ROOT;21049;8;21046;8;;;21060;12;21062;10;;;21054.5;0.0
8;53500;ASH_COATED_OSMIUM;9992;13;;;;;10010;28;;;;;10001.5;0.0
8;53500;INTARIAN_PEPPER_ROOT;21046;9;21044;21;21043;9;21059;11;21062;22;21063;12;21053.0;0.0
8;53600;ASH_COATED_OSMIUM;9989;12;9988;15;;;10002;14;10003;13;;;9995.5;0.0
8;53600;INTARIAN_PEPPER_ROOT;21047;17;21044;10;;;21061;9;21064;10;;;21054.0;0.0
8;53700;ASH_COATED_OSMIUM;9991;21;9989;21;;;10009;15;10010;14;;;10000.5;0.0
8;53700;INTARIAN_PEPPER_ROOT;21039;10;;;;;21054;8;;;;;21046.5;0.0
8;53800;ASH_COATED_OSMIUM;9985;30;9983;15;9982;13;10004;15;10007;11;10010;24;9995.0;0.0
8;53800;INTARIAN_PEPPER_ROOT;21049;23;21046;9;21045;9;21061;8;21063;8;21064;11;21055.5;0.0
8;53900;ASH_COATED_OSMIUM;9990;11;;;;;10009;10;;;;;10000.0;0.0
8;53900;INTARIAN_PEPPER_ROOT;21049;9;21047;10;;;21062;8;21065;8;;;21055.5;0.0
8;54000;ASH_COATED_OSMIUM;9985;29;9983;11;;;10003;12;10004;10;;;9994.5;0.0
8;54000;INTARIAN_PEPPER_ROOT;21050;12;21049;9;;;21062;12;21065;9;;;21056.5;0.0
8;54100;ASH_COATED_OSMIUM;9990;10;9989;10;9986;11;10006;13;10008;11;10010;29;9998.5;0.0
8;54100;INTARIAN_PEPPER_ROOT;21051;11;21050;12;21047;11;21062;12;21063;12;21064;12;21056.5;0.0
8;54200;ASH_COATED_OSMIUM;9988;13;;;;;10009;12;;;;;9998.5;0.0
8;54200;INTARIAN_PEPPER_ROOT;21051;25;;;;;21054;12;;;;;21053.0;0.0
8;54300;ASH_COATED_OSMIUM;9990;10;9989;15;9988;10;10006;25;10007;12;10009;10;9998.5;0.0
8;54300;INTARIAN_PEPPER_ROOT;21049;11;21046;10;21045;10;21060;9;21061;12;21062;10;21055.0;0.0
8;54400;ASH_COATED_OSMIUM;9984;15;9981;15;;;10003;13;10005;11;;;9993.5;0.0
8;54400;INTARIAN_PEPPER_ROOT;21049;8;;;;;21064;9;;;;;21057.0;0.0
8;54500;ASH_COATED_OSMIUM;9985;13;9983;10;;;10001;15;10004;10;;;9993.0;0.0
8;54500;INTARIAN_PEPPER_ROOT;21050;12;;;;;21061;9;;;;;21056.0;0.0
8;54600;ASH_COATED_OSMIUM;9991;12;;;;;10007;15;;;;;9999.0;0.0
8;54600;INTARIAN_PEPPER_ROOT;21046;12;21045;8;;;21063;9;21065;10;;;21054.5;0.0
8;54700;ASH_COATED_OSMIUM;9990;13;9987;10;9984;10;10009;29;10011;11;10013;21;9999.5;0.0
8;54700;INTARIAN_PEPPER_ROOT;21049;9;21048;8;;;21063;12;21066;12;;;21056.5;0.0
8;54800;ASH_COATED_OSMIUM;9983;3;9981;12;;;10004;10;10006;15;;;9994.0;0.0
8;54800;INTARIAN_PEPPER_ROOT;21048;11;;;;;21061;25;;;;;21054.5;0.0
8;54900;ASH_COATED_OSMIUM;9990;13;9988;4;;;10008;20;10011;10;;;9999.5;0.0
8;54900;INTARIAN_PEPPER_ROOT;21045;12;21044;25;21041;12;21057;11;21059;11;21060;17;21051.5;0.0
8;55000;ASH_COATED_OSMIUM;9986;12;;;;;10002;12;;;;;9994.0;0.0
8;55000;INTARIAN_PEPPER_ROOT;21050;10;21047;11;;;21064;9;21066;8;;;21057.0;0.0
8;55100;ASH_COATED_OSMIUM;9989;13;;;;;10008;25;;;;;9999.0;0.0
8;55100;INTARIAN_PEPPER_ROOT;21045;10;;;;;21057;9;;;;;21051.5;0.0
8;55200;ASH_COATED_OSMIUM;9983;22;9982;12;;;10004;25;10006;23;;;9994.0;0.0
8;55200;INTARIAN_PEPPER_ROOT;21044;11;21041;25;;;21061;10;21064;11;;;21052.5;0.0
8;55300;ASH_COATED_OSMIUM;9992;14;9989;29;;;10007;11;10010;14;;;9999.5;0.0
8;55300;INTARIAN_PEPPER_ROOT;21047;12;21044;9;;;21063;8;21065;11;;;21055.5;0.0
8;55400;ASH_COATED_OSMIUM;9989;15;;;;;9998;11;;;;;9994.0;0.0
8;55400;INTARIAN_PEPPER_ROOT;21050;10;;;;;21065;9;;;;;21057.5;0.0
8;55500;ASH_COATED_OSMIUM;9992;4;9990;15;;;10008;15;10011;13;;;10000.5;0.0
8;55500;INTARIAN_PEPPER_ROOT;21048;10;21046;11;21045;18;21062;8;21063;12;21065;9;21055.0;0.0
8;55600;ASH_COATED_OSMIUM;9986;14;9984;30;;;10002;29;10005;11;;;9994.5;0.0
8;55600;INTARIAN_PEPPER_ROOT;21052;9;21050;10;21048;11;21063;9;21065;12;21068;10;21058.0;0.0
8;55700;ASH_COATED_OSMIUM;9989;10;9987;13;9984;30;10010;10;10012;10;10014;10;9999.5;0.0
8;55700;INTARIAN_PEPPER_ROOT;21048;11;21045;9;;;21061;10;21062;10;;;21055.0;0.0
8;55800;ASH_COATED_OSMIUM;9992;15;;;;;10008;14;;;;;10000.0;0.0
8;55800;INTARIAN_PEPPER_ROOT;21050;8;21048;12;;;21064;10;21067;23;;;21057.5;0.0
8;55900;ASH_COATED_OSMIUM;9987;26;9984;15;9981;21;10003;14;10005;11;10006;12;9995.0;0.0
8;55900;INTARIAN_PEPPER_ROOT;21051;17;;;;;21063;10;;;;;21057.0;0.0
8;56000;ASH_COATED_OSMIUM;9991;10;9989;10;;;10010;12;10012;14;;;10000.5;0.0
8;56000;INTARIAN_PEPPER_ROOT;21053;12;21050;16;;;21061;10;21064;12;;;21057.5;0.0
8;56100;ASH_COATED_OSMIUM;9987;13;;;;;10003;10;;;;;9995.0;0.0
8;56100;INTARIAN_PEPPER_ROOT;21048;12;21046;12;21045;12;21060;10;21061;10;21064;12;21054.0;0.0
8;56200;ASH_COATED_OSMIUM;9992;15;;;;;10008;13;;;;;10000.0;0.0
8;56200;INTARIAN_PEPPER_ROOT;21050;8;21048;8;21047;20;21061;10;21063;18;21065;9;21055.5;0.0
8;56300;ASH_COATED_OSMIUM;9987;14;9984;14;;;10003;11;10006;14;;;9995.0;0.0
8;56300;INTARIAN_PEPPER_ROOT;21052;11;21049;8;21046;21;21062;9;21064;9;21065;11;21057.0;0.0
8;56400;ASH_COATED_OSMIUM;9992;15;;;;;10008;13;;;;;10000.0;0.0
8;56400;INTARIAN_PEPPER_ROOT;21050;9;;;;;21062;8;;;;;21056.0;0.0
8;56500;ASH_COATED_OSMIUM;9990;10;9988;10;;;9998;12;10000;25;;;9994.5;0.0
8;56500;INTARIAN_PEPPER_ROOT;21052;9;;;;;21063;12;;;;;21057.5;0.0
8;56600;ASH_COATED_OSMIUM;9985;14;;;;;10001;11;;;;;9993.5;0.0
8;56600;INTARIAN_PEPPER_ROOT;21051;10;21050;9;21047;22;21064;11;21066;8;21069;8;21057.5;0.0
8;56700;ASH_COATED_OSMIUM;9990;11;9987;25;9985;20;10006;13;10009;13;10012;15;9998.5;0.0
8;56700;INTARIAN_PEPPER_ROOT;21051;8;21048;12;;;21063;17;21066;12;;;21057.5;0.0
8;56800;ASH_COATED_OSMIUM;9989;15;;;;;10007;23;;;;;9998.5;0.0
8;56800;INTARIAN_PEPPER_ROOT;21051;10;21049;11;21048;11;21065;12;21066;8;21068;24;21058.5;0.0
8;56900;ASH_COATED_OSMIUM;9985;15;9982;14;;;10001;10;10004;12;;;9993.0;0.0
8;56900;INTARIAN_PEPPER_ROOT;21050;12;21049;9;21048;11;21061;12;21063;9;21064;8;21056.0;0.0
8;57000;ASH_COATED_OSMIUM;9990;28;;;;;10008;12;;;;;9999.0;0.0
8;57000;INTARIAN_PEPPER_ROOT;21053;10;;;;;21064;11;;;;;21058.5;0.0
8;57100;ASH_COATED_OSMIUM;9984;15;9983;20;;;10003;13;10004;11;;;9994.0;0.0
8;57100;INTARIAN_PEPPER_ROOT;21052;8;;;;;21063;11;;;;;21057.5;0.0
8;57200;ASH_COATED_OSMIUM;9996;12;9994;14;;;10002;11;10003;13;;;9999.5;0.0
8;57200;INTARIAN_PEPPER_ROOT;21051;11;21049;10;21048;9;21065;11;21067;10;21070;9;21058.5;0.0
8;57300;ASH_COATED_OSMIUM;9992;11;;;;;10008;14;;;;;10000.0;0.0
8;57300;INTARIAN_PEPPER_ROOT;21052;12;21051;12;21049;19;21065;9;21067;10;21070;10;21059.0;0.0
8;57400;ASH_COATED_OSMIUM;9987;14;;;;;10003;13;;;;;9995.0;0.0
8;57400;INTARIAN_PEPPER_ROOT;21051;10;21050;11;21048;8;21067;8;21069;11;21070;9;21059.0;0.0
8;57500;ASH_COATED_OSMIUM;9985;12;9984;11;9981;13;10006;14;10009;30;10011;15;9995.5;0.0
8;57500;INTARIAN_PEPPER_ROOT;21051;12;21049;9;;;21062;19;21065;8;;;21057.0;0.0
8;57600;ASH_COATED_OSMIUM;9993;20;9991;14;;;10009;10;10010;13;;;10001.0;0.0
8;57600;INTARIAN_PEPPER_ROOT;21049;11;21047;11;;;21063;12;21065;11;;;21056.0;0.0
8;57700;ASH_COATED_OSMIUM;9988;13;;;;;10004;14;;;;;9996.0;0.0
8;57700;INTARIAN_PEPPER_ROOT;21053;9;21051;9;21050;20;21062;11;21064;8;21067;8;21058.0;0.0
8;57800;ASH_COATED_OSMIUM;9988;21;9987;14;;;10004;15;10007;13;;;9996.0;0.0
8;57800;INTARIAN_PEPPER_ROOT;21051;6;21050;25;;;21063;12;21064;12;;;21057.0;0.0
8;57900;ASH_COATED_OSMIUM;9992;14;;;;;10011;29;;;;;10001.5;0.0
8;57900;INTARIAN_PEPPER_ROOT;21049;9;21047;4;21044;12;21065;25;21068;8;21069;10;21057.0;0.0
8;58000;ASH_COATED_OSMIUM;9997;13;9996;21;;;10006;13;10008;12;;;10001.5;0.0
8;58000;INTARIAN_PEPPER_ROOT;21053;10;21051;20;21050;10;21065;9;21068;11;21069;10;21059.0;0.0
8;58100;ASH_COATED_OSMIUM;9988;12;9985;12;9982;15;10004;14;10006;24;10009;15;9996.0;0.0
8;58100;INTARIAN_PEPPER_ROOT;21053;11;21051;16;21048;12;21066;12;21067;10;21068;23;21060.0;0.0
8;58200;ASH_COATED_OSMIUM;9992;11;9990;14;;;9997;11;10000;15;;;9995.0;0.0
8;58200;INTARIAN_PEPPER_ROOT;21056;16;;;;;21069;12;;;;;21063.0;0.0
8;58300;ASH_COATED_OSMIUM;9987;11;9986;15;;;10003;12;10004;12;;;9995.0;0.0
8;58300;INTARIAN_PEPPER_ROOT;21050;12;21048;11;;;21067;7;21070;15;;;21059.0;0.0
8;58400;ASH_COATED_OSMIUM;9991;14;;;;;10010;14;;;;;10000.5;0.0
8;58400;INTARIAN_PEPPER_ROOT;21054;10;21053;12;;;21066;10;21069;12;;;21060.0;0.0
8;58500;ASH_COATED_OSMIUM;9987;11;9984;30;9982;15;10003;15;10004;14;10007;26;9995.0;0.0
8;58500;INTARIAN_PEPPER_ROOT;21052;8;21049;11;;;21064;9;21065;19;;;21058.0;0.0
8;58600;ASH_COATED_OSMIUM;9992;13;9989;25;9986;13;10008;15;10010;12;10012;12;10000.0;0.0
8;58600;INTARIAN_PEPPER_ROOT;21051;10;21050;9;21048;10;21064;10;21066;10;21069;7;21058.0;0.0
8;58700;ASH_COATED_OSMIUM;9992;12;9989;28;;;10008;12;10011;11;;;10000.0;0.0
8;58700;INTARIAN_PEPPER_ROOT;21054;23;21053;8;21052;9;21062;10;21063;11;21064;8;21058.0;0.0
8;58800;ASH_COATED_OSMIUM;9989;12;9987;25;9984;10;10010;13;10013;22;10015;11;10000.0;0.0
8;58800;INTARIAN_PEPPER_ROOT;21053;10;21052;21;;;21070;12;21071;22;;;21062.0;0.0
8;58900;ASH_COATED_OSMIUM;9991;11;9988;10;;;10007;13;10010;5;;;9999.5;0.0
8;58900;INTARIAN_PEPPER_ROOT;21051;25;21048;11;;;21067;15;21068;10;;;21059.0;0.0
8;59000;ASH_COATED_OSMIUM;9985;12;9983;11;;;10004;14;10005;15;;;9994.5;0.0
8;59000;INTARIAN_PEPPER_ROOT;21054;8;21052;9;;;21066;10;21067;8;;;21060.5;0.0
8;59100;ASH_COATED_OSMIUM;9990;26;9989;14;;;10009;14;10010;10;;;10000.0;0.0
8;59100;INTARIAN_PEPPER_ROOT;21053;12;21052;11;21049;10;21066;10;21068;8;21069;10;21059.5;0.0
8;59200;ASH_COATED_OSMIUM;9992;15;9989;12;;;10008;12;10010;29;;;10000.5;0.0
8;59200;INTARIAN_PEPPER_ROOT;21053;9;21051;12;;;21067;12;21069;11;;;21060.5;0.0
8;59300;ASH_COATED_OSMIUM;9992;13;9989;15;9988;14;10008;13;10009;12;10011;26;10000.5;0.0
8;59300;INTARIAN_PEPPER_ROOT;21049;8;21046;15;21045;22;21066;18;21068;24;21070;8;21058.0;0.0
8;59400;ASH_COATED_OSMIUM;9991;10;9989;13;;;10010;25;10013;26;;;10000.5;0.0
8;59400;INTARIAN_PEPPER_ROOT;21053;23;21051;8;;;21064;8;21066;11;;;21059.0;0.0
8;59500;ASH_COATED_OSMIUM;9987;14;;;;;10003;26;;;;;9995.0;0.0
8;59500;INTARIAN_PEPPER_ROOT;21057;11;;;;;21074;10;;;;;21066.0;0.0
8;59600;ASH_COATED_OSMIUM;9987;10;9984;14;;;10003;13;10006;10;;;9995.0;0.0
8;59600;INTARIAN_PEPPER_ROOT;21056;10;;;;;21059;9;;;;;21058.0;0.0
8;59700;ASH_COATED_OSMIUM;9992;13;9991;12;;;10008;11;10009;22;;;10000.5;0.0
8;59700;INTARIAN_PEPPER_ROOT;21053;10;21052;8;21051;9;21066;15;21068;11;21070;10;21060.0;0.0
8;59800;ASH_COATED_OSMIUM;9992;14;;;;;10008;20;;;;;10000.5;0.0
8;59800;INTARIAN_PEPPER_ROOT;21053;10;21050;10;21047;12;21064;8;21065;11;21066;11;21058.5;0.0
8;59900;ASH_COATED_OSMIUM;9985;20;9983;15;;;10004;10;10005;12;;;9995.0;0.0
8;59900;INTARIAN_PEPPER_ROOT;21054;19;21053;8;21052;9;21067;10;21070;8;21073;12;21061.0;0.0
8;60000;ASH_COATED_OSMIUM;9992;12;9990;14;;;10008;4;10011;11;;;10000.5;0.0
8;60000;INTARIAN_PEPPER_ROOT;21048;21;21047;9;21046;11;21064;11;21067;9;21069;11;21056.5;0.0
8;60100;ASH_COATED_OSMIUM;9991;27;9990;25;;;10010;15;10011;15;;;10001.0;0.0
8;60100;INTARIAN_PEPPER_ROOT;21054;9;21051;10;;;21066;9;21067;17;;;21060.0;0.0
8;60200;ASH_COATED_OSMIUM;9991;14;9988;15;;;10010;11;10013;10;;;10001.0;0.0
8;60200;INTARIAN_PEPPER_ROOT;21054;10;;;;;21068;9;;;;;21061.5;0.0
8;60300;ASH_COATED_OSMIUM;9986;15;;;;;10004;12;;;;;9995.5;0.0
8;60300;INTARIAN_PEPPER_ROOT;21054;11;;;;;21071;9;;;;;21062.5;0.0
8;60400;ASH_COATED_OSMIUM;9987;13;9985;12;;;10003;11;10005;11;;;9995.5;0.0
8;60400;INTARIAN_PEPPER_ROOT;21055;11;;;;;21068;9;;;;;21062.0;0.0
8;60500;ASH_COATED_OSMIUM;9987;12;9985;12;;;10003;12;10004;13;;;9995.5;0.0
8;60500;INTARIAN_PEPPER_ROOT;21054;12;;;;;21065;12;;;;;21059.5;0.0
8;60600;ASH_COATED_OSMIUM;9992;15;;;;;10008;26;;;;;10000.5;0.0
8;60600;INTARIAN_PEPPER_ROOT;21053;9;;;;;21066;9;;;;;21059.5;0.0
8;60700;ASH_COATED_OSMIUM;9993;11;9992;12;;;10009;30;10011;14;;;10001.0;0.0
8;60700;INTARIAN_PEPPER_ROOT;21045;25;21043;10;;;21059;9;21061;9;;;21052.5;0.0
8;60800;ASH_COATED_OSMIUM;9987;12;9985;14;9982;14;10003;23;10004;11;10005;4;9995.5;0.0
8;60800;INTARIAN_PEPPER_ROOT;21059;12;21058;9;21057;12;21070;12;21072;10;21074;10;21065.0;0.0
8;60900;ASH_COATED_OSMIUM;9988;10;9987;24;;;10004;10;10007;10;;;9996.0;0.0
8;60900;INTARIAN_PEPPER_ROOT;21060;8;21059;9;21057;12;21062;10;21064;18;21066;8;21061.5;0.0
8;61000;ASH_COATED_OSMIUM;9999;14;9996;15;9993;25;10005;14;10007;10;10010;4;10002.0;0.0
8;61000;INTARIAN_PEPPER_ROOT;21053;8;21052;8;;;21065;10;21066;19;;;21059.5;0.0
8;61100;ASH_COATED_OSMIUM;9988;2;9986;11;;;10004;11;10005;13;;;9996.5;0.0
8;61100;INTARIAN_PEPPER_ROOT;21056;10;21055;8;;;21070;9;21071;18;;;21063.0;0.0
8;61200;ASH_COATED_OSMIUM;9994;14;9991;3;;;10010;10;10011;12;;;10002.0;0.0
8;61200;INTARIAN_PEPPER_ROOT;21051;9;21050;17;21049;8;21065;9;21066;8;21068;11;21058.0;0.0
8;61300;ASH_COATED_OSMIUM;9988;11;9985;14;9982;15;10004;24;10005;24;10007;14;9996.5;0.0
8;61300;INTARIAN_PEPPER_ROOT;21065;8;21064;10;21062;12;21068;9;21069;11;21072;8;21067.0;0.0
8;61400;ASH_COATED_OSMIUM;9993;14;;;;;10009;12;;;;;10001.5;0.0
8;61400;INTARIAN_PEPPER_ROOT;21053;12;21050;8;;;21066;8;21068;9;;;21060.0;0.0
8;61500;ASH_COATED_OSMIUM;9992;11;;;;;10010;23;;;;;10001.5;0.0
8;61500;INTARIAN_PEPPER_ROOT;21053;8;21051;12;;;21068;9;21070;9;;;21060.5;0.0
8;61600;ASH_COATED_OSMIUM;9993;12;;;;;10009;12;;;;;10001.5;0.0
8;61600;INTARIAN_PEPPER_ROOT;21053;16;;;;;21067;9;;;;;21060.5;0.0
8;61700;ASH_COATED_OSMIUM;9993;14;9992;7;;;10009;5;10010;25;;;10001.0;0.0
8;61700;INTARIAN_PEPPER_ROOT;21056;11;21053;10;;;21068;9;21070;10;;;21062.0;0.0
8;61800;ASH_COATED_OSMIUM;9993;13;9991;15;;;10009;13;10011;15;;;10001.5;0.0
8;61800;INTARIAN_PEPPER_ROOT;21054;18;;;;;21069;11;;;;;21062.0;0.0
8;61900;ASH_COATED_OSMIUM;9994;10;9993;10;;;10010;14;10012;15;;;10002.5;0.0
8;61900;INTARIAN_PEPPER_ROOT;21055;9;21053;12;;;21068;11;21069;10;;;21062.0;0.0
8;62000;ASH_COATED_OSMIUM;9988;14;9987;26;;;10004;11;10005;12;;;9996.5;0.0
8;62000;INTARIAN_PEPPER_ROOT;21056;9;21054;9;;;21069;19;21070;10;;;21062.5;0.0
8;62100;ASH_COATED_OSMIUM;9991;15;9988;13;;;10010;14;10011;11;;;10001.0;0.0
8;62100;INTARIAN_PEPPER_ROOT;21052;11;21051;9;21048;8;21065;6;21068;9;21070;10;21059.0;0.0
8;62200;ASH_COATED_OSMIUM;9996;11;9995;10;9993;10;10006;14;10007;13;10008;13;10001.0;0.0
8;62200;INTARIAN_PEPPER_ROOT;21057;9;21056;12;;;21070;9;21072;12;;;21064.0;0.0
8;62300;ASH_COATED_OSMIUM;9993;13;9991;12;9989;5;10009;29;10011;12;10014;11;10001.5;0.0
8;62300;INTARIAN_PEPPER_ROOT;21054;12;21053;11;;;21067;25;21070;6;;;21060.5;0.0
8;62400;ASH_COATED_OSMIUM;9997;13;9994;11;9991;30;10006;21;10008;20;10009;10;10001.5;0.0
8;62400;INTARIAN_PEPPER_ROOT;21051;18;21050;12;21049;21;21071;9;21073;8;21075;8;21061.5;0.0
8;62500;ASH_COATED_OSMIUM;9993;11;;;;;10009;14;;;;;10001.0;0.0
8;62500;INTARIAN_PEPPER_ROOT;21055;20;21052;10;21051;11;21068;12;21069;15;21071;10;21062.0;0.0
8;62600;ASH_COATED_OSMIUM;9991;10;9989;14;9987;12;10010;14;10012;21;10014;21;10001.0;0.0
8;62600;INTARIAN_PEPPER_ROOT;21058;8;21056;8;;;21070;12;21073;12;;;21064.5;0.0
8;62700;ASH_COATED_OSMIUM;9987;11;9984;14;;;10005;12;10006;27;;;9996.0;0.0
8;62700;INTARIAN_PEPPER_ROOT;21055;12;21054;8;;;21069;9;21071;25;;;21062.5;0.0
8;62800;ASH_COATED_OSMIUM;9988;27;9987;15;;;10004;10;10006;11;;;9996.0;0.0
8;62800;INTARIAN_PEPPER_ROOT;21056;24;21055;8;;;21070;10;21072;15;;;21063.5;0.0
8;62900;ASH_COATED_OSMIUM;9992;11;9989;11;9986;15;10010;12;10012;11;10013;11;10001.0;0.0
8;62900;INTARIAN_PEPPER_ROOT;21056;9;21055;8;;;21069;10;21072;8;;;21063.0;0.0
8;63000;ASH_COATED_OSMIUM;9986;15;;;;;10004;24;;;;;9995.5;0.0
8;63000;INTARIAN_PEPPER_ROOT;21059;10;;;;;21071;9;;;;;21065.5;0.0
8;63100;ASH_COATED_OSMIUM;9991;25;;;;;10009;13;;;;;10000.0;0.0
8;63100;INTARIAN_PEPPER_ROOT;21056;15;21055;12;21052;9;21069;11;21072;11;21073;11;21063.0;0.0
8;63200;ASH_COATED_OSMIUM;9992;12;9989;14;9986;12;10008;12;10009;30;10010;30;10000.5;0.0
8;63200;INTARIAN_PEPPER_ROOT;21058;12;21056;12;;;21069;10;21070;9;;;21064.0;0.0
8;63300;ASH_COATED_OSMIUM;9988;12;9987;14;;;10004;14;10007;15;;;9996.0;0.0
8;63300;INTARIAN_PEPPER_ROOT;21053;8;21051;10;;;21066;11;21068;11;;;21060.0;0.0
8;63400;ASH_COATED_OSMIUM;9988;30;9987;11;9984;13;10004;14;10006;10;10009;3;9996.5;0.0
8;63400;INTARIAN_PEPPER_ROOT;21060;10;21059;9;;;21073;12;21074;9;;;21066.5;0.0
8;63500;ASH_COATED_OSMIUM;9993;13;9992;10;;;10009;5;10012;10;;;10001.5;0.0
8;63500;INTARIAN_PEPPER_ROOT;21056;9;21053;10;21050;8;21074;12;21075;11;21077;8;21065.0;0.0
8;63600;ASH_COATED_OSMIUM;9987;22;;;;;10006;11;;;;;9996.5;0.0
8;63600;INTARIAN_PEPPER_ROOT;21058;16;;;;;21070;11;;;;;21064.5;0.0
8;63700;ASH_COATED_OSMIUM;9992;10;9991;15;9989;10;10010;10;10012;13;10015;14;10001.5;0.0
8;63700;INTARIAN_PEPPER_ROOT;21056;12;;;;;21068;6;;;;;21062.0;0.0
8;63800;ASH_COATED_OSMIUM;9994;27;;;;;10010;13;;;;;10002.0;0.0
8;63800;INTARIAN_PEPPER_ROOT;21058;8;21057;9;;;21069;12;21071;10;;;21063.5;0.0
8;63900;ASH_COATED_OSMIUM;9992;15;;;;;10011;11;;;;;10001.5;0.0
8;63900;INTARIAN_PEPPER_ROOT;21053;9;21051;9;21050;12;21070;12;21072;10;21074;10;21061.5;0.0
8;64000;ASH_COATED_OSMIUM;9993;15;9992;13;;;10009;12;10011;23;;;10001.5;0.0
8;64000;INTARIAN_PEPPER_ROOT;21054;16;21051;10;21050;12;21071;10;21072;9;21073;11;21063.0;0.0
8;64100;ASH_COATED_OSMIUM;9988;22;;;;;10004;25;;;;;9996.0;0.0
8;64100;INTARIAN_PEPPER_ROOT;21054;12;21052;9;;;21068;9;21070;11;;;21061.0;0.0
8;64200;ASH_COATED_OSMIUM;9987;12;;;;;10005;25;;;;;9996.0;0.0
8;64200;INTARIAN_PEPPER_ROOT;21055;8;21052;9;;;21068;11;21071;9;;;21062.0;0.0
8;64300;ASH_COATED_OSMIUM;9993;10;9990;15;9989;13;10009;15;10011;12;10012;15;10001.5;0.0
8;64300;INTARIAN_PEPPER_ROOT;21058;10;21057;19;;;21069;9;21071;11;;;21064.0;0.0
8;64400;ASH_COATED_OSMIUM;9988;15;9987;20;;;10004;14;10007;14;;;9996.0;0.0
8;64400;INTARIAN_PEPPER_ROOT;21056;10;21055;11;21053;10;21070;6;21071;11;21072;8;21063.0;0.0
8;64500;ASH_COATED_OSMIUM;9988;10;;;;;10004;15;;;;;9996.0;0.0
8;64500;INTARIAN_PEPPER_ROOT;21055;10;21054;11;;;21068;12;21071;9;;;21062.0;0.0
8;64600;ASH_COATED_OSMIUM;9993;5;;;;;10009;23;;;;;10001.5;0.0
8;64600;INTARIAN_PEPPER_ROOT;21054;16;;;;;21068;11;;;;;21061.5;0.0
8;64700;ASH_COATED_OSMIUM;9988;15;9985;10;9982;11;10004;11;10007;14;10008;14;9996.5;0.0
8;64700;INTARIAN_PEPPER_ROOT;21057;9;;;;;21070;12;;;;;21063.5;0.0
