day;timestamp;product;bid_price_1;bid_volume_1;bid_price_2;bid_volume_2;bid_price_3;bid_volume_3;ask_price_1;ask_volume_1;ask_price_2;ask_volume_2;ask_price_3;ask_volume_3;mid_price;profit_and_loss
6;0;ASH_COATED_OSMIUM;9993;22;9991;14;9990;10;10012;14;10014;24;10017;12;10002.5;0.0
6;0;INTARIAN_PEPPER_ROOT;18991;11;;;;;19006;10;;;;;18999.0;0.0
6;100;ASH_COATED_OSMIUM;9992;13;9990;12;9988;10;10013;21;10016;12;10019;14;10003.0;0.0
6;100;INTARIAN_PEPPER_ROOT;18992;9;18990;10;18989;10;19004;12;19007;9;19009;9;18998.5;0.0
6;200;ASH_COATED_OSMIUM;9995;12;9994;11;9993;14;10011;14;10014;15;10015;10;10003.0;0.0
6;200;INTARIAN_PEPPER_ROOT;18991;10;18990;12;;;19005;10;19007;9;;;18998.0;0.0
6;300;ASH_COATED_OSMIUM;9995;12;9994;14;9993;14;10011;15;10013;10;10016;14;10003.0;0.0
6;300;INTARIAN_PEPPER_ROOT;18991;20;18990;11;;;19005;10;19007;10;;;18998.0;0.0
6;400;ASH_COATED_OSMIUM;9990;15;;;;;10006;25;;;;;9998.0;0.0
6;400;INTARIAN_PEPPER_ROOT;18992;15;18989;10;18986;11;19005;9;19007;11;19008;12;18999.0;0.0
6;500;ASH_COATED_OSMIUM;9994;22;;;;;10013;13;;;;;10003.5;0.0
6;500;INTARIAN_PEPPER_ROOT;18995;9;18992;8;18991;8;19007;12;19008;8;19010;12;19001.5;0.0
6;600;ASH_COATED_OSMIUM;9989;14;9988;12;9986;14;10005;11;10008;15;10009;13;9997.5;0.0
6;600;INTARIAN_PEPPER_ROOT;18993;10;18991;8;18988;10;19005;4;19006;11;19008;9;18999.0;0.0
6;700;ASH_COATED_OSMIUM;9994;10;9993;24;;;10012;12;10015;11;;;10003.0;0.0
6;700;INTARIAN_PEPPER_ROOT;18990;12;18988;9;18987;22;19004;11;19007;8;19008;12;18997.5;0.0
6;800;ASH_COATED_OSMIUM;9988;6;;;;;10007;10;;;;;9997.5;0.0
6;800;INTARIAN_PEPPER_ROOT;18996;10;18993;9;;;19009;8;19012;9;;;19002.5;0.0
6;900;ASH_COATED_OSMIUM;9995;22;;;;;10011;13;;;;;10003.0;0.0
6;900;INTARIAN_PEPPER_ROOT;18993;9;18991;23;;;19005;9;19008;10;;;18999.0;0.0
6;1000;ASH_COATED_OSMIUM;9990;14;;;;;10006;13;;;;;9998.0;0.0
6;1000;INTARIAN_PEPPER_ROOT;18996;22;18993;9;;;19009;23;19011;11;;;19003.0;0.0
6;1100;ASH_COATED_OSMIUM;9995;12;;;;;10011;10;;;;;10003.0;0.0
6;1100;INTARIAN_PEPPER_ROOT;18990;9;;;;;19005;9;;;;;18997.5;0.0
6;1200;ASH_COATED_OSMIUM;9995;10;9992;26;;;10011;12;10013;11;;;10003.0;0.0
6;1200;INTARIAN_PEPPER_ROOT;18992;9;18989;23;;;19006;11;19007;12;;;18999.5;0.0
6;1300;ASH_COATED_OSMIUM;9993;12;;;;;10011;13;;;;;10002.5;0.0
6;1300;INTARIAN_PEPPER_ROOT;18995;12;18993;9;18992;11;19006;12;19008;22;19009;9;19000.5;0.0
6;1400;ASH_COATED_OSMIUM;9989;11;9987;15;;;10005;10;10007;11;;;9997.0;0.0
6;1400;INTARIAN_PEPPER_ROOT;18993;12;18992;10;;;19006;15;19009;9;;;19000.0;0.0
6;1500;ASH_COATED_OSMIUM;9994;15;9991;14;9990;21;10010;10;10012;12;10013;14;10002.0;0.0
6;1500;INTARIAN_PEPPER_ROOT;18993;12;;;;;19009;10;;;;;19001.0;0.0
6;1600;ASH_COATED_OSMIUM;9993;29;;;;;10009;15;;;;;10001.5;0.0
6;1600;INTARIAN_PEPPER_ROOT;18996;9;18994;11;;;19007;11;19008;12;;;19002.0;0.0
6;1700;ASH_COATED_OSMIUM;9988;6;9987;14;;;10004;12;10005;12;;;9996.0;0.0
6;1700;INTARIAN_PEPPER_ROOT;18983;9;18980;9;;;18995;9;18996;10;;;18989.0;0.0
6;1800;ASH_COATED_OSMIUM;9988;10;9987;11;;;10004;10;10007;11;;;9996.0;0.0
6;1800;INTARIAN_PEPPER_ROOT;18992;8;;;;;19010;9;;;;;19001.0;0.0
6;1900;ASH_COATED_OSMIUM;9988;11;;;;;10004;10;;;;;9996.5;0.0
6;1900;INTARIAN_PEPPER_ROOT;18993;12;18992;12;;;19008;11;19011;9;;;19001.0;0.0
6;2000;ASH_COATED_OSMIUM;9994;14;9991;13;;;10010;22;10013;12;;;10002.5;0.0
6;2000;INTARIAN_PEPPER_ROOT;18998;10;18995;23;18994;17;19010;25;19013;15;19015;11;19004.0;0.0
6;2100;ASH_COATED_OSMIUM;9993;13;9992;10;9991;10;10012;13;10013;13;10014;11;10002.5;0.0
6;2100;INTARIAN_PEPPER_ROOT;18997;9;;;;;19012;8;;;;;19005.0;0.0
6;2200;ASH_COATED_OSMIUM;9993;12;9991;12;9988;11;10012;14;10014;15;10016;14;10003.0;0.0
6;2200;INTARIAN_PEPPER_ROOT;18998;15;18996;11;18994;12;19010;8;19012;10;19014;8;19004.5;0.0
6;2300;ASH_COATED_OSMIUM;9988;26;9986;13;9983;14;10007;30;10010;14;10012;12;9997.5;0.0
6;2300;INTARIAN_PEPPER_ROOT;18994;11;;;;;19008;8;;;;;19001.5;0.0
6;2400;ASH_COATED_OSMIUM;9994;10;;;;;10010;24;;;;;10002.5;0.0
6;2400;INTARIAN_PEPPER_ROOT;18996;12;;;;;19010;8;;;;;19003.5;0.0
6;2500;ASH_COATED_OSMIUM;9989;13;9987;14;9984;13;10005;27;10007;29;10008;14;9997.0;0.0
6;2500;INTARIAN_PEPPER_ROOT;18997;8;18996;9;;;19008;9;19010;9;;;19003.0;0.0
6;2600;ASH_COATED_OSMIUM;9995;15;9994;5;;;10011;14;10013;15;;;10003.0;0.0
6;2600;INTARIAN_PEPPER_ROOT;18994;11;;;;;19008;21;;;;;19001.5;0.0
6;2700;ASH_COATED_OSMIUM;9994;13;9992;15;;;10010;13;10011;13;;;10002.5;0.0
6;2700;INTARIAN_PEPPER_ROOT;18993;11;18990;24;;;19006;11;19007;9;;;19000.0;0.0
6;2800;ASH_COATED_OSMIUM;9993;29;9992;11;;;10012;12;10015;25;;;10003.0;0.0
6;2800;INTARIAN_PEPPER_ROOT;18998;8;18995;9;;;19009;8;19011;8;;;19004.0;0.0
6;2900;ASH_COATED_OSMIUM;9990;15;9988;29;;;10006;14;10007;21;;;9998.0;0.0
6;2900;INTARIAN_PEPPER_ROOT;18999;6;18997;8;;;19012;8;19015;8;;;19005.5;0.0
6;3000;ASH_COATED_OSMIUM;9995;13;9994;13;;;10011;14;10013;11;;;10003.5;0.0
6;3000;INTARIAN_PEPPER_ROOT;18997;12;18996;9;;;19014;8;19017;10;;;19006.0;0.0
6;3100;ASH_COATED_OSMIUM;9990;14;9989;12;9988;14;10006;12;10007;15;10009;13;9998.5;0.0
6;3100;INTARIAN_PEPPER_ROOT;18988;8;;;;;19001;9;;;;;18994.5;0.0
6;3200;ASH_COATED_OSMIUM;9996;10;9994;14;;;10012;11;10014;26;;;10004.0;0.0
6;3200;INTARIAN_PEPPER_ROOT;18998;10;18996;8;18994;12;19011;12;19012;9;19013;8;19004.5;0.0
6;3300;ASH_COATED_OSMIUM;9991;10;9990;30;;;10007;12;10008;15;;;9999.0;0.0
6;3300;INTARIAN_PEPPER_ROOT;18998;10;;;;;19013;18;;;;;19006.0;0.0
6;3400;ASH_COATED_OSMIUM;9990;13;9988;12;;;10008;4;10009;13;;;9999.0;0.0
6;3400;INTARIAN_PEPPER_ROOT;19001;8;18998;11;18997;11;19014;8;19015;17;19016;9;19007.5;0.0
6;3500;ASH_COATED_OSMIUM;9995;11;9992;15;;;10014;10;10015;11;;;10004.5;0.0
6;3500;INTARIAN_PEPPER_ROOT;18992;19;18991;19;18988;8;19009;11;19010;12;19013;8;19001.0;0.0
6;3600;ASH_COATED_OSMIUM;9990;13;;;;;10009;11;;;;;9999.5;0.0
6;3600;INTARIAN_PEPPER_ROOT;18996;9;18993;21;;;19009;9;19010;12;;;19003.0;0.0
6;3700;ASH_COATED_OSMIUM;9991;12;;;;;10007;10;;;;;9999.5;0.0
6;3700;INTARIAN_PEPPER_ROOT;18996;9;18994;9;;;19009;11;19012;19;;;19003.0;0.0
6;3800;ASH_COATED_OSMIUM;9991;10;;;;;10007;15;;;;;9999.5;0.0
6;3800;INTARIAN_PEPPER_ROOT;18997;23;;;;;19008;10;;;;;19003.0;0.0
6;3900;ASH_COATED_OSMIUM;9991;26;9988;11;9986;10;10007;10;10009;11;10012;12;9999.0;0.0
6;3900;INTARIAN_PEPPER_ROOT;19002;11;;;;;19015;12;;;;;19008.5;0.0
6;4000;ASH_COATED_OSMIUM;9994;14;9992;12;9991;11;10013;30;10016;9;10018;14;10004.0;0.0
6;4000;INTARIAN_PEPPER_ROOT;18996;10;;;;;19012;3;;;;;19004.5;0.0
6;4100;ASH_COATED_OSMIUM;9994;9;;;;;10012;12;;;;;10003.0;0.0
6;4100;INTARIAN_PEPPER_ROOT;18995;9;18992;9;18991;12;19009;24;19011;24;19013;5;19002.0;0.0
6;4200;ASH_COATED_OSMIUM;9995;8;9993;10;9990;12;10011;23;10012;10;10013;13;10003.5;0.0
6;4200;INTARIAN_PEPPER_ROOT;18998;8;18995;9;;;19011;10;19012;9;;;19005.0;0.0
6;4300;ASH_COATED_OSMIUM;9994;20;;;;;10012;21;;;;;10003.0;0.0
6;4300;INTARIAN_PEPPER_ROOT;18997;20;18996;8;18995;12;19009;12;19010;10;19013;9;19003.5;0.0
6;4400;ASH_COATED_OSMIUM;9995;11;9994;11;;;10011;13;10013;12;;;10003.5;0.0
6;4400;INTARIAN_PEPPER_ROOT;18993;8;18991;10;;;19004;11;19007;8;;;18999.0;0.0
6;4500;ASH_COATED_OSMIUM;9988;12;9987;2;;;10009;13;10011;10;;;9998.5;0.0
6;4500;INTARIAN_PEPPER_ROOT;18997;9;18994;11;18991;10;19009;8;19012;9;19014;10;19003.5;0.0
6;4600;ASH_COATED_OSMIUM;9990;15;9987;12;;;10008;22;10010;11;;;9999.0;0.0
6;4600;INTARIAN_PEPPER_ROOT;18997;8;;;;;19014;10;;;;;19005.5;0.0
6;4700;ASH_COATED_OSMIUM;9990;14;9988;14;9986;10;10006;27;10008;14;10011;12;9998.5;0.0
6;4700;INTARIAN_PEPPER_ROOT;18997;12;18996;12;;;19009;9;19011;10;;;19003.0;0.0
6;4800;ASH_COATED_OSMIUM;9990;10;9989;15;;;10006;15;10008;15;;;9998.5;0.0
6;4800;INTARIAN_PEPPER_ROOT;18998;8;18997;8;;;19010;11;19011;11;;;19004.0;0.0
6;4900;ASH_COATED_OSMIUM;9990;10;9987;15;;;10006;15;10007;13;;;9998.5;0.0
6;4900;INTARIAN_PEPPER_ROOT;18996;11;;;;;19010;16;;;;;19003.5;0.0
6;5000;ASH_COATED_OSMIUM;9990;4;9989;12;;;10006;13;10009;13;;;9998.5;0.0
6;5000;INTARIAN_PEPPER_ROOT;18998;8;18997;22;18995;17;19010;8;19013;12;19016;9;19004.5;0.0
6;5100;ASH_COATED_OSMIUM;9990;13;9989;13;9987;10;10006;12;10008;10;10010;13;9998.5;0.0
6;5100;INTARIAN_PEPPER_ROOT;19002;8;18999;12;18997;8;19013;12;19014;11;19015;8;19007.5;0.0
6;5200;ASH_COATED_OSMIUM;9995;25;9993;11;9992;20;10011;14;10014;10;10015;22;10003.5;0.0
6;5200;INTARIAN_PEPPER_ROOT;18996;9;18995;9;;;19013;19;19014;8;;;19005.0;0.0
6;5300;ASH_COATED_OSMIUM;9994;12;9993;12;9992;15;10012;15;10014;14;10015;11;10003.0;0.0
6;5300;INTARIAN_PEPPER_ROOT;18997;10;;;;;19011;15;;;;;19004.5;0.0
6;5400;ASH_COATED_OSMIUM;9995;12;9992;24;9991;10;10011;10;10013;20;10016;13;10003.0;0.0
6;5400;INTARIAN_PEPPER_ROOT;18999;21;;;;;19011;16;;;;;19005.0;0.0
6;5500;ASH_COATED_OSMIUM;9988;13;;;;;10007;3;;;;;9998.0;0.0
6;5500;INTARIAN_PEPPER_ROOT;19001;9;;;;;19012;9;;;;;19006.5;0.0
6;5600;ASH_COATED_OSMIUM;9995;27;;;;;10011;15;;;;;10003.0;0.0
6;5600;INTARIAN_PEPPER_ROOT;18999;8;18998;11;18997;9;19010;24;19012;11;19014;12;19005.0;0.0
6;5700;ASH_COATED_OSMIUM;9990;12;9987;30;9986;15;10006;10;10008;11;10010;15;9998.0;0.0
6;5700;INTARIAN_PEPPER_ROOT;18997;16;;;;;19011;8;;;;;19004.5;0.0
6;5800;ASH_COATED_OSMIUM;9992;10;9989;5;;;10003;15;10005;14;;;9998.0;0.0
6;5800;INTARIAN_PEPPER_ROOT;19001;25;19000;8;;;19013;8;19014;9;;;19007.0;0.0
6;5900;ASH_COATED_OSMIUM;9994;12;;;;;10012;10;;;;;10003.0;0.0
6;5900;INTARIAN_PEPPER_ROOT;19001;9;18998;11;;;19013;9;19016;16;;;19007.5;0.0
6;6000;ASH_COATED_OSMIUM;9995;13;9993;11;9992;25;10011;13;10013;10;10016;10;10003.0;0.0
6;6000;INTARIAN_PEPPER_ROOT;18997;10;;;;;19009;23;;;;;19003.5;0.0
6;6100;ASH_COATED_OSMIUM;9989;14;9987;13;;;10005;13;10008;12;;;9997.0;0.0
6;6100;INTARIAN_PEPPER_ROOT;18999;24;18998;8;;;19014;8;19015;11;;;19007.0;0.0
6;6200;ASH_COATED_OSMIUM;9993;11;9991;11;;;10011;13;10012;12;;;10002.5;0.0
6;6200;INTARIAN_PEPPER_ROOT;18997;12;;;;;19010;8;;;;;19004.0;0.0
6;6300;ASH_COATED_OSMIUM;9989;15;9988;15;;;10005;13;10007;15;;;9997.5;0.0
6;6300;INTARIAN_PEPPER_ROOT;19002;9;18999;8;;;19015;24;19017;12;;;19008.5;0.0
6;6400;ASH_COATED_OSMIUM;9995;10;9993;13;9991;22;10011;15;10013;14;10015;27;10003.0;0.0
6;6400;INTARIAN_PEPPER_ROOT;18998;10;18995;10;;;19012;10;19014;9;;;19005.0;0.0
6;6500;ASH_COATED_OSMIUM;9989;13;;;;;10005;11;;;;;9997.5;0.0
6;6500;INTARIAN_PEPPER_ROOT;18999;10;;;;;19012;10;;;;;19006.0;0.0
6;6600;ASH_COATED_OSMIUM;9994;12;;;;;10010;15;;;;;10002.5;0.0
6;6600;INTARIAN_PEPPER_ROOT;18999;25;;;;;19011;9;;;;;19005.5;0.0
6;6700;ASH_COATED_OSMIUM;9989;14;9986;25;;;10005;14;10006;15;;;9997.5;0.0
6;6700;INTARIAN_PEPPER_ROOT;19002;10;19000;15;;;19014;12;19016;25;;;19008.0;0.0
6;6800;ASH_COATED_OSMIUM;9995;12;9993;11;9992;12;10011;13;10012;12;10014;27;10003.0;0.0
6;6800;INTARIAN_PEPPER_ROOT;18999;11;;;;;19013;11;;;;;19006.0;0.0
6;6900;ASH_COATED_OSMIUM;9987;29;;;;;10008;12;;;;;9997.5;0.0
6;6900;INTARIAN_PEPPER_ROOT;19005;9;;;;;19018;10;;;;;19011.5;0.0
6;7000;ASH_COATED_OSMIUM;9989;21;9988;14;;;10005;24;10006;24;;;9997.0;0.0
6;7000;INTARIAN_PEPPER_ROOT;18997;12;18995;8;18992;11;19011;10;19012;10;19013;12;19004.0;0.0
6;7100;ASH_COATED_OSMIUM;9995;29;9994;4;9992;12;10011;13;10013;10;10014;12;10003.0;0.0
6;7100;INTARIAN_PEPPER_ROOT;19001;10;;;;;19012;9;;;;;19007.0;0.0
6;7200;ASH_COATED_OSMIUM;9990;13;9987;14;9986;12;10006;3;10009;23;10010;15;9998.0;0.0
6;7200;INTARIAN_PEPPER_ROOT;19000;11;18997;12;;;19012;11;19014;18;;;19006.0;0.0
6;7300;ASH_COATED_OSMIUM;9998;15;9997;13;;;10008;10;10010;28;;;10003.5;0.0
6;7300;INTARIAN_PEPPER_ROOT;18999;17;;;;;19013;8;;;;;19006.5;0.0
6;7400;ASH_COATED_OSMIUM;9990;13;;;;;10006;11;;;;;9998.5;0.0
6;7400;INTARIAN_PEPPER_ROOT;19000;10;18998;20;;;19013;19;19014;12;;;19006.5;0.0
6;7500;ASH_COATED_OSMIUM;9990;13;9988;14;9987;10;10006;13;10007;10;10009;15;9998.5;0.0
6;7500;INTARIAN_PEPPER_ROOT;19001;10;;;;;19014;12;;;;;19008.0;0.0
6;7600;ASH_COATED_OSMIUM;9996;11;9994;10;;;10012;15;10015;12;;;10004.5;0.0
6;7600;INTARIAN_PEPPER_ROOT;19002;8;18999;4;;;19012;20;19015;12;;;19007.5;0.0
6;7700;ASH_COATED_OSMIUM;9991;12;9988;14;;;10007;13;10009;10;;;9999.0;0.0
6;7700;INTARIAN_PEPPER_ROOT;19000;5;18998;8;18997;8;19013;9;19016;12;19018;11;19007.0;0.0
6;7800;ASH_COATED_OSMIUM;9996;10;9993;15;9992;13;10012;3;10015;12;10016;12;10004.0;0.0
6;7800;INTARIAN_PEPPER_ROOT;19001;11;;;;;19013;9;;;;;19007.5;0.0
6;7900;ASH_COATED_OSMIUM;9995;11;;;;;10013;12;;;;;10004.5;0.0
6;7900;INTARIAN_PEPPER_ROOT;18999;12;;;;;19013;21;;;;;19006.5;0.0
6;8000;ASH_COATED_OSMIUM;9990;12;9988;12;;;10006;12;10007;13;;;9998.5;0.0
6;8000;INTARIAN_PEPPER_ROOT;19000;8;18997;12;18995;11;19014;17;19015;10;19016;9;19007.5;0.0
6;8100;ASH_COATED_OSMIUM;9995;15;;;;;10011;14;;;;;10003.5;0.0
6;8100;INTARIAN_PEPPER_ROOT;19011;10;19010;12;19008;10;19025;8;19027;22;19030;23;19018.0;0.0
6;8200;ASH_COATED_OSMIUM;9990;10;9988;30;;;10006;13;10008;23;;;9998.0;0.0
6;8200;INTARIAN_PEPPER_ROOT;19000;8;18997;11;;;19017;11;19018;12;;;19009.0;0.0
6;8300;ASH_COATED_OSMIUM;9994;10;9991;15;9988;14;10010;10;10012;10;10013;14;10002.5;0.0
6;8300;INTARIAN_PEPPER_ROOT;19004;12;19003;10;;;19017;10;19019;8;;;19010.5;0.0
6;8400;ASH_COATED_OSMIUM;9989;10;;;;;10005;26;;;;;9997.5;0.0
6;8400;INTARIAN_PEPPER_ROOT;19003;11;;;;;19015;15;;;;;19009.0;0.0
6;8500;ASH_COATED_OSMIUM;9994;29;9992;11;9990;15;10010;5;10013;12;10016;27;10002.0;0.0
6;8500;INTARIAN_PEPPER_ROOT;19000;9;18999;12;18996;9;19012;12;19015;16;19016;12;19006.5;0.0
6;8600;ASH_COATED_OSMIUM;9994;10;;;;;10010;11;;;;;10002.0;0.0
6;8600;INTARIAN_PEPPER_ROOT;19003;8;19002;11;;;19015;10;19018;9;;;19009.0;0.0
6;8700;ASH_COATED_OSMIUM;9989;14;;;;;10005;12;;;;;9997.0;0.0
6;8700;INTARIAN_PEPPER_ROOT;19005;11;;;;;19017;8;;;;;19011.0;0.0
6;8800;ASH_COATED_OSMIUM;9994;10;9991;11;9990;10;10010;12;10013;15;10015;10;10002.0;0.0
6;8800;INTARIAN_PEPPER_ROOT;19001;10;;;;;19012;11;;;;;19007.0;0.0
6;8900;ASH_COATED_OSMIUM;9994;12;9993;11;9991;26;10010;15;10012;13;10013;12;10002.0;0.0
6;8900;INTARIAN_PEPPER_ROOT;19001;11;19000;8;;;19013;9;19015;12;;;19007.0;0.0
6;9000;ASH_COATED_OSMIUM;9990;11;;;;;10006;15;;;;;9998.0;0.0
6;9000;INTARIAN_PEPPER_ROOT;19005;8;19003;11;;;19015;9;19018;8;;;19010.0;0.0
6;9100;ASH_COATED_OSMIUM;9995;29;9993;10;;;10011;12;10014;11;;;10003.0;0.0
6;9100;INTARIAN_PEPPER_ROOT;19003;11;19002;10;;;19017;8;19020;12;;;19010.5;0.0
6;9200;ASH_COATED_OSMIUM;9995;11;9992;21;;;10011;14;10013;10;;;10003.0;0.0
6;9200;INTARIAN_PEPPER_ROOT;19003;20;19001;10;;;19015;22;19016;8;;;19009.5;0.0
6;9300;ASH_COATED_OSMIUM;9995;14;9993;10;9991;26;10011;15;10013;14;10016;13;10003.5;0.0
6;9300;INTARIAN_PEPPER_ROOT;18999;10;18996;10;18995;9;19015;12;19018;11;19019;12;19007.5;0.0
6;9400;ASH_COATED_OSMIUM;9990;14;;;;;10006;2;;;;;9998.0;0.0
6;9400;INTARIAN_PEPPER_ROOT;19003;9;19002;8;;;19014;23;19017;8;;;19008.5;0.0
6;9500;ASH_COATED_OSMIUM;9995;22;;;;;10011;10;;;;;10003.0;0.0
6;9500;INTARIAN_PEPPER_ROOT;19001;8;;;;;19015;11;;;;;19008.5;0.0
6;9600;ASH_COATED_OSMIUM;9990;13;;;;;10006;11;;;;;9998.0;0.0
6;9600;INTARIAN_PEPPER_ROOT;18999;17;18997;9;18996;8;19016;10;19019;19;19021;12;19007.5;0.0
6;9700;ASH_COATED_OSMIUM;9995;14;;;;;10011;10;;;;;10003.5;0.0
6;9700;INTARIAN_PEPPER_ROOT;19004;23;19003;12;19002;15;19017;18;19020;9;19021;24;19011.0;0.0
6;9800;ASH_COATED_OSMIUM;9989;15;9987;14;;;10005;22;10006;11;;;9997.0;0.0
6;9800;INTARIAN_PEPPER_ROOT;19003;12;19000;9;;;19020;12;19022;9;;;19012.0;0.0
6;9900;ASH_COATED_OSMIUM;9994;30;9993;30;9992;12;10010;24;10013;15;10015;15;10002.0;0.0
6;9900;INTARIAN_PEPPER_ROOT;18997;9;18995;10;18994;15;19013;9;19014;11;19015;9;19005.5;0.0
6;10000;ASH_COATED_OSMIUM;9989;15;;;;;10005;10;;;;;9997.0;0.0
6;10000;INTARIAN_PEPPER_ROOT;19005;10;19004;9;;;19019;9;19020;9;;;19012.0;0.0
6;10100;ASH_COATED_OSMIUM;9989;11;9986;15;9985;15;10005;29;10007;14;10008;29;9997.0;0.0
6;10100;INTARIAN_PEPPER_ROOT;19002;9;19000;25;;;19015;25;19018;10;;;19009.0;0.0
6;10200;ASH_COATED_OSMIUM;9994;13;9991;26;;;10010;23;10013;11;;;10002.0;0.0
6;10200;INTARIAN_PEPPER_ROOT;19003;12;19001;12;;;19015;5;19018;23;;;19009.5;0.0
6;10300;ASH_COATED_OSMIUM;9994;12;9991;14;;;10010;14;10013;12;;;10002.0;0.0
6;10300;INTARIAN_PEPPER_ROOT;19006;11;19003;12;;;19018;9;19020;9;;;19012.0;0.0
6;10400;ASH_COATED_OSMIUM;9994;2;9993;29;9990;14;10010;10;10012;12;10013;11;10002.0;0.0
6;10400;INTARIAN_PEPPER_ROOT;19002;9;19000;8;18997;11;19019;8;19020;15;19022;12;19011.0;0.0
6;10500;ASH_COATED_OSMIUM;9988;12;;;;;10004;10;;;;;9996.5;0.0
6;10500;INTARIAN_PEPPER_ROOT;19002;24;19001;11;18998;12;19015;10;19016;8;19019;17;19008.5;0.0
6;10600;ASH_COATED_OSMIUM;9989;8;;;;;10005;29;;;;;9997.0;0.0
6;10600;INTARIAN_PEPPER_ROOT;19006;12;19005;8;;;19020;11;19022;12;;;19013.0;0.0
6;10700;ASH_COATED_OSMIUM;9988;10;;;;;10004;13;;;;;9996.5;0.0
6;10700;INTARIAN_PEPPER_ROOT;19004;10;19003;5;19002;9;19018;15;19020;11;19021;8;19011.5;0.0
6;10800;ASH_COATED_OSMIUM;9994;2;9992;10;;;10010;12;10013;28;;;10002.0;0.0
6;10800;INTARIAN_PEPPER_ROOT;19006;8;19003;6;;;19017;10;19018;11;;;19011.5;0.0
6;10900;ASH_COATED_OSMIUM;9999;15;;;;;10004;15;;;;;10002.0;0.0
6;10900;INTARIAN_PEPPER_ROOT;19003;12;19000;24;;;19020;10;19022;8;;;19012.0;0.0
6;11000;ASH_COATED_OSMIUM;9988;21;9986;12;;;10004;15;10006;11;;;9996.5;0.0
6;11000;INTARIAN_PEPPER_ROOT;19004;18;;;;;19017;12;;;;;19011.0;0.0
6;11100;ASH_COATED_OSMIUM;9988;11;;;;;10004;13;;;;;9996.5;0.0
6;11100;INTARIAN_PEPPER_ROOT;19003;25;;;;;19019;11;;;;;19011.0;0.0
6;11200;ASH_COATED_OSMIUM;9997;29;9994;20;9993;28;10007;15;10010;27;10011;14;10002.0;0.0
6;11200;INTARIAN_PEPPER_ROOT;19005;9;19004;21;;;19019;12;19022;9;;;19012.0;0.0
6;11300;ASH_COATED_OSMIUM;9993;15;9991;12;9989;13;10012;10;10014;12;10017;14;10002.5;0.0
6;11300;INTARIAN_PEPPER_ROOT;19004;23;19002;6;;;19016;12;19017;10;;;19010.5;0.0
6;11400;ASH_COATED_OSMIUM;9988;26;9987;21;9986;15;10004;13;10005;11;10007;20;9996.5;0.0
6;11400;INTARIAN_PEPPER_ROOT;19003;12;19001;10;18998;9;19021;12;19023;9;19026;8;19012.5;0.0
6;11500;ASH_COATED_OSMIUM;9993;2;9992;27;;;10009;12;10011;13;;;10001.5;0.0
6;11500;INTARIAN_PEPPER_ROOT;19006;11;;;;;19021;10;;;;;19013.5;0.0
6;11600;ASH_COATED_OSMIUM;9987;30;9985;10;;;10003;11;10006;14;;;9995.5;0.0
6;11600;INTARIAN_PEPPER_ROOT;19002;8;;;;;19014;23;;;;;19008.0;0.0
6;11700;ASH_COATED_OSMIUM;9988;15;9987;14;;;10004;13;10006;14;;;9996.5;0.0
6;11700;INTARIAN_PEPPER_ROOT;19006;8;19004;12;19002;8;19018;10;19020;11;19021;11;19012.5;0.0
6;11800;ASH_COATED_OSMIUM;9993;4;;;;;10009;10;;;;;10001.5;0.0
6;11800;INTARIAN_PEPPER_ROOT;19009;8;19008;8;;;19011;11;19013;3;;;19010.5;0.0
6;11900;ASH_COATED_OSMIUM;9989;11;9986;11;;;10005;13;10006;10;;;9997.0;0.0
6;11900;INTARIAN_PEPPER_ROOT;19003;10;19000;12;;;19020;11;19022;18;;;19012.0;0.0
6;12000;ASH_COATED_OSMIUM;9986;12;9985;22;;;10005;11;10007;12;;;9996.0;0.0
6;12000;INTARIAN_PEPPER_ROOT;19017;11;;;;;19029;12;;;;;19023.5;0.0
6;12100;ASH_COATED_OSMIUM;9988;10;9987;29;9984;14;10004;12;10006;10;10008;23;9996.5;0.0
6;12100;INTARIAN_PEPPER_ROOT;19005;10;;;;;19017;8;;;;;19011.5;0.0
6;12200;ASH_COATED_OSMIUM;9993;10;9992;12;;;10009;15;10012;13;;;10001.5;0.0
6;12200;INTARIAN_PEPPER_ROOT;19006;9;;;;;19020;11;;;;;19013.5;0.0
6;12300;ASH_COATED_OSMIUM;9993;29;9991;13;9990;15;10009;10;10012;12;10014;12;10001.5;0.0
6;12300;INTARIAN_PEPPER_ROOT;19005;8;19004;19;19002;8;19018;19;19020;10;19023;9;19012.0;0.0
6;12400;ASH_COATED_OSMIUM;9993;10;;;;;10009;11;;;;;10001.5;0.0
6;12400;INTARIAN_PEPPER_ROOT;19003;20;19001;11;;;19017;11;19018;11;;;19010.0;0.0
6;12500;ASH_COATED_OSMIUM;9987;20;9984;13;;;10006;15;10007;12;;;9996.5;0.0
6;12500;INTARIAN_PEPPER_ROOT;19013;10;19012;11;;;19026;9;19029;19;;;19020.0;0.0
6;12600;ASH_COATED_OSMIUM;9989;11;9986;10;;;10005;5;10006;11;;;9997.0;0.0
6;12600;INTARIAN_PEPPER_ROOT;19004;11;;;;;19017;12;;;;;19010.5;0.0
6;12700;ASH_COATED_OSMIUM;9994;12;9991;24;;;10010;3;10013;25;;;10002.5;0.0
6;12700;INTARIAN_PEPPER_ROOT;19008;10;;;;;19017;10;;;;;19013.0;0.0
6;12800;ASH_COATED_OSMIUM;9988;13;9986;10;;;10006;15;10009;25;;;9997.5;0.0
6;12800;INTARIAN_PEPPER_ROOT;19004;9;19003;12;;;19017;8;19020;11;;;19010.5;0.0
6;12900;ASH_COATED_OSMIUM;9989;11;9987;13;9986;14;10005;13;10008;5;10011;14;9997.5;0.0
6;12900;INTARIAN_PEPPER_ROOT;19004;17;19003;20;19002;11;19023;11;19024;8;19026;12;19013.5;0.0
6;13000;ASH_COATED_OSMIUM;9992;29;9990;13;;;10002;10;10003;10;;;9997.0;0.0
6;13000;INTARIAN_PEPPER_ROOT;19006;10;;;;;19018;11;;;;;19012.5;0.0
6;13100;ASH_COATED_OSMIUM;9994;13;9993;12;9990;24;10010;15;10013;15;10015;10;10002.5;0.0
6;13100;INTARIAN_PEPPER_ROOT;19008;11;19007;11;19004;9;19020;11;19021;9;19024;8;19014.5;0.0
6;13200;ASH_COATED_OSMIUM;9990;10;9988;10;9985;13;10005;11;10008;12;10009;4;9997.5;0.0
6;13200;INTARIAN_PEPPER_ROOT;19011;10;19010;25;19008;12;19013;12;19015;12;19017;11;19012.5;0.0
6;13300;ASH_COATED_OSMIUM;9994;11;9993;24;;;10010;12;10011;14;;;10002.5;0.0
6;13300;INTARIAN_PEPPER_ROOT;19007;9;19004;5;;;19021;10;19023;11;;;19014.5;0.0
6;13400;ASH_COATED_OSMIUM;9988;5;9985;10;;;10007;10;10008;11;;;9997.5;0.0
6;13400;INTARIAN_PEPPER_ROOT;18999;8;18997;25;;;19018;8;19020;21;;;19008.5;0.0
6;13500;ASH_COATED_OSMIUM;9989;4;9986;15;;;10005;12;10008;13;;;9997.0;0.0
6;13500;INTARIAN_PEPPER_ROOT;19006;25;19003;10;;;19020;11;19023;9;;;19013.5;0.0
6;13600;ASH_COATED_OSMIUM;9991;10;9990;10;;;10001;10;10002;14;;;9996.5;0.0
6;13600;INTARIAN_PEPPER_ROOT;19003;9;19002;8;19000;11;19019;9;19021;17;19023;19;19011.5;0.0
6;13700;ASH_COATED_OSMIUM;9989;28;9987;11;;;10005;11;10007;11;;;9997.0;0.0
6;13700;INTARIAN_PEPPER_ROOT;19005;11;19004;17;19002;9;19017;21;19018;12;19019;24;19011.0;0.0
6;13800;ASH_COATED_OSMIUM;9989;15;9987;10;;;10005;13;10006;12;;;9997.5;0.0
6;13800;INTARIAN_PEPPER_ROOT;19012;9;19011;10;;;19025;8;19026;17;;;19019.0;0.0
6;13900;ASH_COATED_OSMIUM;9994;3;;;;;10010;29;;;;;10002.5;0.0
6;13900;INTARIAN_PEPPER_ROOT;19003;10;19000;11;;;19017;20;19020;8;;;19010.5;0.0
6;14000;ASH_COATED_OSMIUM;9988;13;9986;15;9985;11;10007;3;10009;12;10010;13;9998.0;0.0
6;14000;INTARIAN_PEPPER_ROOT;19010;8;19007;17;;;19026;10;19027;19;;;19018.5;0.0
6;14100;ASH_COATED_OSMIUM;9990;11;9987;14;;;10006;13;10009;14;;;9998.0;0.0
6;14100;INTARIAN_PEPPER_ROOT;19003;11;19000;12;;;19019;9;19021;11;;;19011.5;0.0
6;14200;ASH_COATED_OSMIUM;9989;10;9986;13;;;10005;11;10007;14;;;9997.5;0.0
6;14200;INTARIAN_PEPPER_ROOT;19014;8;19012;10;;;19018;11;19019;10;;;19016.0;0.0
6;14300;ASH_COATED_OSMIUM;9993;13;9992;20;;;10012;24;10013;15;;;10003.0;0.0
6;14300;INTARIAN_PEPPER_ROOT;19007;11;19004;12;19002;15;19019;8;19022;11;19023;11;19013.5;0.0
6;14400;ASH_COATED_OSMIUM;9989;14;9988;12;;;10005;12;10006;15;;;9997.5;0.0
6;14400;INTARIAN_PEPPER_ROOT;19004;10;19003;12;19001;8;19021;11;19023;12;19026;9;19012.5;0.0
6;14500;ASH_COATED_OSMIUM;9992;14;9989;11;9987;14;10013;15;10014;13;10016;10;10002.5;0.0
6;14500;INTARIAN_PEPPER_ROOT;19007;9;19005;18;;;19020;9;19022;12;;;19013.5;0.0
6;14600;ASH_COATED_OSMIUM;9989;15;9988;12;;;10005;10;10007;11;;;9997.0;0.0
6;14600;INTARIAN_PEPPER_ROOT;19009;9;;;;;19022;8;;;;;19015.5;0.0
6;14700;ASH_COATED_OSMIUM;9989;4;9988;25;9987;11;10005;11;10007;15;10009;10;9997.5;0.0
6;14700;INTARIAN_PEPPER_ROOT;19007;9;19004;9;;;19021;11;19022;8;;;19014.0;0.0
6;14800;ASH_COATED_OSMIUM;9995;10;9993;12;;;10011;11;10014;13;;;10003.5;0.0
6;14800;INTARIAN_PEPPER_ROOT;19009;9;19006;10;19005;9;19021;11;19022;7;19023;9;19015.5;0.0
6;14900;ASH_COATED_OSMIUM;9990;15;;;;;10006;15;;;;;9998.5;0.0
6;14900;INTARIAN_PEPPER_ROOT;19000;9;;;;;19017;11;;;;;19009.0;0.0
6;15000;ASH_COATED_OSMIUM;10000;14;9997;20;9995;15;10010;11;10012;14;10013;11;10005.0;0.0
6;15000;INTARIAN_PEPPER_ROOT;19008;8;19006;22;19005;11;19021;10;19022;12;19023;21;19014.5;0.0
6;15100;ASH_COATED_OSMIUM;9995;10;;;;;10014;5;;;;;10005.0;0.0
6;15100;INTARIAN_PEPPER_ROOT;19011;9;;;;;19023;10;;;;;19017.0;0.0
6;15200;ASH_COATED_OSMIUM;9997;12;9996;11;;;10013;11;10014;12;;;10005.0;0.0
6;15200;INTARIAN_PEPPER_ROOT;19008;10;19007;10;;;19021;9;19022;12;;;19014.5;0.0
6;15300;ASH_COATED_OSMIUM;9992;10;9990;13;;;10008;11;10011;13;;;10000.5;0.0
6;15300;INTARIAN_PEPPER_ROOT;19013;10;19011;8;;;19025;9;19028;8;;;19019.0;0.0
6;15400;ASH_COATED_OSMIUM;9992;29;9991;15;;;10008;10;10011;26;;;10000.5;0.0
6;15400;INTARIAN_PEPPER_ROOT;19010;12;;;;;19023;8;;;;;19016.5;0.0
6;15500;ASH_COATED_OSMIUM;9997;23;;;;;10013;5;;;;;10005.5;0.0
6;15500;INTARIAN_PEPPER_ROOT;19015;12;19012;10;;;19018;11;19019;10;;;19016.5;0.0
6;15600;ASH_COATED_OSMIUM;9993;13;;;;;10009;23;;;;;10001.0;0.0
6;15600;INTARIAN_PEPPER_ROOT;19013;20;;;;;19024;17;;;;;19018.5;0.0
6;15700;ASH_COATED_OSMIUM;9993;13;9990;11;;;10009;7;10011;20;;;10001.0;0.0
6;15700;INTARIAN_PEPPER_ROOT;19007;12;19006;9;;;19024;12;19025;9;;;19015.5;0.0
6;15800;ASH_COATED_OSMIUM;10001;15;9999;26;9996;27;10011;12;10014;22;10016;15;10006.0;0.0
6;15800;INTARIAN_PEPPER_ROOT;19009;11;19008;10;19005;12;19023;12;19024;12;19027;12;19016.5;0.0
6;15900;ASH_COATED_OSMIUM;9992;14;9989;11;;;10008;14;10010;14;;;10000.5;0.0
6;15900;INTARIAN_PEPPER_ROOT;19011;8;;;;;19022;8;;;;;19017.0;0.0
6;16000;ASH_COATED_OSMIUM;9993;22;9991;24;;;10009;11;10011;11;;;10001.0;0.0
6;16000;INTARIAN_PEPPER_ROOT;19011;25;19009;12;19007;10;19024;11;19026;12;19027;9;19018.0;0.0
6;16100;ASH_COATED_OSMIUM;9991;12;9990;3;;;10010;26;10012;15;;;10001.0;0.0
6;16100;INTARIAN_PEPPER_ROOT;19008;12;;;;;19025;11;;;;;19017.0;0.0
6;16200;ASH_COATED_OSMIUM;9996;10;9994;13;9993;10;10006;11;10009;10;10011;14;10001.0;0.0
6;16200;INTARIAN_PEPPER_ROOT;19009;8;;;;;19023;11;;;;;19016.0;0.0
6;16300;ASH_COATED_OSMIUM;9998;10;9997;12;9996;10;10014;29;10016;10;10019;11;10006.5;0.0
6;16300;INTARIAN_PEPPER_ROOT;19011;10;19009;17;;;19025;18;19026;12;;;19018.0;0.0
6;16400;ASH_COATED_OSMIUM;9993;10;9990;11;;;10009;13;10011;29;;;10001.0;0.0
6;16400;INTARIAN_PEPPER_ROOT;19008;12;19006;11;19004;23;19022;12;19023;12;19026;10;19015.0;0.0
6;16500;ASH_COATED_OSMIUM;9993;14;9990;10;9987;11;10009;26;10011;3;10014;10;10001.0;0.0
6;16500;INTARIAN_PEPPER_ROOT;19010;11;;;;;19023;4;;;;;19016.5;0.0
6;16600;ASH_COATED_OSMIUM;9992;12;;;;;10010;11;;;;;10001.0;0.0
6;16600;INTARIAN_PEPPER_ROOT;19014;12;19013;10;;;19026;10;19028;12;;;19020.0;0.0
6;16700;ASH_COATED_OSMIUM;9997;26;9994;26;;;10013;11;10014;23;;;10005.5;0.0
6;16700;INTARIAN_PEPPER_ROOT;19011;8;;;;;19023;9;;;;;19017.5;0.0
6;16800;ASH_COATED_OSMIUM;9992;13;;;;;10008;15;;;;;10000.5;0.0
6;16800;INTARIAN_PEPPER_ROOT;19010;12;19007;11;;;19023;10;19025;8;;;19017.0;0.0
6;16900;ASH_COATED_OSMIUM;9996;15;9995;20;;;10015;10;10017;10;;;10005.5;0.0
6;16900;INTARIAN_PEPPER_ROOT;19010;11;19008;9;19007;9;19023;20;19024;10;19027;11;19016.5;0.0
6;17000;ASH_COATED_OSMIUM;9991;25;9988;12;9985;12;10009;15;10011;13;10014;27;10000.0;0.0
6;17000;INTARIAN_PEPPER_ROOT;19006;8;19003;16;;;19018;10;19019;8;;;19012.5;0.0
6;17100;ASH_COATED_OSMIUM;9997;27;9996;14;9993;15;10013;23;10014;12;10015;11;10005.5;0.0
6;17100;INTARIAN_PEPPER_ROOT;19014;11;19011;15;;;19025;9;19026;12;;;19019.5;0.0
6;17200;ASH_COATED_OSMIUM;9995;10;9992;12;;;10006;15;10009;15;;;10000.5;0.0
6;17200;INTARIAN_PEPPER_ROOT;19012;9;19009;9;;;19024;10;19025;9;;;19018.0;0.0
6;17300;ASH_COATED_OSMIUM;9992;22;9990;10;;;10008;22;10009;12;;;10000.5;0.0
6;17300;INTARIAN_PEPPER_ROOT;19012;12;19011;21;;;19027;22;19029;15;;;19019.5;0.0
6;17400;ASH_COATED_OSMIUM;9991;14;;;;;10009;23;;;;;10000.0;0.0
6;17400;INTARIAN_PEPPER_ROOT;19011;10;19010;9;19007;5;19024;10;19025;12;19028;9;19018.0;0.0
6;17500;ASH_COATED_OSMIUM;10000;11;;;;;10010;13;;;;;10005.0;0.0
6;17500;INTARIAN_PEPPER_ROOT;19010;10;19007;11;;;19022;8;19024;10;;;19016.5;0.0
6;17600;ASH_COATED_OSMIUM;9991;14;;;;;10009;11;;;;;10000.5;0.0
6;17600;INTARIAN_PEPPER_ROOT;19011;12;19010;11;;;19025;21;19026;10;;;19018.5;0.0
6;17700;ASH_COATED_OSMIUM;9995;15;;;;;10005;11;;;;;10000.5;0.0
6;17700;INTARIAN_PEPPER_ROOT;19011;10;19008;8;;;19024;8;19025;8;;;19017.5;0.0
6;17800;ASH_COATED_OSMIUM;9997;10;9996;15;9995;14;10015;10;10017;3;10018;10;10006.0;0.0
6;17800;INTARIAN_PEPPER_ROOT;19012;8;19010;8;;;19026;9;19029;11;;;19019.5;0.0
6;17900;ASH_COATED_OSMIUM;9993;10;;;;;10009;13;;;;;10001.5;0.0
6;17900;INTARIAN_PEPPER_ROOT;19012;12;;;;;19025;10;;;;;19018.5;0.0
6;18000;ASH_COATED_OSMIUM;9993;14;9990;15;;;10009;4;10012;12;;;10001.0;0.0
6;18000;INTARIAN_PEPPER_ROOT;19009;12;19006;23;;;19023;11;19024;9;;;19016.0;0.0
6;18100;ASH_COATED_OSMIUM;9991;24;9989;12;;;10010;14;10011;20;;;10001.0;0.0
6;18100;INTARIAN_PEPPER_ROOT;19012;8;;;;;19028;9;;;;;19020.0;0.0
6;18200;ASH_COATED_OSMIUM;9998;12;;;;;10014;10;;;;;10006.5;0.0
6;18200;INTARIAN_PEPPER_ROOT;19010;10;;;;;19029;11;;;;;19019.5;0.0
6;18300;ASH_COATED_OSMIUM;9996;20;9995;14;;;10006;15;10007;12;;;10001.5;0.0
6;18300;INTARIAN_PEPPER_ROOT;19007;9;19006;15;19005;11;19024;9;19025;4;19028;12;19016.0;0.0
6;18400;ASH_COATED_OSMIUM;9994;14;;;;;10010;13;;;;;10002.0;0.0
6;18400;INTARIAN_PEPPER_ROOT;19009;9;;;;;19025;24;;;;;19017.0;0.0
6;18500;ASH_COATED_OSMIUM;9993;13;;;;;10009;26;;;;;10001.0;0.0
6;18500;INTARIAN_PEPPER_ROOT;19006;12;19005;18;;;19022;9;19023;12;;;19014.5;0.0
6;18600;ASH_COATED_OSMIUM;9993;13;9991;10;;;10009;12;10011;29;;;10001.0;0.0
6;18600;INTARIAN_PEPPER_ROOT;19010;10;19009;22;19007;17;19024;10;19026;12;19027;11;19017.5;0.0
6;18700;ASH_COATED_OSMIUM;9993;12;;;;;10009;29;;;;;10001.0;0.0
6;18700;INTARIAN_PEPPER_ROOT;19006;10;19005;17;;;19022;11;19024;11;;;19014.5;0.0
6;18800;ASH_COATED_OSMIUM;9992;12;;;;;10011;20;;;;;10001.5;0.0
6;18800;INTARIAN_PEPPER_ROOT;19014;8;19011;12;19010;8;19025;11;19027;11;19030;12;19019.5;0.0
6;18900;ASH_COATED_OSMIUM;9993;11;;;;;10009;15;;;;;10001.5;0.0
6;18900;INTARIAN_PEPPER_ROOT;19012;9;19009;9;19006;10;19024;8;19025;10;19028;11;19018.0;0.0
6;19000;ASH_COATED_OSMIUM;9995;15;9993;12;;;10016;10;10018;10;;;10006.0;0.0
6;19000;INTARIAN_PEPPER_ROOT;19009;9;19008;10;;;19026;11;19028;9;;;19018.0;0.0
6;19100;ASH_COATED_OSMIUM;9993;11;9990;11;;;10009;27;10011;14;;;10001.0;0.0
6;19100;INTARIAN_PEPPER_ROOT;19015;16;;;;;19028;10;;;;;19022.0;0.0
6;19200;ASH_COATED_OSMIUM;9998;13;9995;2;9994;13;10014;10;10017;15;10019;11;10006.5;0.0
6;19200;INTARIAN_PEPPER_ROOT;19016;12;;;;;19029;8;;;;;19023.0;0.0
6;19300;ASH_COATED_OSMIUM;9993;10;9992;12;;;10009;12;10011;15;;;10001.5;0.0
6;19300;INTARIAN_PEPPER_ROOT;19013;10;19010;8;;;19026;12;19027;10;;;19020.0;0.0
6;19400;ASH_COATED_OSMIUM;9998;13;9997;30;;;10014;10;10016;21;;;10006.0;0.0
6;19400;INTARIAN_PEPPER_ROOT;19010;8;19009;3;19006;9;19022;9;19025;24;19027;8;19016.0;0.0
6;19500;ASH_COATED_OSMIUM;9998;15;9997;14;9996;12;10014;15;10017;8;10019;11;10006.0;0.0
6;19500;INTARIAN_PEPPER_ROOT;19009;25;;;;;19023;9;;;;;19016.5;0.0
6;19600;ASH_COATED_OSMIUM;9999;13;9996;10;9994;15;10015;15;10018;26;10021;2;10007.5;0.0
6;19600;INTARIAN_PEPPER_ROOT;19012;9;19009;22;;;19025;11;19027;11;;;19019.0;0.0
6;19700;ASH_COATED_OSMIUM;9999;11;;;;;10015;14;;;;;10007.5;0.0
6;19700;INTARIAN_PEPPER_ROOT;19012;12;19011;10;19010;9;19028;8;19031;18;19033;9;19020.0;0.0
6;19800;ASH_COATED_OSMIUM;9999;11;9996;23;9993;15;10015;27;10018;10;10019;24;10007.0;0.0
6;19800;INTARIAN_PEPPER_ROOT;19014;9;19013;12;;;19026;8;19029;20;;;19020.0;0.0
6;19900;ASH_COATED_OSMIUM;9999;26;9998;28;;;10015;15;10018;15;;;10007.0;0.0
6;19900;INTARIAN_PEPPER_ROOT;19016;9;19014;8;19011;10;19032;12;19033;12;19034;12;19024.5;0.0
6;20000;ASH_COATED_OSMIUM;9997;14;;;;;10016;11;;;;;10007.0;0.0
6;20000;INTARIAN_PEPPER_ROOT;19019;8;;;;;19030;20;;;;;19024.5;0.0
6;20100;ASH_COATED_OSMIUM;9997;12;9995;25;;;10015;12;10017;12;;;10006.5;0.0
6;20100;INTARIAN_PEPPER_ROOT;19014;11;;;;;19026;8;;;;;19020.0;0.0
6;20200;ASH_COATED_OSMIUM;9996;14;9993;14;9990;11;10006;15;10009;13;10010;12;10001.5;0.0
6;20200;INTARIAN_PEPPER_ROOT;19009;8;19008;9;;;19022;12;19023;8;;;19016.0;0.0
6;20300;ASH_COATED_OSMIUM;9997;11;;;;;10016;11;;;;;10006.5;0.0
6;20300;INTARIAN_PEPPER_ROOT;19016;11;19014;11;19011;11;19030;18;19031;9;19033;16;19023.5;0.0
6;20400;ASH_COATED_OSMIUM;9992;15;9991;11;9989;10;10010;11;10011;10;10014;13;10001.5;0.0
6;20400;INTARIAN_PEPPER_ROOT;19016;11;;;;;19027;15;;;;;19021.5;0.0
6;20500;ASH_COATED_OSMIUM;9998;10;9995;11;;;10014;10;10015;14;;;10006.5;0.0
6;20500;INTARIAN_PEPPER_ROOT;19009;12;19008;11;;;19028;9;19031;12;;;19018.5;0.0
6;20600;ASH_COATED_OSMIUM;9994;15;;;;;10010;13;;;;;10002.0;0.0
6;20600;INTARIAN_PEPPER_ROOT;19015;10;19013;10;19010;10;19027;12;19028;7;19029;11;19021.5;0.0
6;20700;ASH_COATED_OSMIUM;9996;13;9994;13;;;10007;15;10010;11;;;10002.0;0.0
6;20700;INTARIAN_PEPPER_ROOT;19014;9;19012;15;19011;9;19027;8;19029;11;19031;10;19021.0;0.0
6;20800;ASH_COATED_OSMIUM;9999;12;9998;15;;;10015;23;10018;25;;;10007.5;0.0
6;20800;INTARIAN_PEPPER_ROOT;19013;10;19012;10;;;19026;24;19028;11;;;19020.0;0.0
6;20900;ASH_COATED_OSMIUM;9994;27;;;;;10010;10;;;;;10002.5;0.0
6;20900;INTARIAN_PEPPER_ROOT;19015;10;19012;11;;;19027;9;19028;12;;;19021.0;0.0
6;21000;ASH_COATED_OSMIUM;9999;14;9996;26;;;10015;24;10017;13;;;10007.0;0.0
6;21000;INTARIAN_PEPPER_ROOT;19012;12;;;;;19024;8;;;;;19018.5;0.0
6;21100;ASH_COATED_OSMIUM;9994;12;9993;11;;;10010;23;10013;14;;;10002.0;0.0
6;21100;INTARIAN_PEPPER_ROOT;19016;9;;;;;19028;17;;;;;19022.0;0.0
6;21200;ASH_COATED_OSMIUM;10000;25;9998;15;;;10005;15;10008;10;;;10002.5;0.0
6;21200;INTARIAN_PEPPER_ROOT;19019;8;;;;;19031;12;;;;;19025.0;0.0
6;21300;ASH_COATED_OSMIUM;9994;10;9991;11;;;10010;15;10012;12;;;10002.5;0.0
6;21300;INTARIAN_PEPPER_ROOT;19011;8;19008;10;;;19028;9;19030;11;;;19019.5;0.0
6;21400;ASH_COATED_OSMIUM;9999;13;9997;10;9996;15;10015;11;10016;13;10018;9;10007.5;0.0
6;21400;INTARIAN_PEPPER_ROOT;19015;10;19013;8;;;19029;8;19032;8;;;19022.0;0.0
6;21500;ASH_COATED_OSMIUM;9995;25;;;;;10008;28;;;;;10002.0;0.0
6;21500;INTARIAN_PEPPER_ROOT;19016;9;19013;10;19010;9;19027;8;19030;8;19032;12;19021.5;0.0
6;21600;ASH_COATED_OSMIUM;9994;11;9993;13;9991;13;10010;14;10012;14;10015;15;10002.0;0.0
6;21600;INTARIAN_PEPPER_ROOT;19015;12;;;;;19027;8;;;;;19021.5;0.0
6;21700;ASH_COATED_OSMIUM;9999;12;9997;12;;;10015;13;10016;14;;;10007.0;0.0
6;21700;INTARIAN_PEPPER_ROOT;19000;24;18997;22;18996;12;19012;11;19014;11;19017;10;19006.5;0.0
6;21800;ASH_COATED_OSMIUM;9994;10;9993;12;9990;14;10010;15;10012;11;10013;3;10002.0;0.0
6;21800;INTARIAN_PEPPER_ROOT;19026;15;19025;11;;;19038;10;19040;12;;;19032.5;0.0
6;21900;ASH_COATED_OSMIUM;9993;14;9991;10;;;10009;10;10011;27;;;10001.5;0.0
6;21900;INTARIAN_PEPPER_ROOT;19015;9;19014;25;19011;9;19029;12;19031;12;19034;9;19022.5;0.0
6;22000;ASH_COATED_OSMIUM;9996;13;;;;;10008;11;;;;;10002.0;0.0
6;22000;INTARIAN_PEPPER_ROOT;19018;10;19015;17;;;19030;8;19031;12;;;19024.0;0.0
6;22100;ASH_COATED_OSMIUM;9992;11;9991;10;;;10011;11;10012;11;;;10001.5;0.0
6;22100;INTARIAN_PEPPER_ROOT;19014;10;19012;10;19010;11;19031;11;19033;8;19034;9;19022.5;0.0
6;22200;ASH_COATED_OSMIUM;9999;10;;;;;10015;15;;;;;10007.0;0.0
6;22200;INTARIAN_PEPPER_ROOT;19017;8;;;;;19030;9;;;;;19024.0;0.0
6;22300;ASH_COATED_OSMIUM;9998;13;9996;13;9994;10;10016;15;10018;11;10019;15;10007.0;0.0
6;22300;INTARIAN_PEPPER_ROOT;19015;8;19014;9;;;19028;9;19031;17;;;19021.5;0.0
6;22400;ASH_COATED_OSMIUM;9993;15;;;;;10009;14;;;;;10001.5;0.0
6;22400;INTARIAN_PEPPER_ROOT;19014;9;19012;11;;;19027;10;19028;11;;;19020.5;0.0
6;22500;ASH_COATED_OSMIUM;9999;13;9997;12;;;10015;12;10017;13;;;10007.5;0.0
6;22500;INTARIAN_PEPPER_ROOT;19015;10;19013;12;19010;12;19029;18;19032;11;19034;10;19022.5;0.0
6;22600;ASH_COATED_OSMIUM;10002;14;9999;11;;;10012;14;10015;11;;;10007.5;0.0
6;22600;INTARIAN_PEPPER_ROOT;19014;10;;;;;19028;9;;;;;19021.0;0.0
6;22700;ASH_COATED_OSMIUM;9997;11;9996;10;9994;14;10016;30;10019;10;10021;12;10007.0;0.0
6;22700;INTARIAN_PEPPER_ROOT;19018;19;19016;12;;;19031;19;19034;18;;;19024.5;0.0
6;22800;ASH_COATED_OSMIUM;9997;4;9996;15;;;10016;10;10019;14;;;10007.0;0.0
6;22800;INTARIAN_PEPPER_ROOT;19019;11;;;;;19031;11;;;;;19025.0;0.0
6;22900;ASH_COATED_OSMIUM;9998;10;;;;;10017;13;;;;;10007.5;0.0
6;22900;INTARIAN_PEPPER_ROOT;19018;9;19015;9;;;19031;23;19033;11;;;19024.5;0.0
6;23000;ASH_COATED_OSMIUM;9999;13;9997;22;;;10017;13;10018;13;;;10008.0;0.0
6;23000;INTARIAN_PEPPER_ROOT;19018;9;19016;12;;;19029;24;19030;10;;;19023.5;0.0
6;23100;ASH_COATED_OSMIUM;10000;15;9997;13;9996;13;10016;11;10017;13;10018;13;10008.5;0.0
6;23100;INTARIAN_PEPPER_ROOT;19013;10;19012;11;19011;23;19026;7;19029;11;19031;9;19020.0;0.0
6;23200;ASH_COATED_OSMIUM;10000;11;9999;15;9997;2;10018;20;10019;13;10021;12;10009.5;0.0
6;23200;INTARIAN_PEPPER_ROOT;19013;7;;;;;19030;9;;;;;19022.0;0.0
6;23300;ASH_COATED_OSMIUM;10002;2;;;;;10018;14;;;;;10010.0;0.0
6;23300;INTARIAN_PEPPER_ROOT;19014;9;19012;8;19010;8;19027;11;19028;12;19031;11;19020.5;0.0
6;23400;ASH_COATED_OSMIUM;9997;15;9994;15;;;10013;15;10016;12;;;10005.0;0.0
6;23400;INTARIAN_PEPPER_ROOT;19028;11;19025;9;;;19032;12;19033;12;;;19030.0;0.0
6;23500;ASH_COATED_OSMIUM;9997;12;;;;;10013;15;;;;;10005.0;0.0
6;23500;INTARIAN_PEPPER_ROOT;19020;9;19018;9;;;19033;10;19035;11;;;19026.5;0.0
6;23600;ASH_COATED_OSMIUM;9996;13;9995;13;;;10012;30;10013;10;;;10004.0;0.0
6;23600;INTARIAN_PEPPER_ROOT;19016;9;;;;;19033;11;;;;;19024.5;0.0
6;23700;ASH_COATED_OSMIUM;9996;15;9993;11;9991;15;10012;6;10014;12;10015;15;10004.0;0.0
6;23700;INTARIAN_PEPPER_ROOT;19020;8;19018;11;19016;10;19032;8;19035;22;19036;12;19026.0;0.0
6;23800;ASH_COATED_OSMIUM;10001;11;10000;10;;;10017;11;10018;10;;;10009.0;0.0
6;23800;INTARIAN_PEPPER_ROOT;19017;7;19016;8;;;19031;10;19032;12;;;19024.0;0.0
6;23900;ASH_COATED_OSMIUM;9996;26;9995;15;9992;14;10012;12;10015;27;10016;14;10004.0;0.0
6;23900;INTARIAN_PEPPER_ROOT;19017;9;19014;12;;;19030;11;19031;11;;;19023.5;0.0
6;24000;ASH_COATED_OSMIUM;9996;14;9993;15;;;10012;12;10014;4;;;10004.0;0.0
6;24000;INTARIAN_PEPPER_ROOT;19016;11;19014;12;19012;11;19029;11;19032;10;19034;12;19022.5;0.0
6;24100;ASH_COATED_OSMIUM;10001;2;;;;;10020;10;;;;;10010.5;0.0
6;24100;INTARIAN_PEPPER_ROOT;19020;11;;;;;19031;9;;;;;19026.0;0.0
6;24200;ASH_COATED_OSMIUM;10002;11;9999;10;9997;14;10018;12;10019;13;10020;13;10010.5;0.0
6;24200;INTARIAN_PEPPER_ROOT;19019;10;;;;;19030;8;;;;;19024.5;0.0
6;24300;ASH_COATED_OSMIUM;9997;13;;;;;10013;11;;;;;10005.0;0.0
6;24300;INTARIAN_PEPPER_ROOT;19021;12;19020;18;19018;22;19033;12;19034;11;19037;8;19027.5;0.0
6;24400;ASH_COATED_OSMIUM;10003;10;10000;13;9999;11;10019;25;10022;15;10024;14;10011.0;0.0
6;24400;INTARIAN_PEPPER_ROOT;19024;8;;;;;19028;12;;;;;19026.0;0.0
6;24500;ASH_COATED_OSMIUM;9997;15;9995;11;9992;14;10013;6;10015;13;10017;23;10005.0;0.0
6;24500;INTARIAN_PEPPER_ROOT;19014;8;19012;10;;;19025;10;19027;18;;;19020.0;0.0
6;24600;ASH_COATED_OSMIUM;10002;30;10001;11;;;10021;10;10023;10;;;10011.5;0.0
6;24600;INTARIAN_PEPPER_ROOT;19016;9;19015;11;;;19031;8;19034;12;;;19023.5;0.0
6;24700;ASH_COATED_OSMIUM;10001;13;9998;14;;;10020;11;10021;15;;;10011.0;0.0
6;24700;INTARIAN_PEPPER_ROOT;19018;9;19015;12;;;19031;20;19032;12;;;19025.0;0.0
6;24800;ASH_COATED_OSMIUM;10003;15;;;;;10019;14;;;;;10011.0;0.0
6;24800;INTARIAN_PEPPER_ROOT;19022;11;19021;11;19018;8;19034;8;19037;12;19038;12;19028.0;0.0
6;24900;ASH_COATED_OSMIUM;9998;15;9995;12;;;10014;15;10016;13;;;10006.0;0.0
6;24900;INTARIAN_PEPPER_ROOT;19015;10;19012;11;;;19027;11;19028;9;;;19021.5;0.0
6;25000;ASH_COATED_OSMIUM;9996;13;9994;12;9992;13;10015;11;10018;11;10019;13;10006.0;0.0
6;25000;INTARIAN_PEPPER_ROOT;19020;9;19018;10;19016;15;19031;11;19033;11;19036;9;19025.5;0.0
6;25100;ASH_COATED_OSMIUM;10002;24;;;;;10020;15;;;;;10011.0;0.0
6;25100;INTARIAN_PEPPER_ROOT;19022;21;19020;12;;;19033;12;19034;12;;;19027.5;0.0
6;25200;ASH_COATED_OSMIUM;9997;30;9996;13;9993;13;10013;29;10016;13;10018;13;10005.5;0.0
6;25200;INTARIAN_PEPPER_ROOT;19018;10;19015;12;;;19029;9;19031;12;;;19023.5;0.0
6;25300;ASH_COATED_OSMIUM;10003;12;;;;;10019;13;;;;;10011.0;0.0
6;25300;INTARIAN_PEPPER_ROOT;19016;25;19013;11;;;19032;9;19035;10;;;19024.0;0.0
6;25400;ASH_COATED_OSMIUM;10000;15;9998;11;;;10021;15;10023;11;;;10011.0;0.0
6;25400;INTARIAN_PEPPER_ROOT;19021;8;;;;;19032;9;;;;;19027.0;0.0
6;25500;ASH_COATED_OSMIUM;9997;14;9995;14;9993;15;10013;11;10014;13;10015;12;10005.5;0.0
6;25500;INTARIAN_PEPPER_ROOT;19018;11;19016;11;;;19034;12;19037;10;;;19026.0;0.0
6;25600;ASH_COATED_OSMIUM;10003;12;10001;23;10000;11;10019;26;10022;7;10024;11;10011.0;0.0
6;25600;INTARIAN_PEPPER_ROOT;19019;12;19018;20;;;19031;8;19034;12;;;19025.5;0.0
6;25700;ASH_COATED_OSMIUM;9997;14;9995;12;9992;14;10013;14;10016;21;10018;10;10005.5;0.0
6;25700;INTARIAN_PEPPER_ROOT;19018;11;;;;;19030;12;;;;;19024.5;0.0
6;25800;ASH_COATED_OSMIUM;9997;10;9996;12;;;10013;12;10016;14;;;10005.0;0.0
6;25800;INTARIAN_PEPPER_ROOT;19021;10;;;;;19032;16;;;;;19026.5;0.0
6;25900;ASH_COATED_OSMIUM;10002;9;;;;;10018;14;;;;;10010.0;0.0
6;25900;INTARIAN_PEPPER_ROOT;19024;12;19023;12;;;19028;9;19029;11;;;19026.5;0.0
6;26000;ASH_COATED_OSMIUM;9996;15;9993;11;;;10012;11;10013;12;;;10004.5;0.0
6;26000;INTARIAN_PEPPER_ROOT;19018;12;;;;;19031;10;;;;;19024.5;0.0
6;26100;ASH_COATED_OSMIUM;10002;12;9999;10;9996;28;10018;23;10021;14;10022;14;10010.0;0.0
6;26100;INTARIAN_PEPPER_ROOT;19020;10;;;;;19035;10;;;;;19028.0;0.0
6;26200;ASH_COATED_OSMIUM;10001;14;9999;11;;;10017;14;10019;10;;;10009.5;0.0
6;26200;INTARIAN_PEPPER_ROOT;19019;8;;;;;19033;12;;;;;19026.0;0.0
6;26300;ASH_COATED_OSMIUM;9995;14;9993;15;;;10011;11;10014;24;;;10003.5;0.0
6;26300;INTARIAN_PEPPER_ROOT;19017;8;19016;9;;;19029;8;19031;9;;;19023.5;0.0
6;26400;ASH_COATED_OSMIUM;10000;15;9997;5;9994;11;10016;13;10018;5;10021;11;10008.5;0.0
6;26400;INTARIAN_PEPPER_ROOT;19019;25;;;;;19036;10;;;;;19028.0;0.0
6;26500;ASH_COATED_OSMIUM;9995;3;9994;15;9992;10;10011;15;10013;11;10015;13;10003.0;0.0
6;26500;INTARIAN_PEPPER_ROOT;19024;19;19021;9;;;19035;11;19036;8;;;19029.5;0.0
6;26600;ASH_COATED_OSMIUM;9998;10;9996;5;;;10008;13;10010;28;;;10003.5;0.0
6;26600;INTARIAN_PEPPER_ROOT;19022;12;;;;;19028;8;;;;;19025.5;0.0
6;26700;ASH_COATED_OSMIUM;9996;10;9993;11;;;10012;25;10013;11;;;10004.0;0.0
6;26700;INTARIAN_PEPPER_ROOT;19020;12;;;;;19033;20;;;;;19027.0;0.0
6;26800;ASH_COATED_OSMIUM;9998;12;9995;11;;;10009;11;10010;13;;;10004.0;0.0
6;26800;INTARIAN_PEPPER_ROOT;19021;10;;;;;19033;9;;;;;19027.5;0.0
6;26900;ASH_COATED_OSMIUM;10001;10;9998;12;;;10017;13;10018;13;;;10009.0;0.0
6;26900;INTARIAN_PEPPER_ROOT;19021;10;19020;10;19019;11;19035;10;19038;8;19040;8;19028.0;0.0
6;27000;ASH_COATED_OSMIUM;10001;14;;;;;10017;15;;;;;10009.0;0.0
6;27000;INTARIAN_PEPPER_ROOT;19021;11;19019;10;;;19035;9;19037;10;;;19028.0;0.0
6;27100;ASH_COATED_OSMIUM;10001;4;10000;13;;;10017;13;10019;14;;;10009.5;0.0
6;27100;INTARIAN_PEPPER_ROOT;19022;10;19021;10;;;19035;10;19036;8;;;19028.5;0.0
6;27200;ASH_COATED_OSMIUM;9996;11;9994;15;9993;26;10012;26;10014;11;10015;11;10004.0;0.0
6;27200;INTARIAN_PEPPER_ROOT;19019;25;19017;10;19016;10;19031;15;19032;12;19035;8;19025.5;0.0
6;27300;ASH_COATED_OSMIUM;9996;11;9993;13;;;10012;11;10013;25;;;10004.5;0.0
6;27300;INTARIAN_PEPPER_ROOT;19021;8;19019;19;19018;12;19033;11;19036;10;19039;9;19027.5;0.0
6;27400;ASH_COATED_OSMIUM;9995;11;9994;15;;;10013;27;10016;13;;;10004.5;0.0
6;27400;INTARIAN_PEPPER_ROOT;19020;9;;;;;19031;20;;;;;19026.0;0.0
6;27500;ASH_COATED_OSMIUM;10002;10;;;;;10018;11;;;;;10010.0;0.0
6;27500;INTARIAN_PEPPER_ROOT;19019;8;19018;10;19016;10;19033;8;19034;12;19036;20;19026.5;0.0
6;27600;ASH_COATED_OSMIUM;9995;14;9992;15;9991;12;10014;10;10017;13;10018;10;10004.5;0.0
6;27600;INTARIAN_PEPPER_ROOT;19017;12;19016;12;;;19029;9;19032;12;;;19023.0;0.0
6;27700;ASH_COATED_OSMIUM;9996;14;9993;13;9991;11;10012;11;10013;13;10016;26;10004.5;0.0
6;27700;INTARIAN_PEPPER_ROOT;19021;15;19018;10;;;19035;17;19038;8;;;19028.5;0.0
6;27800;ASH_COATED_OSMIUM;10002;15;9999;14;9997;11;10018;12;10019;26;10021;26;10010.0;0.0
6;27800;INTARIAN_PEPPER_ROOT;19021;9;19018;10;;;19034;9;19035;11;;;19028.0;0.0
6;27900;ASH_COATED_OSMIUM;9996;10;9994;13;;;10012;2;10013;25;;;10004.5;0.0
6;27900;INTARIAN_PEPPER_ROOT;19023;10;;;;;19037;10;;;;;19030.5;0.0
6;28000;ASH_COATED_OSMIUM;9996;10;9994;13;;;10012;25;10015;10;;;10004.5;0.0
6;28000;INTARIAN_PEPPER_ROOT;19025;10;;;;;19039;8;;;;;19032.0;0.0
6;28100;ASH_COATED_OSMIUM;10000;15;9999;29;;;10016;10;10017;10;;;10008.5;0.0
6;28100;INTARIAN_PEPPER_ROOT;19023;9;19020;18;;;19035;6;19036;10;;;19029.0;0.0
6;28200;ASH_COATED_OSMIUM;10000;12;9999;13;9997;10;10016;9;10017;3;10020;14;10008.5;0.0
6;28200;INTARIAN_PEPPER_ROOT;19018;8;19015;9;;;19031;8;19033;8;;;19025.0;0.0
6;28300;ASH_COATED_OSMIUM;9999;12;;;;;10017;12;;;;;10008.5;0.0
6;28300;INTARIAN_PEPPER_ROOT;19018;8;19015;10;19012;11;19031;8;19033;8;19035;21;19025.0;0.0
6;28400;ASH_COATED_OSMIUM;10000;26;;;;;10016;11;;;;;10008.5;0.0
6;28400;INTARIAN_PEPPER_ROOT;19021;12;19019;22;;;19035;23;19038;8;;;19028.0;0.0
6;28500;ASH_COATED_OSMIUM;9995;13;9994;13;;;10011;11;10013;15;;;10003.5;0.0
6;28500;INTARIAN_PEPPER_ROOT;19026;23;19024;8;19021;9;19037;9;19040;8;19041;10;19032.0;0.0
6;28600;ASH_COATED_OSMIUM;10003;27;10002;28;;;10014;21;10015;15;;;10009.0;0.0
6;28600;INTARIAN_PEPPER_ROOT;19023;10;19021;12;;;19035;8;19038;12;;;19029.5;0.0
6;28700;ASH_COATED_OSMIUM;9994;11;9992;10;9991;15;10013;12;10016;11;10018;11;10003.5;0.0
6;28700;INTARIAN_PEPPER_ROOT;19024;12;;;;;19035;11;;;;;19030.0;0.0
6;28800;ASH_COATED_OSMIUM;9995;20;;;;;10011;22;;;;;10003.5;0.0
6;28800;INTARIAN_PEPPER_ROOT;19017;11;19014;9;;;19034;8;19037;10;;;19026.0;0.0
6;28900;ASH_COATED_OSMIUM;10000;12;;;;;10018;14;;;;;10009.0;0.0
6;28900;INTARIAN_PEPPER_ROOT;19019;12;19016;9;;;19036;10;19037;15;;;19027.5;0.0
6;29000;ASH_COATED_OSMIUM;10003;2;;;;;10014;14;;;;;10009.0;0.0
6;29000;INTARIAN_PEPPER_ROOT;19020;10;;;;;19034;8;;;;;19027.5;0.0
6;29100;ASH_COATED_OSMIUM;10001;12;9999;14;9998;14;10017;13;10018;14;10020;21;10009.0;0.0
6;29100;INTARIAN_PEPPER_ROOT;19019;19;19018;9;19016;11;19036;10;19038;10;19041;11;19027.5;0.0
6;29200;ASH_COATED_OSMIUM;10001;14;9998;14;;;10017;13;10018;15;;;10009.5;0.0
6;29200;INTARIAN_PEPPER_ROOT;19026;8;;;;;19038;9;;;;;19032.0;0.0
6;29300;ASH_COATED_OSMIUM;9996;15;;;;;10012;10;;;;;10004.0;0.0
6;29300;INTARIAN_PEPPER_ROOT;19025;10;19022;11;19021;11;19038;11;19040;9;19042;11;19031.5;0.0
6;29400;ASH_COATED_OSMIUM;10001;12;;;;;10017;13;;;;;10009.5;0.0
6;29400;INTARIAN_PEPPER_ROOT;19022;9;19019;12;;;19035;11;19037;12;;;19029.0;0.0
6;29500;ASH_COATED_OSMIUM;9996;27;9993;10;9990;11;10012;15;10014;11;10016;14;10004.0;0.0
6;29500;INTARIAN_PEPPER_ROOT;19024;9;19023;11;;;19031;12;19033;8;;;19028.0;0.0
6;29600;ASH_COATED_OSMIUM;10001;10;;;;;10017;13;;;;;10009.0;0.0
6;29600;INTARIAN_PEPPER_ROOT;19031;10;19029;10;;;19043;10;19046;8;;;19037.0;0.0
6;29700;ASH_COATED_OSMIUM;10001;15;9998;15;9996;14;10017;30;10019;11;10022;12;10009.5;0.0
6;29700;INTARIAN_PEPPER_ROOT;19025;22;19022;8;19020;12;19036;23;19038;9;19039;9;19030.5;0.0
6;29800;ASH_COATED_OSMIUM;9997;24;9994;15;9992;12;10013;11;10015;12;10016;12;10005.0;0.0
6;29800;INTARIAN_PEPPER_ROOT;19022;10;;;;;19037;11;;;;;19029.5;0.0
6;29900;ASH_COATED_OSMIUM;10002;11;;;;;10018;30;;;;;10010.5;0.0
6;29900;INTARIAN_PEPPER_ROOT;19024;16;;;;;19039;23;;;;;19031.5;0.0
6;30000;ASH_COATED_OSMIUM;10003;13;10002;13;;;10019;10;10022;10;;;10011.0;0.0
6;30000;INTARIAN_PEPPER_ROOT;19024;9;;;;;19035;12;;;;;19030.0;0.0
6;30100;ASH_COATED_OSMIUM;10003;30;10001;13;;;10019;29;10022;12;;;10011.5;0.0
6;30100;INTARIAN_PEPPER_ROOT;19021;10;;;;;19034;21;;;;;19028.0;0.0
6;30200;ASH_COATED_OSMIUM;10006;13;;;;;10016;12;;;;;10011.5;0.0
6;30200;INTARIAN_PEPPER_ROOT;19022;12;19021;15;19019;8;19036;9;19038;5;19039;8;19029.5;0.0
6;30300;ASH_COATED_OSMIUM;9998;10;9997;15;;;10014;12;10016;13;;;10006.5;0.0
6;30300;INTARIAN_PEPPER_ROOT;19026;12;;;;;19041;12;;;;;19033.5;0.0
6;30400;ASH_COATED_OSMIUM;9998;15;9995;14;;;10014;15;10016;12;;;10006.0;0.0
6;30400;INTARIAN_PEPPER_ROOT;19025;11;19024;18;19021;9;19038;20;19039;12;19041;11;19031.5;0.0
6;30500;ASH_COATED_OSMIUM;9996;12;9995;14;9992;10;10015;13;10017;12;10018;11;10005.5;0.0
6;30500;INTARIAN_PEPPER_ROOT;19023;15;19021;21;;;19035;15;19036;11;;;19029.0;0.0
6;30600;ASH_COATED_OSMIUM;9995;13;9994;12;9991;30;10014;10;10016;11;10019;21;10005.0;0.0
6;30600;INTARIAN_PEPPER_ROOT;19025;8;;;;;19038;9;;;;;19032.0;0.0
6;30700;ASH_COATED_OSMIUM;10001;10;9998;13;;;10019;14;10020;15;;;10010.5;0.0
6;30700;INTARIAN_PEPPER_ROOT;19026;10;19024;12;;;19037;11;19039;9;;;19032.0;0.0
6;30800;ASH_COATED_OSMIUM;10002;10;10000;15;9997;26;10018;14;10020;10;10021;15;10010.5;0.0
6;30800;INTARIAN_PEPPER_ROOT;19032;11;19031;8;;;19034;9;19036;11;;;19033.0;0.0
6;30900;ASH_COATED_OSMIUM;9995;29;9994;10;;;10014;13;10015;14;;;10005.0;0.0
6;30900;INTARIAN_PEPPER_ROOT;19023;10;;;;;19040;10;;;;;19031.5;0.0
6;31000;ASH_COATED_OSMIUM;10001;11;9998;14;9996;15;10017;12;10020;13;10022;15;10009.0;0.0
6;31000;INTARIAN_PEPPER_ROOT;19025;11;19023;8;;;19038;8;19039;12;;;19031.5;0.0
6;31100;ASH_COATED_OSMIUM;10001;10;9998;22;;;10017;24;10020;27;;;10009.0;0.0
6;31100;INTARIAN_PEPPER_ROOT;19020;9;19019;10;19016;8;19035;10;19037;9;19039;10;19027.5;0.0
6;31200;ASH_COATED_OSMIUM;9995;13;;;;;10014;10;;;;;10004.5;0.0
6;31200;INTARIAN_PEPPER_ROOT;19022;8;;;;;19034;10;;;;;19028.0;0.0
6;31300;ASH_COATED_OSMIUM;9996;10;;;;;10012;10;;;;;10004.5;0.0
6;31300;INTARIAN_PEPPER_ROOT;19025;15;19024;9;;;19038;8;19039;9;;;19031.5;0.0
6;31400;ASH_COATED_OSMIUM;10003;13;;;;;10015;12;;;;;10009.5;0.0
6;31400;INTARIAN_PEPPER_ROOT;19021;12;19020;20;;;19041;12;19042;6;;;19031.0;0.0
6;31500;ASH_COATED_OSMIUM;9996;20;9994;28;;;10012;10;10013;13;;;10004.5;0.0
6;31500;INTARIAN_PEPPER_ROOT;19032;9;19030;11;19028;12;19035;12;19036;23;19038;8;19033.5;0.0
6;31600;ASH_COATED_OSMIUM;10002;11;10001;14;9999;22;10018;14;10020;10;10021;29;10010.0;0.0
6;31600;INTARIAN_PEPPER_ROOT;19022;9;;;;;19035;9;;;;;19028.5;0.0
6;31700;ASH_COATED_OSMIUM;9997;14;9996;10;9993;10;10013;10;10014;11;10015;15;10005.0;0.0
6;31700;INTARIAN_PEPPER_ROOT;19020;24;19019;8;19018;9;19033;10;19035;8;19037;9;19027.0;0.0
6;31800;ASH_COATED_OSMIUM;9999;14;9998;15;;;10009;12;10012;11;;;10004.5;0.0
6;31800;INTARIAN_PEPPER_ROOT;19027;24;;;;;19036;11;;;;;19031.5;0.0
6;31900;ASH_COATED_OSMIUM;9996;25;9993;14;;;10012;13;10014;14;;;10004.5;0.0
6;31900;INTARIAN_PEPPER_ROOT;19026;20;19025;10;;;19040;18;19042;12;;;19033.0;0.0
6;32000;ASH_COATED_OSMIUM;10002;15;9999;12;9996;30;10018;12;10021;10;10023;20;10010.0;0.0
6;32000;INTARIAN_PEPPER_ROOT;19028;11;;;;;19040;8;;;;;19034.5;0.0
6;32100;ASH_COATED_OSMIUM;10000;10;9997;14;;;10019;14;10020;13;;;10010.0;0.0
6;32100;INTARIAN_PEPPER_ROOT;19023;18;19020;9;19019;12;19039;9;19040;15;19041;11;19031.0;0.0
6;32200;ASH_COATED_OSMIUM;9996;15;9994;11;;;10012;11;10015;11;;;10004.5;0.0
6;32200;INTARIAN_PEPPER_ROOT;19028;8;19026;10;19023;9;19044;10;19046;8;19049;9;19036.0;0.0
6;32300;ASH_COATED_OSMIUM;10005;11;10004;12;;;10015;14;10016;10;;;10010.0;0.0
6;32300;INTARIAN_PEPPER_ROOT;19027;11;;;;;19041;10;;;;;19034.5;0.0
6;32400;ASH_COATED_OSMIUM;9996;13;9995;5;;;10012;14;10014;15;;;10004.5;0.0
6;32400;INTARIAN_PEPPER_ROOT;19025;11;19023;8;19020;11;19037;12;19039;8;19042;8;19031.5;0.0
6;32500;ASH_COATED_OSMIUM;9995;12;9992;13;;;10014;10;10016;20;;;10004.5;0.0
6;32500;INTARIAN_PEPPER_ROOT;19028;8;;;;;19040;19;;;;;19034.0;0.0
6;32600;ASH_COATED_OSMIUM;10000;12;9999;15;9998;12;10018;12;10021;3;10024;13;10009.5;0.0
6;32600;INTARIAN_PEPPER_ROOT;19025;20;;;;;19037;10;;;;;19031.0;0.0
6;32700;ASH_COATED_OSMIUM;9995;10;9993;13;9992;15;10011;30;10014;11;10017;21;10003.5;0.0
6;32700;INTARIAN_PEPPER_ROOT;19026;10;19025;11;;;19039;8;19040;12;;;19033.0;0.0
6;32800;ASH_COATED_OSMIUM;10002;12;10000;11;;;10015;3;10016;11;;;10008.5;0.0
6;32800;INTARIAN_PEPPER_ROOT;19026;10;19025;12;19022;7;19039;11;19041;9;19042;10;19033.0;0.0
6;32900;ASH_COATED_OSMIUM;10002;14;9999;10;9996;14;10012;26;10013;15;10014;12;10007.0;0.0
6;32900;INTARIAN_PEPPER_ROOT;19027;10;19024;15;19022;10;19040;12;19041;5;19043;8;19034.0;0.0
6;33000;ASH_COATED_OSMIUM;9993;13;9991;12;9989;21;10009;22;10010;14;10012;12;10001.5;0.0
6;33000;INTARIAN_PEPPER_ROOT;19026;10;19025;9;;;19039;9;19042;10;;;19033.0;0.0
6;33100;ASH_COATED_OSMIUM;9993;14;9990;10;;;10009;14;10012;11;;;10001.5;0.0
6;33100;INTARIAN_PEPPER_ROOT;19024;12;;;;;19040;10;;;;;19032.5;0.0
6;33200;ASH_COATED_OSMIUM;9998;10;9997;10;9996;15;10014;13;10017;28;10018;14;10006.5;0.0
6;33200;INTARIAN_PEPPER_ROOT;19026;10;19024;12;19021;8;19041;11;19044;8;19045;9;19034.0;0.0
6;33300;ASH_COATED_OSMIUM;9996;11;9994;23;;;10017;11;10020;15;;;10006.5;0.0
6;33300;INTARIAN_PEPPER_ROOT;19025;10;;;;;19036;9;;;;;19031.0;0.0
6;33400;ASH_COATED_OSMIUM;9993;15;9992;13;;;10009;14;10011;22;;;10001.0;0.0
6;33400;INTARIAN_PEPPER_ROOT;19025;8;19022;18;19020;8;19039;17;19041;10;19044;19;19032.5;0.0
6;33500;ASH_COATED_OSMIUM;9998;20;9995;29;9993;13;10014;13;10015;13;10017;11;10006.0;0.0
6;33500;INTARIAN_PEPPER_ROOT;19029;8;;;;;19041;8;;;;;19035.5;0.0
6;33600;ASH_COATED_OSMIUM;9998;10;9996;11;9993;13;10014;13;10015;27;10018;15;10006.0;0.0
6;33600;INTARIAN_PEPPER_ROOT;19032;9;19031;9;;;19044;9;19045;9;;;19038.0;0.0
6;33700;ASH_COATED_OSMIUM;9998;15;9997;12;;;10014;13;10015;30;;;10006.0;0.0
6;33700;INTARIAN_PEPPER_ROOT;19023;10;;;;;19040;9;;;;;19032.0;0.0
6;33800;ASH_COATED_OSMIUM;9992;10;;;;;10010;15;;;;;10001.0;0.0
6;33800;INTARIAN_PEPPER_ROOT;19027;9;19025;12;19022;12;19040;21;19043;8;19046;10;19033.5;0.0
6;33900;ASH_COATED_OSMIUM;9997;12;;;;;10016;12;;;;;10006.5;0.0
6;33900;INTARIAN_PEPPER_ROOT;19026;10;19024;10;;;19041;8;19044;9;;;19034.0;0.0
6;34000;ASH_COATED_OSMIUM;9993;30;9992;10;;;10009;25;10012;12;;;10001.0;0.0
6;34000;INTARIAN_PEPPER_ROOT;19027;8;19025;11;;;19042;12;19044;8;;;19034.5;0.0
6;34100;ASH_COATED_OSMIUM;9997;11;9995;11;;;10015;13;10016;11;;;10006.5;0.0
6;34100;INTARIAN_PEPPER_ROOT;19026;8;19023;11;19021;12;19040;10;19041;12;19044;21;19033.0;0.0
6;34200;ASH_COATED_OSMIUM;9993;27;;;;;10009;13;;;;;10001.0;0.0
6;34200;INTARIAN_PEPPER_ROOT;19024;11;19021;11;;;19037;16;19040;8;;;19030.5;0.0
6;34300;ASH_COATED_OSMIUM;9997;27;9995;14;;;10015;28;10018;14;;;10006.5;0.0
6;34300;INTARIAN_PEPPER_ROOT;19024;8;19022;9;;;19037;12;19040;10;;;19030.5;0.0
6;34400;ASH_COATED_OSMIUM;9992;24;9990;10;;;10011;27;10014;15;;;10001.5;0.0
6;34400;INTARIAN_PEPPER_ROOT;19025;12;;;;;19039;9;;;;;19032.5;0.0
6;34500;ASH_COATED_OSMIUM;9993;12;9990;20;;;10009;5;10011;15;;;10001.5;0.0
6;34500;INTARIAN_PEPPER_ROOT;19025;12;19022;12;19020;11;19039;10;19040;10;19042;5;19032.5;0.0
6;34600;ASH_COATED_OSMIUM;9993;22;9991;13;;;10009;11;10012;10;;;10001.5;0.0
6;34600;INTARIAN_PEPPER_ROOT;19022;11;19019;10;;;19038;12;19039;9;;;19030.5;0.0
6;34700;ASH_COATED_OSMIUM;9997;12;;;;;10016;22;;;;;10006.5;0.0
6;34700;INTARIAN_PEPPER_ROOT;19030;20;19028;11;19026;9;19042;21;19043;10;19046;10;19036.0;0.0
6;34800;ASH_COATED_OSMIUM;9998;14;9997;14;9994;14;10014;10;10017;15;10020;10;10006.5;0.0
6;34800;INTARIAN_PEPPER_ROOT;19029;10;19028;9;;;19044;8;19045;9;;;19037.0;0.0
6;34900;ASH_COATED_OSMIUM;9996;24;9995;15;9992;11;10007;26;10008;13;10011;22;10001.5;0.0
6;34900;INTARIAN_PEPPER_ROOT;19024;8;19023;10;19020;8;19043;11;19045;8;19047;12;19033.5;0.0
6;35000;ASH_COATED_OSMIUM;9993;23;;;;;10009;10;;;;;10001.0;0.0
6;35000;INTARIAN_PEPPER_ROOT;19030;10;;;;;19042;8;;;;;19036.0;0.0
6;35100;ASH_COATED_OSMIUM;9996;12;;;;;10005;14;;;;;10001.0;0.0
6;35100;INTARIAN_PEPPER_ROOT;19025;9;19023;9;;;19042;9;19045;12;;;19033.5;0.0
6;35200;ASH_COATED_OSMIUM;9998;14;9997;30;9996;13;10014;2;10016;7;10019;20;10006.0;0.0
6;35200;INTARIAN_PEPPER_ROOT;19025;8;19023;12;;;19042;25;19045;8;;;19034.0;0.0
6;35300;ASH_COATED_OSMIUM;9993;15;;;;;10009;11;;;;;10001.0;0.0
6;35300;INTARIAN_PEPPER_ROOT;19028;10;;;;;19041;8;;;;;19034.5;0.0
6;35400;ASH_COATED_OSMIUM;9998;14;9997;15;;;10014;15;10017;11;;;10006.5;0.0
6;35400;INTARIAN_PEPPER_ROOT;19032;11;19030;10;19029;12;19044;12;19045;15;19046;10;19038.5;0.0
6;35500;ASH_COATED_OSMIUM;9993;22;;;;;10009;10;;;;;10001.5;0.0
6;35500;INTARIAN_PEPPER_ROOT;19027;9;;;;;19042;18;;;;;19035.0;0.0
6;35600;ASH_COATED_OSMIUM;9993;12;9991;30;9990;13;10009;30;10010;11;10011;12;10001.5;0.0
6;35600;INTARIAN_PEPPER_ROOT;19035;11;;;;;19047;12;;;;;19041.5;0.0
6;35700;ASH_COATED_OSMIUM;9993;28;9991;13;;;10009;28;10010;25;;;10001.0;0.0
6;35700;INTARIAN_PEPPER_ROOT;19031;10;;;;;19044;11;;;;;19037.5;0.0
6;35800;ASH_COATED_OSMIUM;9993;13;9991;14;9988;30;10009;10;10011;11;10014;15;10001.0;0.0
6;35800;INTARIAN_PEPPER_ROOT;19028;12;19026;11;;;19043;11;19045;9;;;19035.5;0.0
6;35900;ASH_COATED_OSMIUM;9998;15;;;;;10014;12;;;;;10006.5;0.0
6;35900;INTARIAN_PEPPER_ROOT;19029;10;;;;;19043;10;;;;;19036.5;0.0
6;36000;ASH_COATED_OSMIUM;9991;10;9989;12;;;10010;14;10011;15;;;10001.0;0.0
6;36000;INTARIAN_PEPPER_ROOT;19034;9;19033;8;;;19046;9;19049;15;;;19040.0;0.0
6;36100;ASH_COATED_OSMIUM;9993;12;;;;;10009;15;;;;;10001.0;0.0
6;36100;INTARIAN_PEPPER_ROOT;19032;18;19029;9;;;19043;8;19046;12;;;19037.5;0.0
6;36200;ASH_COATED_OSMIUM;9992;13;9991;11;;;10010;27;10012;14;;;10001.5;0.0
6;36200;INTARIAN_PEPPER_ROOT;19026;11;19023;8;;;19043;12;19045;9;;;19034.5;0.0
6;36300;ASH_COATED_OSMIUM;9993;20;;;;;10009;13;;;;;10001.5;0.0
6;36300;INTARIAN_PEPPER_ROOT;19028;8;;;;;19041;8;;;;;19035.0;0.0
6;36400;ASH_COATED_OSMIUM;9998;11;;;;;10014;13;;;;;10006.5;0.0
6;36400;INTARIAN_PEPPER_ROOT;19032;22;19030;19;;;19046;9;19047;11;;;19039.0;0.0
6;36500;ASH_COATED_OSMIUM;9993;27;;;;;10009;14;;;;;10001.5;0.0
6;36500;INTARIAN_PEPPER_ROOT;19031;11;19029;9;;;19043;22;19044;9;;;19037.5;0.0
6;36600;ASH_COATED_OSMIUM;9998;13;9996;28;;;10014;14;10017;14;;;10006.5;0.0
6;36600;INTARIAN_PEPPER_ROOT;19030;12;19029;8;;;19042;11;19044;17;;;19036.0;0.0
6;36700;ASH_COATED_OSMIUM;9994;14;9991;10;9990;11;10010;11;10013;15;10016;24;10002.0;0.0
6;36700;INTARIAN_PEPPER_ROOT;19034;12;;;;;19047;20;;;;;19040.5;0.0
6;36800;ASH_COATED_OSMIUM;9999;12;;;;;10015;12;;;;;10007.0;0.0
6;36800;INTARIAN_PEPPER_ROOT;19029;9;;;;;19042;12;;;;;19036.0;0.0
6;36900;ASH_COATED_OSMIUM;9998;15;;;;;10016;11;;;;;10007.0;0.0
6;36900;INTARIAN_PEPPER_ROOT;19031;23;19029;9;19026;8;19042;8;19044;12;19047;8;19036.5;0.0
6;37000;ASH_COATED_OSMIUM;9994;15;;;;;10010;12;;;;;10002.0;0.0
6;37000;INTARIAN_PEPPER_ROOT;19029;11;19026;12;;;19042;12;19044;8;;;19036.0;0.0
6;37100;ASH_COATED_OSMIUM;9992;14;;;;;10011;12;;;;;10002.0;0.0
6;37100;INTARIAN_PEPPER_ROOT;19030;24;19029;8;19028;12;19043;12;19044;12;19045;11;19036.5;0.0
6;37200;ASH_COATED_OSMIUM;9994;15;;;;;10010;13;;;;;10002.5;0.0
6;37200;INTARIAN_PEPPER_ROOT;19031;10;19030;11;;;19045;12;19046;8;;;19038.0;0.0
6;37300;ASH_COATED_OSMIUM;9995;15;9993;25;;;10011;10;10013;10;;;10003.0;0.0
6;37300;INTARIAN_PEPPER_ROOT;19031;10;19030;22;19029;9;19043;12;19045;10;19047;12;19037.0;0.0
6;37400;ASH_COATED_OSMIUM;9994;14;9992;14;;;10010;13;10013;12;;;10002.5;0.0
6;37400;INTARIAN_PEPPER_ROOT;19032;8;;;;;19046;10;;;;;19039.5;0.0
6;37500;ASH_COATED_OSMIUM;10000;13;9999;14;;;10016;14;10017;15;;;10008.0;0.0
6;37500;INTARIAN_PEPPER_ROOT;19030;8;19027;9;;;19043;10;19046;12;;;19037.0;0.0
6;37600;ASH_COATED_OSMIUM;10000;23;9998;11;;;10016;10;10017;14;;;10008.0;0.0
6;37600;INTARIAN_PEPPER_ROOT;19030;8;19028;9;;;19047;8;19048;10;;;19039.0;0.0
6;37700;ASH_COATED_OSMIUM;9999;10;9996;14;;;10017;15;10018;27;;;10008.0;0.0
6;37700;INTARIAN_PEPPER_ROOT;19030;11;19027;10;;;19044;9;19045;10;;;19037.5;0.0
6;37800;ASH_COATED_OSMIUM;9993;12;9990;25;;;10012;15;10014;11;;;10003.0;0.0
6;37800;INTARIAN_PEPPER_ROOT;19035;8;19034;8;19031;9;19046;8;19048;12;19049;12;19041.0;0.0
6;37900;ASH_COATED_OSMIUM;9996;30;9994;14;;;10012;11;10014;10;;;10004.0;0.0
6;37900;INTARIAN_PEPPER_ROOT;19033;9;19032;8;;;19046;8;19048;12;;;19040.0;0.0
6;38000;ASH_COATED_OSMIUM;9996;13;;;;;10012;10;;;;;10004.5;0.0
6;38000;INTARIAN_PEPPER_ROOT;19033;9;;;;;19046;10;;;;;19040.0;0.0
6;38100;ASH_COATED_OSMIUM;10001;12;9998;12;9996;14;10017;12;10019;12;10021;15;10009.5;0.0
6;38100;INTARIAN_PEPPER_ROOT;19034;24;;;;;19046;12;;;;;19040.5;0.0
6;38200;ASH_COATED_OSMIUM;10002;23;9999;12;9997;15;10018;14;10021;15;10022;10;10010.0;0.0
6;38200;INTARIAN_PEPPER_ROOT;19031;22;;;;;19048;11;;;;;19039.5;0.0
6;38300;ASH_COATED_OSMIUM;10001;10;;;;;10017;11;;;;;10009.5;0.0
6;38300;INTARIAN_PEPPER_ROOT;19031;11;19029;19;;;19042;10;19043;9;;;19037.0;0.0
6;38400;ASH_COATED_OSMIUM;9996;13;9995;15;9993;21;10012;11;10013;29;10015;15;10004.0;0.0
6;38400;INTARIAN_PEPPER_ROOT;19031;11;19028;12;19025;11;19042;11;19043;8;19045;11;19036.5;0.0
6;38500;ASH_COATED_OSMIUM;9996;14;9995;11;9993;10;10012;13;10015;14;10016;11;10004.0;0.0
6;38500;INTARIAN_PEPPER_ROOT;19029;11;19026;11;;;19042;11;19044;10;;;19035.5;0.0
6;38600;ASH_COATED_OSMIUM;9995;12;9994;12;9991;29;10013;11;10014;13;10015;11;10004.0;0.0
6;38600;INTARIAN_PEPPER_ROOT;19038;9;19035;8;19032;8;19050;8;19051;12;19053;16;19044.0;0.0
6;38700;ASH_COATED_OSMIUM;9995;14;;;;;10011;11;;;;;10003.5;0.0
6;38700;INTARIAN_PEPPER_ROOT;19027;11;19025;8;19023;10;19044;8;19046;8;19049;9;19036.0;0.0
6;38800;ASH_COATED_OSMIUM;9999;15;;;;;10017;5;;;;;10008.5;0.0
6;38800;INTARIAN_PEPPER_ROOT;19032;11;19029;9;19028;23;19046;11;19049;9;19051;8;19039.5;0.0
6;38900;ASH_COATED_OSMIUM;10000;3;;;;;10016;4;;;;;10008.0;0.0
6;38900;INTARIAN_PEPPER_ROOT;19031;24;;;;;19044;4;;;;;19037.5;0.0
6;39000;ASH_COATED_OSMIUM;9995;15;;;;;10011;27;;;;;10003.0;0.0
6;39000;INTARIAN_PEPPER_ROOT;19029;17;19028;22;;;19045;10;19048;9;;;19037.5;0.0
6;39100;ASH_COATED_OSMIUM;10000;11;;;;;10016;11;;;;;10008.5;0.0
6;39100;INTARIAN_PEPPER_ROOT;19033;8;19032;8;19029;11;19046;10;19048;8;19051;9;19040.0;0.0
6;39200;ASH_COATED_OSMIUM;9995;15;9992;12;;;10011;24;10012;15;;;10003.0;0.0
6;39200;INTARIAN_PEPPER_ROOT;19034;9;;;;;19048;8;;;;;19041.5;0.0
6;39300;ASH_COATED_OSMIUM;10000;11;9997;11;;;10016;15;10017;15;;;10008.0;0.0
6;39300;INTARIAN_PEPPER_ROOT;19033;10;;;;;19046;9;;;;;19040.0;0.0
6;39400;ASH_COATED_OSMIUM;9994;13;9992;10;;;10010;10;10012;3;;;10002.5;0.0
6;39400;INTARIAN_PEPPER_ROOT;19029;9;;;;;19045;9;;;;;19037.5;0.0
6;39500;ASH_COATED_OSMIUM;9997;11;9996;14;;;10018;12;10020;14;;;10007.5;0.0
6;39500;INTARIAN_PEPPER_ROOT;19032;11;19030;10;;;19047;9;19048;10;;;19039.5;0.0
6;39600;ASH_COATED_OSMIUM;9999;12;9997;14;;;10017;12;10020;11;;;10008.0;0.0
6;39600;INTARIAN_PEPPER_ROOT;19033;10;;;;;19045;10;;;;;19039.0;0.0
6;39700;ASH_COATED_OSMIUM;9994;11;;;;;10010;11;;;;;10002.5;0.0
6;39700;INTARIAN_PEPPER_ROOT;19028;9;19025;19;19023;24;19048;12;19049;9;19051;12;19038.0;0.0
6;39800;ASH_COATED_OSMIUM;9995;15;9993;25;;;10011;14;10012;12;;;10003.0;0.0
6;39800;INTARIAN_PEPPER_ROOT;19029;18;19027;9;;;19043;24;19046;11;;;19036.5;0.0
6;39900;ASH_COATED_OSMIUM;10000;15;9999;12;;;10016;26;10019;10;;;10008.5;0.0
6;39900;INTARIAN_PEPPER_ROOT;19034;9;19032;11;19031;16;19048;12;19049;9;19051;9;19041.0;0.0
6;40000;ASH_COATED_OSMIUM;9998;29;;;;;10017;14;;;;;10008.0;0.0
6;40000;INTARIAN_PEPPER_ROOT;19036;21;19033;10;;;19050;8;19052;9;;;19043.5;0.0
6;40100;ASH_COATED_OSMIUM;9998;12;;;;;10008;10;;;;;10003.0;0.0
6;40100;INTARIAN_PEPPER_ROOT;19035;10;19032;8;19029;9;19046;12;19047;8;19048;9;19041.0;0.0
6;40200;ASH_COATED_OSMIUM;9993;2;;;;;10011;14;;;;;10002.5;0.0
6;40200;INTARIAN_PEPPER_ROOT;19036;12;19034;11;;;19047;7;19048;12;;;19041.5;0.0
6;40300;ASH_COATED_OSMIUM;10000;11;9997;13;;;10016;10;10017;13;;;10008.0;0.0
6;40300;INTARIAN_PEPPER_ROOT;19031;20;19029;11;19028;8;19046;12;19047;9;19048;9;19039.0;0.0
6;40400;ASH_COATED_OSMIUM;9995;10;;;;;10011;13;;;;;10003.5;0.0
6;40400;INTARIAN_PEPPER_ROOT;19033;9;19030;10;19027;12;19047;23;19048;10;19050;10;19040.5;0.0
6;40500;ASH_COATED_OSMIUM;10000;12;9997;11;9995;11;10016;22;10019;12;10020;10;10008.5;0.0
6;40500;INTARIAN_PEPPER_ROOT;19033;11;;;;;19046;10;;;;;19040.0;0.0
6;40600;ASH_COATED_OSMIUM;9996;12;9995;10;9994;21;10012;11;10014;12;10016;14;10004.0;0.0
6;40600;INTARIAN_PEPPER_ROOT;19031;11;19030;8;;;19045;11;19048;8;;;19038.5;0.0
6;40700;ASH_COATED_OSMIUM;9995;14;9992;13;;;10014;11;10017;24;;;10004.5;0.0
6;40700;INTARIAN_PEPPER_ROOT;19035;8;19034;10;;;19050;9;19051;8;;;19043.0;0.0
6;40800;ASH_COATED_OSMIUM;9996;27;9994;12;9993;14;10012;10;10014;13;10016;15;10004.0;0.0
6;40800;INTARIAN_PEPPER_ROOT;19033;10;19031;10;;;19047;11;19049;22;;;19040.0;0.0
6;40900;ASH_COATED_OSMIUM;10001;15;9998;13;;;10017;14;10018;20;;;10009.0;0.0
6;40900;INTARIAN_PEPPER_ROOT;19035;9;19032;22;;;19048;12;19050;8;;;19041.5;0.0
6;41000;ASH_COATED_OSMIUM;10001;12;;;;;10017;11;;;;;10009.0;0.0
6;41000;INTARIAN_PEPPER_ROOT;19034;12;19032;11;;;19046;9;19049;18;;;19040.5;0.0
6;41100;ASH_COATED_OSMIUM;9995;23;;;;;10011;14;;;;;10003.5;0.0
6;41100;INTARIAN_PEPPER_ROOT;19029;9;19027;11;;;19045;3;19048;11;;;19037.5;0.0
6;41200;ASH_COATED_OSMIUM;9998;13;9995;29;9994;10;10017;24;10018;15;10021;12;10008.0;0.0
6;41200;INTARIAN_PEPPER_ROOT;19032;8;19029;11;19027;8;19045;10;19048;11;19051;9;19038.5;0.0
6;41300;ASH_COATED_OSMIUM;10003;24;10000;12;;;10011;14;10014;15;;;10007.5;0.0
6;41300;INTARIAN_PEPPER_ROOT;19036;9;19034;20;19033;12;19047;8;19050;15;19051;8;19042.0;0.0
6;41400;ASH_COATED_OSMIUM;9997;27;9994;15;;;10018;11;10019;13;;;10008.0;0.0
6;41400;INTARIAN_PEPPER_ROOT;19036;8;19033;11;;;19050;8;19052;8;;;19043.5;0.0
6;41500;ASH_COATED_OSMIUM;9994;10;9993;11;;;10010;15;10012;25;;;10002.5;0.0
6;41500;INTARIAN_PEPPER_ROOT;19036;22;19035;17;;;19049;11;19050;11;;;19042.5;0.0
6;41600;ASH_COATED_OSMIUM;9993;12;;;;;10011;11;;;;;10002.5;0.0
6;41600;INTARIAN_PEPPER_ROOT;19035;12;19033;10;;;19048;11;19050;10;;;19041.5;0.0
6;41700;ASH_COATED_OSMIUM;9994;10;;;;;10010;10;;;;;10002.5;0.0
6;41700;INTARIAN_PEPPER_ROOT;19043;11;19042;9;;;19045;10;19048;12;;;19044.0;0.0
6;41800;ASH_COATED_OSMIUM;9999;13;9996;26;;;10015;10;10016;15;;;10007.5;0.0
6;41800;INTARIAN_PEPPER_ROOT;19035;8;19033;10;;;19049;9;19052;12;;;19042.0;0.0
6;41900;ASH_COATED_OSMIUM;9995;28;;;;;10011;11;;;;;10003.0;0.0
6;41900;INTARIAN_PEPPER_ROOT;19034;9;;;;;19048;12;;;;;19041.5;0.0
6;42000;ASH_COATED_OSMIUM;9995;11;9992;14;;;10011;11;10014;10;;;10003.5;0.0
6;42000;INTARIAN_PEPPER_ROOT;19035;11;19034;8;;;19048;11;19050;21;;;19041.5;0.0
6;42100;ASH_COATED_OSMIUM;10000;20;;;;;10016;14;;;;;10008.0;0.0
6;42100;INTARIAN_PEPPER_ROOT;19032;11;19030;9;;;19044;8;19045;12;;;19038.5;0.0
6;42200;ASH_COATED_OSMIUM;9997;23;9994;27;;;10018;13;10019;15;;;10007.5;0.0
6;42200;INTARIAN_PEPPER_ROOT;19034;8;19031;10;;;19046;21;19049;8;;;19040.5;0.0
6;42300;ASH_COATED_OSMIUM;9993;13;9992;12;9990;10;10011;11;10013;13;10014;24;10002.5;0.0
6;42300;INTARIAN_PEPPER_ROOT;19034;9;19031;10;;;19046;10;19048;9;;;19040.5;0.0
6;42400;ASH_COATED_OSMIUM;9994;25;9992;13;;;10010;13;10011;14;;;10002.5;0.0
6;42400;INTARIAN_PEPPER_ROOT;19036;8;;;;;19050;19;;;;;19043.5;0.0
6;42500;ASH_COATED_OSMIUM;10000;13;9997;13;9995;14;10016;13;10019;14;10022;12;10008.0;0.0
6;42500;INTARIAN_PEPPER_ROOT;19034;12;19033;18;;;19051;8;19052;8;;;19042.5;0.0
6;42600;ASH_COATED_OSMIUM;10000;13;;;;;10016;11;;;;;10008.0;0.0
6;42600;INTARIAN_PEPPER_ROOT;19036;9;19035;11;;;19049;8;19051;8;;;19043.0;0.0
6;42700;ASH_COATED_OSMIUM;9998;14;9997;11;;;10007;15;10010;10;;;10002.5;0.0
6;42700;INTARIAN_PEPPER_ROOT;19037;16;19035;11;;;19050;8;19052;8;;;19044.0;0.0
6;42800;ASH_COATED_OSMIUM;10000;14;;;;;10016;15;;;;;10008.0;0.0
6;42800;INTARIAN_PEPPER_ROOT;19036;9;19033;10;19032;12;19049;10;19052;9;19053;10;19042.5;0.0
6;42900;ASH_COATED_OSMIUM;10000;15;;;;;10016;11;;;;;10008.0;0.0
6;42900;INTARIAN_PEPPER_ROOT;19035;22;19033;9;;;19046;8;19048;12;;;19041.0;0.0
6;43000;ASH_COATED_OSMIUM;9993;27;9991;22;9988;12;10012;15;10013;13;10016;11;10003.0;0.0
6;43000;INTARIAN_PEPPER_ROOT;19038;8;19035;8;19034;9;19049;24;19050;23;19052;10;19044.0;0.0
6;43100;ASH_COATED_OSMIUM;9998;24;9997;10;;;10017;12;10018;15;;;10007.5;0.0
6;43100;INTARIAN_PEPPER_ROOT;19037;12;19034;9;19032;10;19048;21;19050;12;19053;21;19042.5;0.0
6;43200;ASH_COATED_OSMIUM;9999;15;;;;;10015;10;;;;;10007.5;0.0
6;43200;INTARIAN_PEPPER_ROOT;19037;10;19034;10;;;19048;12;19051;9;;;19043.0;0.0
6;43300;ASH_COATED_OSMIUM;9998;12;;;;;10016;27;;;;;10007.0;0.0
6;43300;INTARIAN_PEPPER_ROOT;19036;8;19033;10;;;19048;7;19051;9;;;19042.5;0.0
6;43400;ASH_COATED_OSMIUM;9998;12;9997;13;9995;3;10014;12;10016;14;10017;13;10006.0;0.0
6;43400;INTARIAN_PEPPER_ROOT;19036;9;19034;12;;;19050;20;19051;8;;;19043.0;0.0
6;43500;ASH_COATED_OSMIUM;9997;15;9995;10;9993;23;10016;13;10019;12;10022;10;10006.5;0.0
6;43500;INTARIAN_PEPPER_ROOT;19033;10;19030;11;19027;9;19047;11;19050;8;19053;11;19040.5;0.0
6;43600;ASH_COATED_OSMIUM;9992;29;9989;12;9987;4;10008;12;10011;12;10012;15;10000.5;0.0
6;43600;INTARIAN_PEPPER_ROOT;19042;11;19041;19;;;19054;10;19057;8;;;19048.0;0.0
6;43700;ASH_COATED_OSMIUM;9998;10;9997;11;;;10014;14;10017;24;;;10006.0;0.0
6;43700;INTARIAN_PEPPER_ROOT;19043;12;19042;10;;;19045;20;19047;9;;;19044.5;0.0
6;43800;ASH_COATED_OSMIUM;9997;10;9996;12;;;10013;21;10016;14;;;10005.5;0.0
6;43800;INTARIAN_PEPPER_ROOT;19037;8;19035;12;19034;11;19051;17;19054;19;19056;10;19044.0;0.0
6;43900;ASH_COATED_OSMIUM;9996;10;9995;14;9993;13;10014;28;10017;24;10018;12;10005.5;0.0
6;43900;INTARIAN_PEPPER_ROOT;19037;12;;;;;19051;18;;;;;19044.5;0.0
6;44000;ASH_COATED_OSMIUM;9997;11;9996;11;9995;12;10013;27;10016;29;10018;2;10005.5;0.0
6;44000;INTARIAN_PEPPER_ROOT;19038;10;19037;11;;;19049;9;19051;9;;;19044.0;0.0
6;44100;ASH_COATED_OSMIUM;9996;13;;;;;10015;13;;;;;10005.5;0.0
6;44100;INTARIAN_PEPPER_ROOT;19033;8;19032;12;19029;11;19049;8;19050;9;19051;12;19041.5;0.0
6;44200;ASH_COATED_OSMIUM;9992;23;;;;;10008;13;;;;;10000.0;0.0
6;44200;INTARIAN_PEPPER_ROOT;19041;10;;;;;19055;8;;;;;19048.0;0.0
6;44300;ASH_COATED_OSMIUM;9992;15;9990;30;;;10008;10;10009;21;;;10000.0;0.0
6;44300;INTARIAN_PEPPER_ROOT;19035;9;19032;9;;;19048;9;19050;3;;;19041.5;0.0
6;44400;ASH_COATED_OSMIUM;9992;15;9989;12;;;10008;12;10010;13;;;10000.0;0.0
6;44400;INTARIAN_PEPPER_ROOT;19037;10;19035;9;;;19050;8;19053;4;;;19044.0;0.0
6;44500;ASH_COATED_OSMIUM;9997;10;9996;11;;;10013;24;10016;14;;;10005.0;0.0
6;44500;INTARIAN_PEPPER_ROOT;19034;9;19032;9;;;19051;23;19054;10;;;19042.5;0.0
6;44600;ASH_COATED_OSMIUM;9990;13;;;;;10008;10;;;;;9999.5;0.0
6;44600;INTARIAN_PEPPER_ROOT;19037;8;19035;10;19032;23;19054;23;19057;11;19060;8;19046.0;0.0
6;44700;ASH_COATED_OSMIUM;9991;13;9989;13;;;10007;11;10009;22;;;9999.5;0.0
6;44700;INTARIAN_PEPPER_ROOT;19040;8;19039;20;19037;10;19052;10;19054;11;19055;12;19046.5;0.0
6;44800;ASH_COATED_OSMIUM;9990;13;;;;;10008;14;;;;;9999.5;0.0
6;44800;INTARIAN_PEPPER_ROOT;19038;10;19037;10;19036;12;19050;9;19053;10;19055;9;19044.0;0.0
6;44900;ASH_COATED_OSMIUM;9991;13;9989;15;;;10007;15;10008;13;;;9999.5;0.0
6;44900;INTARIAN_PEPPER_ROOT;19037;11;19034;3;;;19049;8;19050;19;;;19043.5;0.0
6;45000;ASH_COATED_OSMIUM;9997;15;9995;12;;;10013;15;10014;14;;;10005.0;0.0
6;45000;INTARIAN_PEPPER_ROOT;19040;10;19037;11;;;19051;9;19052;8;;;19046.0;0.0
6;45100;ASH_COATED_OSMIUM;10003;11;;;;;10009;14;;;;;10006.0;0.0
6;45100;INTARIAN_PEPPER_ROOT;19039;18;19036;11;;;19053;12;19055;9;;;19046.5;0.0
6;45200;ASH_COATED_OSMIUM;9992;29;;;;;10008;15;;;;;10000.5;0.0
6;45200;INTARIAN_PEPPER_ROOT;19040;21;19038;11;;;19052;10;19055;24;;;19046.0;0.0
6;45300;ASH_COATED_OSMIUM;9991;14;9990;11;;;10010;12;10012;10;;;10000.5;0.0
6;45300;INTARIAN_PEPPER_ROOT;19039;23;19037;10;19035;18;19052;16;19053;20;19054;21;19045.5;0.0
6;45400;ASH_COATED_OSMIUM;9996;23;;;;;10015;4;;;;;10005.5;0.0
6;45400;INTARIAN_PEPPER_ROOT;19039;8;19036;10;19033;11;19050;8;19053;16;19054;10;19045.0;0.0
6;45500;ASH_COATED_OSMIUM;9997;11;9995;10;;;10013;11;10015;14;;;10005.5;0.0
6;45500;INTARIAN_PEPPER_ROOT;19041;12;19039;11;;;19052;10;19053;9;;;19046.5;0.0
6;45600;ASH_COATED_OSMIUM;9996;15;9994;15;;;10015;27;10018;23;;;10005.5;0.0
6;45600;INTARIAN_PEPPER_ROOT;19039;12;;;;;19052;17;;;;;19046.0;0.0
6;45700;ASH_COATED_OSMIUM;9991;13;9988;14;9985;13;10007;14;10009;13;10012;12;9999.5;0.0
6;45700;INTARIAN_PEPPER_ROOT;19037;11;;;;;19053;12;;;;;19045.5;0.0
6;45800;ASH_COATED_OSMIUM;9995;15;;;;;10013;24;;;;;10004.5;0.0
6;45800;INTARIAN_PEPPER_ROOT;19038;12;19035;8;;;19051;12;19054;11;;;19044.5;0.0
6;45900;ASH_COATED_OSMIUM;9991;24;;;;;10007;15;;;;;9999.5;0.0
6;45900;INTARIAN_PEPPER_ROOT;19036;9;;;;;19053;8;;;;;19044.5;0.0
6;46000;ASH_COATED_OSMIUM;9997;11;;;;;10013;14;;;;;10005.0;0.0
6;46000;INTARIAN_PEPPER_ROOT;19041;25;19038;8;;;19052;11;19055;11;;;19046.5;0.0
6;46100;ASH_COATED_OSMIUM;9991;2;9988;14;;;10007;14;10008;10;;;9999.5;0.0
6;46100;INTARIAN_PEPPER_ROOT;19042;9;19041;11;;;19054;9;19055;9;;;19048.0;0.0
6;46200;ASH_COATED_OSMIUM;9990;2;;;;;10008;10;;;;;9999.5;0.0
6;46200;INTARIAN_PEPPER_ROOT;19036;10;;;;;19049;10;;;;;19043.0;0.0
6;46300;ASH_COATED_OSMIUM;9996;22;9993;15;;;10012;10;10014;12;;;10004.5;0.0
6;46300;INTARIAN_PEPPER_ROOT;19036;10;19033;9;;;19049;10;19052;8;;;19042.5;0.0
6;46400;ASH_COATED_OSMIUM;9995;11;9994;10;;;10014;15;10016;30;;;10005.0;0.0
6;46400;INTARIAN_PEPPER_ROOT;19037;11;;;;;19054;9;;;;;19045.5;0.0
6;46500;ASH_COATED_OSMIUM;9991;12;;;;;10007;11;;;;;9999.5;0.0
6;46500;INTARIAN_PEPPER_ROOT;19041;10;;;;;19055;10;;;;;19048.5;0.0
6;46600;ASH_COATED_OSMIUM;9990;11;9989;13;9988;10;10008;13;10010;22;10011;12;9999.5;0.0
6;46600;INTARIAN_PEPPER_ROOT;19040;18;19038;11;;;19055;12;19057;12;;;19048.0;0.0
6;46700;ASH_COATED_OSMIUM;9989;15;9988;11;9985;10;10008;28;10010;10;10012;11;9999.0;0.0
6;46700;INTARIAN_PEPPER_ROOT;19040;8;;;;;19053;9;;;;;19046.5;0.0
6;46800;ASH_COATED_OSMIUM;9997;11;;;;;10013;15;;;;;10005.0;0.0
6;46800;INTARIAN_PEPPER_ROOT;19037;10;19034;3;;;19054;15;19057;19;;;19045.5;0.0
6;46900;ASH_COATED_OSMIUM;9992;10;9990;11;;;10008;11;10011;15;;;10000.0;0.0
6;46900;INTARIAN_PEPPER_ROOT;19042;10;19040;10;19037;12;19054;9;19055;9;19056;8;19048.5;0.0
6;47000;ASH_COATED_OSMIUM;9997;15;;;;;10013;12;;;;;10005.5;0.0
6;47000;INTARIAN_PEPPER_ROOT;19035;7;;;;;19049;12;;;;;19042.5;0.0
6;47100;ASH_COATED_OSMIUM;9997;11;9994;11;;;10013;14;10015;10;;;10005.0;0.0
6;47100;INTARIAN_PEPPER_ROOT;19041;10;19038;10;19037;10;19059;12;19060;10;19063;9;19050.5;0.0
6;47200;ASH_COATED_OSMIUM;10001;23;9998;20;9997;10;10009;26;10011;10;10014;5;10005.0;0.0
6;47200;INTARIAN_PEPPER_ROOT;19038;9;19037;16;19036;9;19049;8;19050;10;19052;8;19044.0;0.0
6;47300;ASH_COATED_OSMIUM;9990;12;9988;12;9987;12;10009;13;10011;12;10014;11;9999.5;0.0
6;47300;INTARIAN_PEPPER_ROOT;19040;8;19037;11;19035;8;19052;11;19055;25;19056;22;19046.0;0.0
6;47400;ASH_COATED_OSMIUM;9996;11;9994;11;;;10012;14;10015;11;;;10004.5;0.0
6;47400;INTARIAN_PEPPER_ROOT;19036;10;19035;12;;;19049;11;19052;9;;;19043.0;0.0
6;47500;ASH_COATED_OSMIUM;9991;11;9990;15;9989;13;10007;25;10009;15;10010;10;9999.5;0.0
6;47500;INTARIAN_PEPPER_ROOT;19039;19;;;;;19052;11;;;;;19045.5;0.0
6;47600;ASH_COATED_OSMIUM;9992;14;;;;;10008;15;;;;;10000.5;0.0
6;47600;INTARIAN_PEPPER_ROOT;19037;9;19034;9;19033;8;19052;21;19054;18;19057;9;19044.5;0.0
6;47700;ASH_COATED_OSMIUM;9997;11;9996;30;;;10013;14;10016;12;;;10005.0;0.0
6;47700;INTARIAN_PEPPER_ROOT;19044;12;;;;;19056;9;;;;;19050.0;0.0
6;47800;ASH_COATED_OSMIUM;10001;11;9999;13;;;10010;12;10011;12;;;10005.5;0.0
6;47800;INTARIAN_PEPPER_ROOT;19046;10;19044;9;19042;8;19059;11;19060;10;19061;11;19052.5;0.0
6;47900;ASH_COATED_OSMIUM;9996;12;9995;13;;;10015;14;10018;11;;;10005.5;0.0
6;47900;INTARIAN_PEPPER_ROOT;19040;10;19038;8;;;19052;8;19055;8;;;19046.5;0.0
6;48000;ASH_COATED_OSMIUM;9991;15;9988;25;9985;10;10009;10;10010;15;10012;11;10000.0;0.0
6;48000;INTARIAN_PEPPER_ROOT;19045;9;19042;24;19039;9;19049;9;19052;8;19055;9;19047.0;0.0
6;48100;ASH_COATED_OSMIUM;9992;5;9991;12;;;10008;12;10009;13;;;10000.0;0.0
6;48100;INTARIAN_PEPPER_ROOT;19042;12;19039;7;19036;11;19056;18;19057;9;19060;16;19049.5;0.0
6;48200;ASH_COATED_OSMIUM;9992;10;9989;22;;;10008;10;10010;13;;;10000.0;0.0
6;48200;INTARIAN_PEPPER_ROOT;19042;11;19040;10;19038;11;19054;10;19057;9;19058;8;19048.5;0.0
6;48300;ASH_COATED_OSMIUM;9995;11;;;;;10005;12;;;;;10000.5;0.0
6;48300;INTARIAN_PEPPER_ROOT;19040;12;;;;;19051;12;;;;;19045.5;0.0
6;48400;ASH_COATED_OSMIUM;9997;15;9994;13;;;10013;12;10014;13;;;10005.0;0.0
6;48400;INTARIAN_PEPPER_ROOT;19047;10;;;;;19052;11;;;;;19050.0;0.0
6;48500;ASH_COATED_OSMIUM;9996;7;9993;14;;;10012;10;10013;14;;;10004.0;0.0
6;48500;INTARIAN_PEPPER_ROOT;19044;8;19041;9;;;19055;10;19056;8;;;19049.5;0.0
6;48600;ASH_COATED_OSMIUM;9996;13;;;;;10012;14;;;;;10004.0;0.0
6;48600;INTARIAN_PEPPER_ROOT;19040;11;;;;;19054;11;;;;;19047.5;0.0
6;48700;ASH_COATED_OSMIUM;9991;15;9989;11;9986;12;10007;11;10009;29;10012;14;9999.0;0.0
6;48700;INTARIAN_PEPPER_ROOT;19036;11;19033;11;;;19053;9;19055;6;;;19044.5;0.0
6;48800;ASH_COATED_OSMIUM;9996;9;9994;12;9991;21;10012;15;10014;10;10017;11;10004.0;0.0
6;48800;INTARIAN_PEPPER_ROOT;19046;10;19043;10;;;19059;12;19062;8;;;19053.0;0.0
6;48900;ASH_COATED_OSMIUM;9994;11;9992;11;9989;12;10013;22;10014;29;10017;14;10004.0;0.0
6;48900;INTARIAN_PEPPER_ROOT;19042;15;;;;;19054;21;;;;;19048.0;0.0
6;49000;ASH_COATED_OSMIUM;9996;13;;;;;10012;12;;;;;10004.0;0.0
6;49000;INTARIAN_PEPPER_ROOT;19042;11;19039;8;;;19055;8;19058;12;;;19049.0;0.0
6;49100;ASH_COATED_OSMIUM;9988;14;;;;;10007;15;;;;;9998.0;0.0
6;49100;INTARIAN_PEPPER_ROOT;19042;9;;;;;19055;23;;;;;19048.5;0.0
6;49200;ASH_COATED_OSMIUM;9989;14;;;;;10005;13;;;;;9997.5;0.0
6;49200;INTARIAN_PEPPER_ROOT;19042;9;;;;;19056;12;;;;;19049.0;0.0
6;49300;ASH_COATED_OSMIUM;10000;11;9997;11;9996;15;10005;26;10006;13;10008;14;10002.5;0.0
6;49300;INTARIAN_PEPPER_ROOT;19041;12;19038;8;19037;11;19055;9;19058;25;19061;12;19048.0;0.0
6;49400;ASH_COATED_OSMIUM;9989;10;;;;;10005;10;;;;;9997.0;0.0
6;49400;INTARIAN_PEPPER_ROOT;19045;10;;;;;19057;8;;;;;19051.0;0.0
6;49500;ASH_COATED_OSMIUM;9989;12;;;;;10005;15;;;;;9997.0;0.0
6;49500;INTARIAN_PEPPER_ROOT;19042;24;19039;9;19038;21;19054;12;19057;10;19058;11;19048.0;0.0
6;49600;ASH_COATED_OSMIUM;9994;13;9993;12;;;10010;14;10011;13;;;10002.5;0.0
6;49600;INTARIAN_PEPPER_ROOT;19044;22;19043;11;;;19057;10;19059;8;;;19050.5;0.0
6;49700;ASH_COATED_OSMIUM;9989;12;9988;30;9985;10;10005;22;10008;10;10010;27;9997.0;0.0
6;49700;INTARIAN_PEPPER_ROOT;19042;10;;;;;19056;10;;;;;19049.5;0.0
6;49800;ASH_COATED_OSMIUM;9989;12;;;;;10005;15;;;;;9997.0;0.0
6;49800;INTARIAN_PEPPER_ROOT;19044;9;19042;9;;;19055;8;19056;12;;;19049.5;0.0
6;49900;ASH_COATED_OSMIUM;9994;13;9993;10;;;10010;15;10011;13;;;10002.5;0.0
6;49900;INTARIAN_PEPPER_ROOT;19045;9;19042;8;;;19059;21;19060;12;;;19052.5;0.0
6;50000;ASH_COATED_OSMIUM;9994;11;9992;14;;;10010;24;10013;13;;;10002.5;0.0
6;50000;INTARIAN_PEPPER_ROOT;19042;22;;;;;19059;12;;;;;19050.5;0.0
6;50100;ASH_COATED_OSMIUM;9994;12;9993;12;9992;14;10010;3;10013;22;10014;14;10002.5;0.0
6;50100;INTARIAN_PEPPER_ROOT;19045;12;19044;11;19043;9;19057;9;19060;7;19061;10;19051.0;0.0
6;50200;ASH_COATED_OSMIUM;9992;15;;;;;10002;10;;;;;9997.5;0.0
6;50200;INTARIAN_PEPPER_ROOT;19041;10;;;;;19054;10;;;;;19047.5;0.0
6;50300;ASH_COATED_OSMIUM;9999;11;;;;;10006;24;;;;;10003.0;0.0
6;50300;INTARIAN_PEPPER_ROOT;19043;8;19041;11;;;19055;22;19058;9;;;19049.5;0.0
6;50400;ASH_COATED_OSMIUM;9994;21;9991;13;;;10010;12;10011;14;;;10002.0;0.0
6;50400;INTARIAN_PEPPER_ROOT;19046;9;19043;12;;;19058;11;19061;12;;;19052.0;0.0
6;50500;ASH_COATED_OSMIUM;9994;10;9993;12;9991;13;10010;15;10012;22;10014;14;10002.0;0.0
6;50500;INTARIAN_PEPPER_ROOT;19044;11;19043;8;;;19057;21;19059;9;;;19050.5;0.0
6;50600;ASH_COATED_OSMIUM;9988;13;9985;11;9983;15;10004;14;10007;11;10010;20;9996.5;0.0
6;50600;INTARIAN_PEPPER_ROOT;19048;9;19047;19;19044;11;19059;8;19061;12;19064;8;19053.5;0.0
6;50700;ASH_COATED_OSMIUM;9994;30;9992;11;;;10010;13;10013;15;;;10002.0;0.0
6;50700;INTARIAN_PEPPER_ROOT;19042;8;19041;23;19038;11;19055;9;19056;12;19059;12;19049.0;0.0
6;50800;ASH_COATED_OSMIUM;9986;13;9983;30;9982;15;10007;15;10010;20;10011;10;9996.5;0.0
6;50800;INTARIAN_PEPPER_ROOT;19047;18;;;;;19063;10;;;;;19055.0;0.0
6;50900;ASH_COATED_OSMIUM;9988;12;;;;;10004;14;;;;;9996.5;0.0
6;50900;INTARIAN_PEPPER_ROOT;19045;11;19044;23;;;19059;8;19061;8;;;19052.0;0.0
6;51000;ASH_COATED_OSMIUM;9994;14;9992;12;;;10010;20;10011;11;;;10002.0;0.0
6;51000;INTARIAN_PEPPER_ROOT;19047;12;;;;;19058;11;;;;;19053.0;0.0
6;51100;ASH_COATED_OSMIUM;9988;28;9986;10;9985;12;10004;10;10006;11;10008;15;9996.5;0.0
6;51100;INTARIAN_PEPPER_ROOT;19049;11;19047;12;;;19061;12;19062;24;;;19055.0;0.0
6;51200;ASH_COATED_OSMIUM;9988;10;9985;15;;;10004;13;10006;24;;;9996.0;0.0
6;51200;INTARIAN_PEPPER_ROOT;19045;11;;;;;19056;12;;;;;19050.5;0.0
6;51300;ASH_COATED_OSMIUM;9993;5;;;;;10009;11;;;;;10001.5;0.0
6;51300;INTARIAN_PEPPER_ROOT;19044;23;;;;;19056;11;;;;;19050.0;0.0
6;51400;ASH_COATED_OSMIUM;9990;21;;;;;10011;13;;;;;10001.0;0.0
6;51400;INTARIAN_PEPPER_ROOT;19043;10;;;;;19059;12;;;;;19051.5;0.0
6;51500;ASH_COATED_OSMIUM;9993;12;9992;11;9990;14;10009;10;10012;13;10015;4;10001.5;0.0
6;51500;INTARIAN_PEPPER_ROOT;19046;11;19045;10;19044;24;19058;10;19059;11;19061;8;19052.5;0.0
6;51600;ASH_COATED_OSMIUM;9993;10;9991;13;9990;14;10009;11;10011;11;10013;14;10001.5;0.0
6;51600;INTARIAN_PEPPER_ROOT;19045;17;19043;10;;;19058;12;19060;9;;;19052.0;0.0
6;51700;ASH_COATED_OSMIUM;9990;12;;;;;10011;24;;;;;10001.0;0.0
6;51700;INTARIAN_PEPPER_ROOT;19044;10;;;;;19057;23;;;;;19050.5;0.0
6;51800;ASH_COATED_OSMIUM;9987;14;9984;10;;;10003;11;10006;14;;;9995.0;0.0
6;51800;INTARIAN_PEPPER_ROOT;19043;5;19040;12;;;19058;9;19061;22;;;19051.0;0.0
6;51900;ASH_COATED_OSMIUM;9998;21;;;;;10003;12;;;;;10000.5;0.0
6;51900;INTARIAN_PEPPER_ROOT;19051;11;;;;;19053;11;;;;;19052.0;0.0
6;52000;ASH_COATED_OSMIUM;9987;30;;;;;10003;12;;;;;9995.0;0.0
6;52000;INTARIAN_PEPPER_ROOT;19047;12;19046;24;19045;8;19059;8;19060;10;19063;10;19053.0;0.0
6;52100;ASH_COATED_OSMIUM;9986;14;;;;;10002;29;;;;;9994.5;0.0
6;52100;INTARIAN_PEPPER_ROOT;19047;8;19045;19;;;19062;9;19063;7;;;19054.5;0.0
6;52200;ASH_COATED_OSMIUM;9991;11;9989;10;;;9998;28;10000;10;;;9994.5;0.0
6;52200;INTARIAN_PEPPER_ROOT;19047;19;19045;9;;;19060;12;19062;3;;;19053.5;0.0
6;52300;ASH_COATED_OSMIUM;9986;14;9983;14;;;10002;30;10003;10;;;9994.0;0.0
6;52300;INTARIAN_PEPPER_ROOT;19044;12;19041;8;19038;10;19057;8;19060;12;19063;5;19051.0;0.0
6;52400;ASH_COATED_OSMIUM;9990;23;;;;;10008;15;;;;;9999.5;0.0
6;52400;INTARIAN_PEPPER_ROOT;19046;12;19045;12;;;19057;12;19058;18;;;19051.5;0.0
6;52500;ASH_COATED_OSMIUM;9985;10;;;;;10004;26;;;;;9995.0;0.0
6;52500;INTARIAN_PEPPER_ROOT;19046;12;;;;;19059;9;;;;;19052.5;0.0
6;52600;ASH_COATED_OSMIUM;9992;13;;;;;10008;15;;;;;10000.0;0.0
6;52600;INTARIAN_PEPPER_ROOT;19047;3;;;;;19059;9;;;;;19053.0;0.0
6;52700;ASH_COATED_OSMIUM;9986;13;9984;15;9981;13;10002;13;10005;14;10007;14;9994.5;0.0
6;52700;INTARIAN_PEPPER_ROOT;19045;19;19042;8;;;19059;8;19062;11;;;19052.5;0.0
6;52800;ASH_COATED_OSMIUM;9990;15;9989;12;;;10009;11;10011;10;;;10000.0;0.0
6;52800;INTARIAN_PEPPER_ROOT;19044;11;19041;8;19038;8;19058;12;19061;12;19064;12;19051.5;0.0
6;52900;ASH_COATED_OSMIUM;9992;26;9989;15;;;10008;20;10010;14;;;10000.0;0.0
6;52900;INTARIAN_PEPPER_ROOT;19046;12;;;;;19058;18;;;;;19052.5;0.0
6;53000;ASH_COATED_OSMIUM;9990;21;;;;;10008;21;;;;;9999.5;0.0
6;53000;INTARIAN_PEPPER_ROOT;19045;10;19044;12;;;19063;9;19065;10;;;19054.5;0.0
6;53100;ASH_COATED_OSMIUM;9986;15;;;;;10002;12;;;;;9994.0;0.0
6;53100;INTARIAN_PEPPER_ROOT;19048;19;19045;9;19044;9;19060;11;19062;25;19065;8;19054.5;0.0
6;53200;ASH_COATED_OSMIUM;9991;11;9989;24;;;10007;15;10010;14;;;9999.0;0.0
6;53200;INTARIAN_PEPPER_ROOT;19048;11;19046;11;19045;9;19063;9;19065;9;19068;10;19056.0;0.0
6;53300;ASH_COATED_OSMIUM;9984;14;9983;24;;;10003;22;10005;13;;;9994.0;0.0
6;53300;INTARIAN_PEPPER_ROOT;19043;4;19041;8;;;19059;10;19061;12;;;19051.5;0.0
6;53400;ASH_COATED_OSMIUM;9989;20;9987;10;;;10008;12;10010;12;;;9999.0;0.0
6;53400;INTARIAN_PEPPER_ROOT;19046;17;19045;21;;;19062;24;19064;8;;;19054.0;0.0
6;53500;ASH_COATED_OSMIUM;9989;15;9986;13;;;10008;30;10010;10;;;9999.0;0.0
6;53500;INTARIAN_PEPPER_ROOT;19050;5;;;;;19061;8;;;;;19055.5;0.0
6;53600;ASH_COATED_OSMIUM;9994;11;9993;10;;;10004;3;10005;10;;;9999.0;0.0
6;53600;INTARIAN_PEPPER_ROOT;19046;11;19044;12;19043;17;19059;22;19060;10;19063;9;19053.0;0.0
6;53700;ASH_COATED_OSMIUM;9991;25;9990;25;;;10007;14;10008;12;;;9999.0;0.0
6;53700;INTARIAN_PEPPER_ROOT;19049;9;19046;11;;;19061;8;19062;8;;;19055.5;0.0
6;53800;ASH_COATED_OSMIUM;9983;10;9981;13;;;10002;10;10003;11;;;9993.0;0.0
6;53800;INTARIAN_PEPPER_ROOT;19049;12;;;;;19063;23;;;;;19056.0;0.0
6;53900;ASH_COATED_OSMIUM;9984;12;;;;;10000;11;;;;;9992.5;0.0
6;53900;INTARIAN_PEPPER_ROOT;19047;9;19044;9;;;19059;8;19062;8;;;19053.5;0.0
6;54000;ASH_COATED_OSMIUM;9984;12;;;;;10000;10;;;;;9992.5;0.0
6;54000;INTARIAN_PEPPER_ROOT;19043;11;19040;9;19037;10;19054;12;19057;8;19058;8;19049.0;0.0
6;54100;ASH_COATED_OSMIUM;9990;12;;;;;10006;10;;;;;9998.0;0.0
6;54100;INTARIAN_PEPPER_ROOT;19046;9;19045;8;19042;9;19060;22;19062;12;19064;12;19053.5;0.0
6;54200;ASH_COATED_OSMIUM;9989;15;9987;15;9986;30;10005;15;10006;10;10009;28;9997.5;0.0
6;54200;INTARIAN_PEPPER_ROOT;19048;10;;;;;19063;10;;;;;19055.5;0.0
6;54300;ASH_COATED_OSMIUM;9984;12;9981;13;;;10000;23;10003;27;;;9992.5;0.0
6;54300;INTARIAN_PEPPER_ROOT;19045;9;;;;;19063;11;;;;;19054.5;0.0
6;54400;ASH_COATED_OSMIUM;9984;20;9982;15;;;10000;15;10002;10;;;9992.0;0.0
6;54400;INTARIAN_PEPPER_ROOT;19049;11;19046;10;;;19061;8;19062;17;;;19055.0;0.0
6;54500;ASH_COATED_OSMIUM;9989;11;;;;;10005;12;;;;;9997.5;0.0
6;54500;INTARIAN_PEPPER_ROOT;19048;24;19045;12;;;19064;9;19067;12;;;19056.5;0.0
6;54600;ASH_COATED_OSMIUM;9989;14;9988;15;;;10005;14;10008;14;;;9997.0;0.0
6;54600;INTARIAN_PEPPER_ROOT;19046;9;19043;12;19040;10;19059;12;19062;9;19063;12;19053.0;0.0
6;54700;ASH_COATED_OSMIUM;9989;11;9987;14;;;10005;14;10008;13;;;9997.0;0.0
6;54700;INTARIAN_PEPPER_ROOT;19047;10;;;;;19060;22;;;;;19053.5;0.0
6;54800;ASH_COATED_OSMIUM;9988;10;9986;11;;;10006;15;10008;15;;;9997.0;0.0
6;54800;INTARIAN_PEPPER_ROOT;19046;12;19043;12;19041;9;19059;10;19061;22;19062;11;19052.5;0.0
6;54900;ASH_COATED_OSMIUM;9984;15;9983;15;;;10000;11;10003;13;;;9992.0;0.0
6;54900;INTARIAN_PEPPER_ROOT;19051;11;19048;9;;;19063;12;19064;10;;;19057.5;0.0
6;55000;ASH_COATED_OSMIUM;9987;15;9984;14;9981;13;10006;12;10007;10;10010;13;9997.0;0.0
6;55000;INTARIAN_PEPPER_ROOT;19046;11;19043;9;;;19059;9;19061;12;;;19052.5;0.0
6;55100;ASH_COATED_OSMIUM;9983;14;9981;26;9979;11;9999;11;10000;10;10003;10;9991.5;0.0
6;55100;INTARIAN_PEPPER_ROOT;19048;10;19047;11;;;19062;9;19063;8;;;19055.5;0.0
6;55200;ASH_COATED_OSMIUM;9984;11;9982;10;;;10000;25;10002;15;;;9992.0;0.0
6;55200;INTARIAN_PEPPER_ROOT;19046;10;19043;11;;;19057;20;19058;10;;;19051.5;0.0
6;55300;ASH_COATED_OSMIUM;9983;5;9982;11;9981;15;9999;15;10000;11;10001;14;9991.5;0.0
6;55300;INTARIAN_PEPPER_ROOT;19047;11;19044;12;;;19059;11;19062;20;;;19053.0;0.0
6;55400;ASH_COATED_OSMIUM;9983;12;;;;;9999;13;;;;;9991.5;0.0
6;55400;INTARIAN_PEPPER_ROOT;19045;12;;;;;19059;9;;;;;19052.5;0.0
6;55500;ASH_COATED_OSMIUM;9986;20;9984;11;9981;11;10007;10;10009;30;10012;14;9997.0;0.0
6;55500;INTARIAN_PEPPER_ROOT;19048;10;19047;21;;;19061;11;19064;8;;;19054.5;0.0
6;55600;ASH_COATED_OSMIUM;9982;10;9980;14;;;10001;10;10003;12;;;9992.0;0.0
6;55600;INTARIAN_PEPPER_ROOT;19045;23;;;;;19061;16;;;;;19053.5;0.0
6;55700;ASH_COATED_OSMIUM;9989;14;;;;;10005;28;;;;;9997.0;0.0
6;55700;INTARIAN_PEPPER_ROOT;19050;11;;;;;19062;21;;;;;19056.5;0.0
6;55800;ASH_COATED_OSMIUM;9987;13;9984;12;;;10006;15;10007;15;;;9996.5;0.0
6;55800;INTARIAN_PEPPER_ROOT;19046;10;;;;;19065;8;;;;;19055.5;0.0
6;55900;ASH_COATED_OSMIUM;9982;15;9980;14;;;10000;14;10001;10;;;9991.5;0.0
6;55900;INTARIAN_PEPPER_ROOT;19047;11;19044;17;;;19065;24;19067;10;;;19056.0;0.0
6;56000;ASH_COATED_OSMIUM;9989;15;;;;;10005;14;;;;;9997.0;0.0
6;56000;INTARIAN_PEPPER_ROOT;19049;3;19046;12;;;19063;8;19066;9;;;19056.0;0.0
6;56100;ASH_COATED_OSMIUM;9983;30;9981;14;;;9999;14;10001;13;;;9991.0;0.0
6;56100;INTARIAN_PEPPER_ROOT;19051;11;;;;;19065;8;;;;;19058.0;0.0
6;56200;ASH_COATED_OSMIUM;9983;11;9982;15;9980;5;9999;10;10000;14;10003;12;9991.5;0.0
6;56200;INTARIAN_PEPPER_ROOT;19041;11;19038;9;;;19058;9;19059;9;;;19050.0;0.0
6;56300;ASH_COATED_OSMIUM;9982;12;9981;2;;;10001;14;10003;13;;;9991.5;0.0
6;56300;INTARIAN_PEPPER_ROOT;19048;11;;;;;19064;12;;;;;19056.0;0.0
6;56400;ASH_COATED_OSMIUM;9987;13;9984;30;;;10005;11;10008;10;;;9996.0;0.0
6;56400;INTARIAN_PEPPER_ROOT;19050;8;19048;9;;;19064;18;19065;5;;;19057.0;0.0
6;56500;ASH_COATED_OSMIUM;9987;14;9986;11;;;10005;10;10006;10;;;9996.5;0.0
6;56500;INTARIAN_PEPPER_ROOT;19050;20;19047;10;;;19064;25;19067;9;;;19057.0;0.0
6;56600;ASH_COATED_OSMIUM;9987;12;;;;;10005;15;;;;;9996.5;0.0
6;56600;INTARIAN_PEPPER_ROOT;19048;9;19045;12;;;19064;11;19065;10;;;19056.5;0.0
6;56700;ASH_COATED_OSMIUM;9982;10;9980;5;;;10001;13;10004;10;;;9991.5;0.0
6;56700;INTARIAN_PEPPER_ROOT;19052;10;19051;21;;;19067;8;19068;12;;;19059.5;0.0
6;56800;ASH_COATED_OSMIUM;9984;15;9983;30;;;10000;14;10002;14;;;9992.0;0.0
6;56800;INTARIAN_PEPPER_ROOT;19049;9;19047;10;19044;9;19063;8;19065;21;19068;12;19056.5;0.0
6;56900;ASH_COATED_OSMIUM;9989;13;9987;12;;;10005;13;10006;13;;;9997.5;0.0
6;56900;INTARIAN_PEPPER_ROOT;19051;12;19048;21;;;19065;12;19068;12;;;19058.5;0.0
6;57000;ASH_COATED_OSMIUM;9984;15;9983;11;9981;3;10000;10;10002;10;10003;2;9992.0;0.0
6;57000;INTARIAN_PEPPER_ROOT;19051;11;19050;11;19048;9;19064;11;19067;9;19070;25;19058.0;0.0
6;57100;ASH_COATED_OSMIUM;9994;10;9991;22;9989;10;10000;11;10002;13;10003;13;9997.5;0.0
6;57100;INTARIAN_PEPPER_ROOT;19053;12;19051;22;19048;10;19064;8;19066;12;19067;10;19058.5;0.0
6;57200;ASH_COATED_OSMIUM;9984;26;;;;;10000;14;;;;;9992.5;0.0
6;57200;INTARIAN_PEPPER_ROOT;19052;10;19051;4;;;19063;9;19066;8;;;19058.0;0.0
6;57300;ASH_COATED_OSMIUM;9990;21;;;;;10006;14;;;;;9998.0;0.0
6;57300;INTARIAN_PEPPER_ROOT;19050;10;19048;9;;;19062;9;19063;10;;;19056.5;0.0
6;57400;ASH_COATED_OSMIUM;9984;21;9982;13;;;10000;3;10003;13;;;9992.5;0.0
6;57400;INTARIAN_PEPPER_ROOT;19045;8;;;;;19061;12;;;;;19053.0;0.0
6;57500;ASH_COATED_OSMIUM;9987;9;;;;;9999;15;;;;;9993.0;0.0
6;57500;INTARIAN_PEPPER_ROOT;19048;10;19045;11;19043;10;19062;12;19064;11;19065;8;19055.5;0.0
6;57600;ASH_COATED_OSMIUM;9990;12;9988;15;;;10006;11;10009;12;;;9998.5;0.0
6;57600;INTARIAN_PEPPER_ROOT;19047;11;;;;;19060;24;;;;;19053.5;0.0
6;57700;ASH_COATED_OSMIUM;9991;15;;;;;10007;12;;;;;9999.0;0.0
6;57700;INTARIAN_PEPPER_ROOT;19049;10;;;;;19065;8;;;;;19057.5;0.0
6;57800;ASH_COATED_OSMIUM;9990;14;;;;;10006;15;;;;;9998.5;0.0
6;57800;INTARIAN_PEPPER_ROOT;19048;12;;;;;19060;12;;;;;19054.0;0.0
6;57900;ASH_COATED_OSMIUM;9985;13;9984;15;9982;11;10001;13;10004;15;10005;10;9993.5;0.0
6;57900;INTARIAN_PEPPER_ROOT;19048;11;;;;;19067;11;;;;;19058.0;0.0
6;58000;ASH_COATED_OSMIUM;9990;14;9987;29;9986;11;10008;23;10011;11;10013;14;9999.0;0.0
6;58000;INTARIAN_PEPPER_ROOT;19053;11;;;;;19065;8;;;;;19059.0;0.0
6;58100;ASH_COATED_OSMIUM;9991;14;9989;28;;;10007;11;10010;14;;;9999.0;0.0
6;58100;INTARIAN_PEPPER_ROOT;19049;9;19046;25;;;19060;8;19063;11;;;19054.5;0.0
6;58200;ASH_COATED_OSMIUM;9991;13;9990;26;;;10007;15;10009;12;;;9999.0;0.0
6;58200;INTARIAN_PEPPER_ROOT;19054;10;19053;9;;;19065;24;19067;11;;;19059.5;0.0
6;58300;ASH_COATED_OSMIUM;9988;10;9986;13;;;9999;13;10001;13;;;9993.5;0.0
6;58300;INTARIAN_PEPPER_ROOT;19049;10;19047;8;19045;23;19063;17;19066;9;19067;25;19056.5;0.0
6;58400;ASH_COATED_OSMIUM;9990;10;9988;28;9986;10;10006;13;10009;14;10010;15;9998.5;0.0
6;58400;INTARIAN_PEPPER_ROOT;19054;12;19052;10;;;19066;9;19067;4;;;19060.0;0.0
6;58500;ASH_COATED_OSMIUM;9990;6;9989;29;9988;12;10006;14;10007;10;10010;6;9998.5;0.0
6;58500;INTARIAN_PEPPER_ROOT;19051;9;19049;9;;;19064;11;19065;12;;;19058.0;0.0
6;58600;ASH_COATED_OSMIUM;9991;14;9990;20;;;10007;14;10010;12;;;9999.0;0.0
6;58600;INTARIAN_PEPPER_ROOT;19057;12;19054;11;19052;11;19060;9;19062;11;19065;11;19059.0;0.0
6;58700;ASH_COATED_OSMIUM;9991;26;9989;30;;;10007;14;10010;22;;;9999.5;0.0
6;58700;INTARIAN_PEPPER_ROOT;19052;11;19050;10;;;19065;10;19066;12;;;19058.5;0.0
6;58800;ASH_COATED_OSMIUM;9988;15;9985;22;;;10001;14;10004;9;;;9994.5;0.0
6;58800;INTARIAN_PEPPER_ROOT;19051;9;;;;;19065;10;;;;;19058.5;0.0
6;58900;ASH_COATED_OSMIUM;9988;10;;;;;10001;30;;;;;9994.5;0.0
6;58900;INTARIAN_PEPPER_ROOT;19055;10;19054;10;19052;11;19069;8;19071;11;19074;11;19062.0;0.0
6;59000;ASH_COATED_OSMIUM;9985;15;9982;28;;;10004;11;10005;13;;;9994.5;0.0
6;59000;INTARIAN_PEPPER_ROOT;19046;9;19043;12;;;19062;11;19063;11;;;19054.5;0.0
6;59100;ASH_COATED_OSMIUM;9992;11;9990;11;;;10008;12;10011;11;;;10000.0;0.0
6;59100;INTARIAN_PEPPER_ROOT;19053;9;19052;10;;;19069;18;19071;10;;;19061.5;0.0
6;59200;ASH_COATED_OSMIUM;9990;10;9988;12;;;10000;13;10002;14;;;9995.0;0.0
6;59200;INTARIAN_PEPPER_ROOT;19061;20;19058;11;;;19064;19;19067;12;;;19063.0;0.0
6;59300;ASH_COATED_OSMIUM;9987;10;9986;14;;;10003;15;10004;14;;;9995.0;0.0
6;59300;INTARIAN_PEPPER_ROOT;19050;9;19047;11;19045;12;19065;12;19066;9;19068;9;19057.5;0.0
6;59400;ASH_COATED_OSMIUM;9987;11;;;;;10003;15;;;;;9995.5;0.0
6;59400;INTARIAN_PEPPER_ROOT;19048;25;19045;9;;;19064;20;19065;12;;;19056.5;0.0
6;59500;ASH_COATED_OSMIUM;9987;27;9985;12;;;10005;15;10008;14;;;9996.0;0.0
6;59500;INTARIAN_PEPPER_ROOT;19047;24;19044;23;;;19064;12;19066;25;;;19056.0;0.0
6;59600;ASH_COATED_OSMIUM;9993;20;;;;;10009;10;;;;;10001.5;0.0
6;59600;INTARIAN_PEPPER_ROOT;19054;5;19053;12;;;19067;10;19070;8;;;19061.0;0.0
6;59700;ASH_COATED_OSMIUM;9988;12;;;;;10004;10;;;;;9996.0;0.0
6;59700;INTARIAN_PEPPER_ROOT;19053;8;19052;9;19051;12;19067;12;19069;16;19072;9;19060.5;0.0
6;59800;ASH_COATED_OSMIUM;9985;11;9984;15;9983;12;10006;12;10009;15;10012;15;9996.0;0.0
6;59800;INTARIAN_PEPPER_ROOT;19052;8;;;;;19069;11;;;;;19060.5;0.0
6;59900;ASH_COATED_OSMIUM;9993;26;9992;13;;;10009;13;10010;11;;;10001.0;0.0
6;59900;INTARIAN_PEPPER_ROOT;19054;9;19052;8;;;19067;12;19069;11;;;19061.0;0.0
6;60000;ASH_COATED_OSMIUM;9987;12;;;;;10005;14;;;;;9996.0;0.0
6;60000;INTARIAN_PEPPER_ROOT;19053;16;;;;;19066;17;;;;;19060.0;0.0
6;60100;ASH_COATED_OSMIUM;9986;30;9985;10;;;10005;2;10007;12;;;9995.5;0.0
6;60100;INTARIAN_PEPPER_ROOT;19049;10;;;;;19063;12;;;;;19056.5;0.0
6;60200;ASH_COATED_OSMIUM;9999;11;9997;14;9995;15;10005;27;10007;11;10009;12;10002.0;0.0
6;60200;INTARIAN_PEPPER_ROOT;19057;10;;;;;19071;8;;;;;19064.0;0.0
6;60300;ASH_COATED_OSMIUM;9994;11;9991;12;;;10010;12;10013;20;;;10002.0;0.0
6;60300;INTARIAN_PEPPER_ROOT;19050;11;;;;;19063;8;;;;;19057.0;0.0
6;60400;ASH_COATED_OSMIUM;9994;21;;;;;10010;15;;;;;10002.0;0.0
6;60400;INTARIAN_PEPPER_ROOT;19056;8;;;;;19068;8;;;;;19062.0;0.0
6;60500;ASH_COATED_OSMIUM;9993;13;9990;12;9989;11;10009;11;10011;15;10012;10;10001.5;0.0
6;60500;INTARIAN_PEPPER_ROOT;19056;9;;;;;19068;15;;;;;19062.0;0.0
6;60600;ASH_COATED_OSMIUM;9989;12;9986;12;;;10005;27;10006;10;;;9997.0;0.0
6;60600;INTARIAN_PEPPER_ROOT;19051;20;19049;18;;;19067;9;19069;11;;;19059.0;0.0
6;60700;ASH_COATED_OSMIUM;9993;15;;;;;10009;13;;;;;10001.5;0.0
6;60700;INTARIAN_PEPPER_ROOT;19055;8;19054;8;;;19069;21;19071;12;;;19062.0;0.0
6;60800;ASH_COATED_OSMIUM;9993;13;9990;20;9989;15;10009;14;10011;15;10013;12;10001.5;0.0
6;60800;INTARIAN_PEPPER_ROOT;19053;8;19051;12;;;19065;10;19068;10;;;19059.0;0.0
6;60900;ASH_COATED_OSMIUM;9988;11;9987;20;;;10004;15;10005;12;;;9996.5;0.0
6;60900;INTARIAN_PEPPER_ROOT;19050;9;19047;12;;;19065;18;19068;8;;;19058.0;0.0
6;61000;ASH_COATED_OSMIUM;9993;3;9990;15;;;10009;13;10010;4;;;10001.5;0.0
6;61000;INTARIAN_PEPPER_ROOT;19053;9;19050;9;19049;9;19067;11;19069;25;19070;8;19060.0;0.0
6;61100;ASH_COATED_OSMIUM;9991;11;9989;14;;;10000;15;10002;12;;;9996.0;0.0
6;61100;INTARIAN_PEPPER_ROOT;19057;10;19056;9;;;19069;9;19070;11;;;19063.5;0.0
6;61200;ASH_COATED_OSMIUM;9988;14;;;;;10004;12;;;;;9996.0;0.0
6;61200;INTARIAN_PEPPER_ROOT;19050;25;;;;;19063;11;;;;;19057.0;0.0
6;61300;ASH_COATED_OSMIUM;9993;15;9991;10;9989;22;10009;26;10011;14;10013;11;10001.5;0.0
6;61300;INTARIAN_PEPPER_ROOT;19054;24;;;;;19068;11;;;;;19061.5;0.0
6;61400;ASH_COATED_OSMIUM;9994;24;;;;;10010;13;;;;;10002.0;0.0
6;61400;INTARIAN_PEPPER_ROOT;19057;8;19056;12;;;19070;8;19073;8;;;19063.5;0.0
6;61500;ASH_COATED_OSMIUM;9988;15;;;;;10004;25;;;;;9996.5;0.0
6;61500;INTARIAN_PEPPER_ROOT;19055;12;19054;21;;;19075;19;19077;10;;;19065.0;0.0
6;61600;ASH_COATED_OSMIUM;9988;11;9985;14;9984;12;10004;7;10006;23;10007;12;9996.0;0.0
6;61600;INTARIAN_PEPPER_ROOT;19057;21;19054;4;;;19070;8;19073;11;;;19063.5;0.0
6;61700;ASH_COATED_OSMIUM;9994;14;;;;;10010;12;;;;;10002.0;0.0
6;61700;INTARIAN_PEPPER_ROOT;19052;9;;;;;19068;9;;;;;19060.5;0.0
6;61800;ASH_COATED_OSMIUM;9987;15;;;;;10005;13;;;;;9996.5;0.0
6;61800;INTARIAN_PEPPER_ROOT;19058;11;19057;8;19056;9;19071;10;19072;11;19075;8;19064.5;0.0
6;61900;ASH_COATED_OSMIUM;9993;20;9990;13;9988;11;10009;12;10011;12;10013;11;10001.5;0.0
6;61900;INTARIAN_PEPPER_ROOT;19057;24;;;;;19070;10;;;;;19064.0;0.0
6;62000;ASH_COATED_OSMIUM;9993;13;9991;11;;;10009;11;10011;10;;;10001.0;0.0
6;62000;INTARIAN_PEPPER_ROOT;19055;22;19054;10;19051;11;19068;11;19071;23;19072;11;19061.5;0.0
6;62100;ASH_COATED_OSMIUM;9988;27;9985;10;9982;10;10004;27;10006;11;10007;29;9996.0;0.0
6;62100;INTARIAN_PEPPER_ROOT;19056;8;19055;8;19053;12;19068;12;19069;12;19071;9;19062.0;0.0
6;62200;ASH_COATED_OSMIUM;9999;28;9998;23;9996;10;10004;11;10005;12;10008;10;10001.5;0.0
6;62200;INTARIAN_PEPPER_ROOT;19051;10;19050;10;19048;18;19068;5;19071;11;19072;9;19060.0;0.0
6;62300;ASH_COATED_OSMIUM;9992;11;;;;;10010;15;;;;;10001.5;0.0
6;62300;INTARIAN_PEPPER_ROOT;19052;11;19051;9;19049;10;19065;10;19068;10;19069;17;19058.5;0.0
6;62400;ASH_COATED_OSMIUM;9991;13;;;;;10001;15;;;;;9996.0;0.0
6;62400;INTARIAN_PEPPER_ROOT;19057;11;19054;11;;;19070;8;19073;12;;;19063.5;0.0
6;62500;ASH_COATED_OSMIUM;9992;11;9989;14;9987;11;10010;12;10011;23;10014;25;10001.0;0.0
6;62500;INTARIAN_PEPPER_ROOT;19059;9;19058;20;19055;9;19070;11;19071;24;19074;11;19065.0;0.0
6;62600;ASH_COATED_OSMIUM;9991;12;9989;11;;;10010;11;10013;10;;;10001.0;0.0
6;62600;INTARIAN_PEPPER_ROOT;19054;8;;;;;19068;8;;;;;19061.5;0.0
6;62700;ASH_COATED_OSMIUM;9993;12;9992;28;;;10009;15;10010;13;;;10001.5;0.0
6;62700;INTARIAN_PEPPER_ROOT;19057;8;;;;;19068;11;;;;;19063.0;0.0
6;62800;ASH_COATED_OSMIUM;9988;14;9987;15;;;10004;13;10007;14;;;9996.5;0.0
6;62800;INTARIAN_PEPPER_ROOT;19055;9;19052;9;19051;9;19069;11;19071;12;19074;10;19062.0;0.0
6;62900;ASH_COATED_OSMIUM;9994;30;;;;;10010;24;;;;;10002.0;0.0
6;62900;INTARIAN_PEPPER_ROOT;19054;11;19052;12;;;19069;9;19070;20;;;19062.0;0.0
6;63000;ASH_COATED_OSMIUM;9991;12;9990;13;;;10012;15;10013;26;;;10002.0;0.0
6;63000;INTARIAN_PEPPER_ROOT;19052;12;19051;21;19050;12;19069;19;19072;12;19073;20;19061.0;0.0
6;63100;ASH_COATED_OSMIUM;9994;12;9993;11;9991;26;10010;14;10013;11;10015;12;10002.0;0.0
6;63100;INTARIAN_PEPPER_ROOT;19055;11;19053;8;;;19066;11;19067;10;;;19061.0;0.0
6;63200;ASH_COATED_OSMIUM;9996;15;9993;11;;;10006;11;10007;12;;;10001.5;0.0
6;63200;INTARIAN_PEPPER_ROOT;19055;25;19052;22;;;19069;24;19072;9;;;19062.5;0.0
6;63300;ASH_COATED_OSMIUM;9988;13;9987;15;;;10004;13;10006;11;;;9996.0;0.0
6;63300;INTARIAN_PEPPER_ROOT;19058;10;19057;12;19056;11;19069;9;19070;8;19071;12;19063.5;0.0
6;63400;ASH_COATED_OSMIUM;9987;28;;;;;10005;13;;;;;9996.0;0.0
6;63400;INTARIAN_PEPPER_ROOT;19059;11;19057;20;;;19070;9;19072;12;;;19065.0;0.0
6;63500;ASH_COATED_OSMIUM;9993;28;9992;4;9991;20;10009;13;10010;11;10011;12;10001.5;0.0
6;63500;INTARIAN_PEPPER_ROOT;19055;9;19053;12;;;19070;23;19072;19;;;19063.0;0.0
6;63600;ASH_COATED_OSMIUM;9997;11;;;;;10007;14;;;;;10002.0;0.0
6;63600;INTARIAN_PEPPER_ROOT;19055;12;19053;12;19051;9;19072;8;19074;9;19075;12;19063.5;0.0
6;63700;ASH_COATED_OSMIUM;9992;13;9989;14;9986;11;10011;25;10013;12;10015;11;10002.0;0.0
6;63700;INTARIAN_PEPPER_ROOT;19055;9;19054;11;;;19067;16;19068;10;;;19061.0;0.0
6;63800;ASH_COATED_OSMIUM;9988;15;9985;13;;;10004;25;10005;11;;;9996.0;0.0
6;63800;INTARIAN_PEPPER_ROOT;19050;12;;;;;19064;11;;;;;19057.0;0.0
6;63900;ASH_COATED_OSMIUM;9992;10;9989;22;;;10010;12;10012;14;;;10001.0;0.0
6;63900;INTARIAN_PEPPER_ROOT;19055;10;19052;11;;;19072;12;19073;12;;;19063.5;0.0
6;64000;ASH_COATED_OSMIUM;9987;2;;;;;10005;13;;;;;9996.0;0.0
6;64000;INTARIAN_PEPPER_ROOT;19055;8;19054;12;;;19069;12;19071;9;;;19062.0;0.0
6;64100;ASH_COATED_OSMIUM;9988;29;9986;11;;;10004;14;10007;14;;;9996.0;0.0
6;64100;INTARIAN_PEPPER_ROOT;19056;11;19053;12;;;19070;11;19072;9;;;19063.0;0.0
6;64200;ASH_COATED_OSMIUM;9992;15;9990;11;9987;11;10008;15;10011;10;10013;13;10000.5;0.0
6;64200;INTARIAN_PEPPER_ROOT;19059;8;19057;12;;;19073;12;19076;12;;;19066.0;0.0
6;64300;ASH_COATED_OSMIUM;9993;13;;;;;10009;11;;;;;10001.5;0.0
6;64300;INTARIAN_PEPPER_ROOT;19057;9;19056;10;19054;12;19070;11;19071;10;19073;11;19063.5;0.0
6;64400;ASH_COATED_OSMIUM;9991;11;9990;5;9987;11;10010;15;10011;11;10013;15;10000.5;0.0
6;64400;INTARIAN_PEPPER_ROOT;19056;10;19053;8;;;19072;8;19074;11;;;19064.5;0.0
6;64500;ASH_COATED_OSMIUM;9992;15;9989;10;9987;14;10010;28;10011;11;10012;12;10001.0;0.0
6;64500;INTARIAN_PEPPER_ROOT;19055;16;19054;10;;;19072;8;19075;23;;;19064.0;0.0
6;64600;ASH_COATED_OSMIUM;9994;15;;;;;10010;10;;;;;10002.0;0.0
6;64600;INTARIAN_PEPPER_ROOT;19061;11;;;;;19074;9;;;;;19067.5;0.0
6;64700;ASH_COATED_OSMIUM;9989;10;9987;15;;;10005;11;10008;15;;;9997.5;0.0
6;64700;INTARIAN_PEPPER_ROOT;19058;8;;;;;19069;8;;;;;19064.0;0.0
6;64800;ASH_COATED_OSMIUM;9994;15;;;;;10010;22;;;;;10002.5;0.0
6;64800;INTARIAN_PEPPER_ROOT;19058;9;19056;10;;;19071;9;19072;8;;;19065.0;0.0
6;64900;ASH_COATED_OSMIUM;9995;6;;;;;10011;11;;;;;10003.0;0.0
