day;timestamp;product;bid_price_1;bid_volume_1;bid_price_2;bid_volume_2;bid_price_3;bid_volume_3;ask_price_1;ask_volume_1;ask_price_2;ask_volume_2;ask_price_3;ask_volume_3;mid_price;profit_and_loss
44;0;ASH_COATED_OSMIUM;9998;15;;;;;10006;13;;;;;10002.0;0.0
44;0;INTARIAN_PEPPER_ROOT;56998;11;56997;12;;;57010;8;57012;9;;;57004.0;0.0
44;100;ASH_COATED_OSMIUM;9993;13;;;;;10009;15;;;;;10001.0;0.0
44;100;INTARIAN_PEPPER_ROOT;56991;8;56988;10;56987;11;57008;24;57011;10;57014;10;57000.0;0.0
44;200;ASH_COATED_OSMIUM;9991;11;;;;;10007;20;;;;;9999.5;0.0
44;200;INTARIAN_PEPPER_ROOT;56992;8;56990;8;;;57009;10;57011;10;;;57001.0;0.0
44;300;ASH_COATED_OSMIUM;9993;13;9992;14;9991;10;10011;12;10012;15;10013;26;10002.0;0.0
44;300;INTARIAN_PEPPER_ROOT;56990;8;56989;9;;;57009;11;57012;10;;;57000.0;0.0
44;400;ASH_COATED_OSMIUM;9995;13;9992;11;;;10011;10;10012;10;;;10003.0;0.0
44;400;INTARIAN_PEPPER_ROOT;56992;10;56989;21;56987;12;57004;12;57007;11;57009;10;56998.0;0.0
44;500;ASH_COATED_OSMIUM;9994;14;9992;15;9990;10;10012;11;10015;27;10018;10;10003.5;0.0
44;500;INTARIAN_PEPPER_ROOT;56997;19;56995;12;;;57010;8;57011;8;;;57004.0;0.0
44;600;ASH_COATED_OSMIUM;9995;14;9992;14;9991;15;10011;15;10014;10;10015;13;10003.0;0.0
44;600;INTARIAN_PEPPER_ROOT;56992;9;;;;;57004;8;;;;;56998.0;0.0
44;700;ASH_COATED_OSMIUM;9999;7;;;;;10015;2;;;;;10007.5;0.0
44;700;INTARIAN_PEPPER_ROOT;56994;12;56992;11;;;57011;9;57014;21;;;57003.0;0.0
44;800;ASH_COATED_OSMIUM;9995;15;9994;14;;;10011;12;10013;12;;;10003.0;0.0
44;800;INTARIAN_PEPPER_ROOT;56992;12;56990;12;;;57000;9;57001;8;;;56996.5;0.0
44;900;ASH_COATED_OSMIUM;9993;29;9992;10;9990;14;10009;11;10011;12;10014;12;10001.0;0.0
44;900;INTARIAN_PEPPER_ROOT;56992;8;56991;12;;;57005;12;57006;12;;;56999.0;0.0
44;1000;ASH_COATED_OSMIUM;9997;10;9996;15;9993;14;10013;10;10015;13;10017;10;10005.5;0.0
44;1000;INTARIAN_PEPPER_ROOT;56995;12;56993;9;;;57013;21;57016;11;;;57004.5;0.0
44;1100;ASH_COATED_OSMIUM;10002;12;10000;15;9997;10;10018;15;10019;10;10022;15;10010.0;0.0
44;1100;INTARIAN_PEPPER_ROOT;56996;12;;;;;57008;9;;;;;57002.5;0.0
44;1200;ASH_COATED_OSMIUM;10001;13;9999;10;;;10017;10;10020;14;;;10009.0;0.0
44;1200;INTARIAN_PEPPER_ROOT;56994;5;56992;10;;;57007;16;57009;11;;;57000.5;0.0
44;1300;ASH_COATED_OSMIUM;10001;12;9999;13;;;10017;12;10018;10;;;10009.5;0.0
44;1300;INTARIAN_PEPPER_ROOT;56994;8;56992;10;56990;11;57010;11;57013;9;57014;9;57002.5;0.0
44;1400;ASH_COATED_OSMIUM;9993;13;9990;12;9989;12;10009;13;10010;14;10011;12;10001.5;0.0
44;1400;INTARIAN_PEPPER_ROOT;56996;8;56995;11;;;57007;12;57010;10;;;57002.0;0.0
44;1500;ASH_COATED_OSMIUM;9995;13;9994;15;;;10011;12;10012;11;;;10003.0;0.0
44;1500;INTARIAN_PEPPER_ROOT;56996;10;56993;10;;;57008;8;57011;9;;;57002.5;0.0
44;1600;ASH_COATED_OSMIUM;9995;15;;;;;10013;14;;;;;10004.0;0.0
44;1600;INTARIAN_PEPPER_ROOT;56992;11;;;;;57005;21;;;;;56998.5;0.0
44;1700;ASH_COATED_OSMIUM;9998;13;9996;11;;;10016;21;10018;12;;;10007.5;0.0
44;1700;INTARIAN_PEPPER_ROOT;56995;12;56993;8;56991;11;57008;12;57011;11;57012;8;57002.0;0.0
44;1800;ASH_COATED_OSMIUM;9997;15;9994;11;9991;30;10013;14;10015;11;10018;15;10005.5;0.0
44;1800;INTARIAN_PEPPER_ROOT;56993;6;56990;11;;;57005;9;57007;12;;;56999.5;0.0
44;1900;ASH_COATED_OSMIUM;9994;10;;;;;10010;25;;;;;10002.5;0.0
44;1900;INTARIAN_PEPPER_ROOT;56992;8;56989;11;;;57008;18;57010;9;;;57000.5;0.0
44;2000;ASH_COATED_OSMIUM;9994;15;;;;;10012;11;;;;;10003.0;0.0
44;2000;INTARIAN_PEPPER_ROOT;56997;8;56996;8;56993;11;57008;11;57010;10;57011;9;57003.0;0.0
44;2100;ASH_COATED_OSMIUM;9993;27;9990;10;;;10011;11;10012;10;;;10002.0;0.0
44;2100;INTARIAN_PEPPER_ROOT;56997;22;56995;17;;;57011;9;57012;17;;;57004.5;0.0
44;2200;ASH_COATED_OSMIUM;9986;22;9985;27;;;10002;15;10005;30;;;9994.5;0.0
44;2200;INTARIAN_PEPPER_ROOT;56995;12;56993;8;56992;9;57009;10;57012;9;57015;10;57002.5;0.0
44;2300;ASH_COATED_OSMIUM;9980;13;9978;10;9975;14;9996;14;9997;15;9999;10;9988.0;0.0
44;2300;INTARIAN_PEPPER_ROOT;56996;9;;;;;57011;10;;;;;57004.0;0.0
44;2400;ASH_COATED_OSMIUM;9984;11;9983;13;;;10000;24;10001;3;;;9992.5;0.0
44;2400;INTARIAN_PEPPER_ROOT;57000;11;56999;8;56997;8;57012;18;57013;22;57014;3;57006.5;0.0
44;2500;ASH_COATED_OSMIUM;9984;12;9981;15;;;10000;11;10001;14;;;9992.5;0.0
44;2500;INTARIAN_PEPPER_ROOT;56996;12;;;;;57008;15;;;;;57002.0;0.0
44;2600;ASH_COATED_OSMIUM;9985;15;;;;;10001;10;;;;;9993.0;0.0
44;2600;INTARIAN_PEPPER_ROOT;56993;11;56990;12;;;57009;11;57011;11;;;57001.0;0.0
44;2700;ASH_COATED_OSMIUM;9986;11;9984;4;;;10002;13;10005;10;;;9994.0;0.0
44;2700;INTARIAN_PEPPER_ROOT;56996;9;56995;11;56992;10;57012;10;57013;10;57016;8;57004.0;0.0
44;2800;ASH_COATED_OSMIUM;9987;12;9986;12;9984;12;10003;10;10005;10;10006;21;9995.5;0.0
44;2800;INTARIAN_PEPPER_ROOT;56996;8;;;;;57007;9;;;;;57001.5;0.0
44;2900;ASH_COATED_OSMIUM;9989;14;9986;15;;;10005;14;10008;11;;;9997.5;0.0
44;2900;INTARIAN_PEPPER_ROOT;56993;12;56991;9;56990;3;57006;11;57009;8;57010;12;57000.0;0.0
44;3000;ASH_COATED_OSMIUM;9995;10;9994;30;;;10011;10;10012;13;;;10003.5;0.0
44;3000;INTARIAN_PEPPER_ROOT;56998;10;;;;;57014;9;;;;;57006.5;0.0
44;3100;ASH_COATED_OSMIUM;9988;14;9987;10;;;10004;10;10005;10;;;9996.0;0.0
44;3100;INTARIAN_PEPPER_ROOT;56995;11;;;;;57009;8;;;;;57002.5;0.0
44;3200;ASH_COATED_OSMIUM;9982;23;9980;12;9979;14;9998;13;10000;14;10003;15;9990.0;0.0
44;3200;INTARIAN_PEPPER_ROOT;56996;22;;;;;57009;8;;;;;57002.5;0.0
44;3300;ASH_COATED_OSMIUM;9988;13;;;;;9998;10;;;;;9993.0;0.0
44;3300;INTARIAN_PEPPER_ROOT;56997;8;56995;10;;;57013;11;57016;16;;;57005.0;0.0
44;3400;ASH_COATED_OSMIUM;9992;14;9991;14;9988;13;10008;10;10009;12;10011;14;10000.0;0.0
44;3400;INTARIAN_PEPPER_ROOT;56997;9;56995;10;;;57010;9;57011;8;;;57004.0;0.0
44;3500;ASH_COATED_OSMIUM;9992;27;9989;10;9987;13;10008;29;10011;11;10013;12;10000.5;0.0
44;3500;INTARIAN_PEPPER_ROOT;56995;18;56992;9;;;57008;10;57010;9;;;57001.5;0.0
44;3600;ASH_COATED_OSMIUM;9991;25;9988;14;;;10007;11;10010;10;;;9999.5;0.0
44;3600;INTARIAN_PEPPER_ROOT;56997;16;56994;8;;;57008;22;57009;10;;;57002.5;0.0
44;3700;ASH_COATED_OSMIUM;9995;15;;;;;10011;20;;;;;10003.5;0.0
44;3700;INTARIAN_PEPPER_ROOT;56999;9;56998;11;;;57011;11;57014;11;;;57005.0;0.0
44;3800;ASH_COATED_OSMIUM;9997;12;9995;12;9994;13;10008;11;10009;13;10010;30;10003.0;0.0
44;3800;INTARIAN_PEPPER_ROOT;56992;10;56991;11;;;57007;9;57010;11;;;57000.0;0.0
44;3900;ASH_COATED_OSMIUM;9993;25;;;;;10009;12;;;;;10001.5;0.0
44;3900;INTARIAN_PEPPER_ROOT;57000;12;56997;9;;;57014;10;57015;10;;;57007.0;0.0
44;4000;ASH_COATED_OSMIUM;9997;27;;;;;10013;25;;;;;10005.0;0.0
44;4000;INTARIAN_PEPPER_ROOT;57001;8;;;;;57014;12;;;;;57007.5;0.0
44;4100;ASH_COATED_OSMIUM;9997;11;9994;14;9993;13;10015;13;10016;29;10018;14;10006.0;0.0
44;4100;INTARIAN_PEPPER_ROOT;57005;11;57003;8;57002;9;57008;12;57011;11;57012;11;57007.0;0.0
44;4200;ASH_COATED_OSMIUM;10000;14;;;;;10019;10;;;;;10010.0;0.0
44;4200;INTARIAN_PEPPER_ROOT;56996;11;56993;8;56991;9;57009;9;57012;8;57015;10;57002.5;0.0
44;4300;ASH_COATED_OSMIUM;9999;15;9997;11;;;10015;13;10017;14;;;10007.0;0.0
44;4300;INTARIAN_PEPPER_ROOT;56996;9;56995;10;56994;11;57009;16;57012;8;57013;18;57002.5;0.0
44;4400;ASH_COATED_OSMIUM;9996;10;;;;;10014;11;;;;;10005.0;0.0
44;4400;INTARIAN_PEPPER_ROOT;57004;12;;;;;57009;8;;;;;57006.5;0.0
44;4500;ASH_COATED_OSMIUM;9991;10;;;;;10010;10;;;;;10000.5;0.0
44;4500;INTARIAN_PEPPER_ROOT;56995;9;;;;;57012;11;;;;;57004.0;0.0
44;4600;ASH_COATED_OSMIUM;9984;21;9981;14;9979;10;10000;24;10002;20;10004;23;9992.5;0.0
44;4600;INTARIAN_PEPPER_ROOT;57002;11;57000;22;;;57013;11;57015;12;;;57008.0;0.0
44;4700;ASH_COATED_OSMIUM;9986;15;9983;28;;;10002;13;10005;14;;;9994.0;0.0
44;4700;INTARIAN_PEPPER_ROOT;57001;8;;;;;57012;16;;;;;57006.5;0.0
44;4800;ASH_COATED_OSMIUM;9987;15;9984;11;;;9999;11;10001;30;;;9993.5;0.0
44;4800;INTARIAN_PEPPER_ROOT;56998;15;56997;11;;;57009;21;57011;18;;;57004.0;0.0
44;4900;ASH_COATED_OSMIUM;9985;21;9982;15;;;10001;12;10004;5;;;9993.5;0.0
44;4900;INTARIAN_PEPPER_ROOT;56995;18;56993;10;;;57009;11;57010;11;;;57002.5;0.0
44;5000;ASH_COATED_OSMIUM;9984;15;9981;14;9979;21;10000;14;10002;25;10003;13;9992.5;0.0
44;5000;INTARIAN_PEPPER_ROOT;56996;9;;;;;57010;10;;;;;57003.5;0.0
44;5100;ASH_COATED_OSMIUM;9987;10;9986;22;9985;14;10003;23;10004;11;10006;14;9995.5;0.0
44;5100;INTARIAN_PEPPER_ROOT;57003;8;57000;11;56997;11;57013;12;57015;8;57017;12;57008.0;0.0
44;5200;ASH_COATED_OSMIUM;9999;14;9997;12;;;10009;12;10012;13;;;10004.0;0.0
44;5200;INTARIAN_PEPPER_ROOT;56999;10;56997;8;;;57015;10;57017;9;;;57007.5;0.0
44;5300;ASH_COATED_OSMIUM;9992;26;9989;12;9987;12;10008;14;10011;12;10012;10;10000.5;0.0
44;5300;INTARIAN_PEPPER_ROOT;57001;12;;;;;57013;10;;;;;57007.5;0.0
44;5400;ASH_COATED_OSMIUM;9999;13;9998;10;9995;10;10015;12;10016;15;10018;15;10007.0;0.0
44;5400;INTARIAN_PEPPER_ROOT;56998;11;56995;20;56993;25;57010;12;57012;10;57014;11;57004.5;0.0
44;5500;ASH_COATED_OSMIUM;10000;12;;;;;10016;29;;;;;10008.0;0.0
44;5500;INTARIAN_PEPPER_ROOT;57000;8;56998;10;;;57012;9;57014;10;;;57006.5;0.0
44;5600;ASH_COATED_OSMIUM;9998;10;9995;10;9994;13;10016;15;10019;12;10020;15;10007.5;0.0
44;5600;INTARIAN_PEPPER_ROOT;56995;11;56994;10;;;57006;11;57007;19;;;57000.5;0.0
44;5700;ASH_COATED_OSMIUM;9998;14;9996;10;9995;15;10014;10;10015;12;10018;14;10006.0;0.0
44;5700;INTARIAN_PEPPER_ROOT;56998;11;;;;;57012;8;;;;;57005.5;0.0
44;5800;ASH_COATED_OSMIUM;9995;11;9994;10;;;10011;14;10012;14;;;10003.0;0.0
44;5800;INTARIAN_PEPPER_ROOT;56999;10;56998;9;;;57013;17;57015;25;;;57006.0;0.0
44;5900;ASH_COATED_OSMIUM;9995;12;;;;;10013;12;;;;;10004.0;0.0
44;5900;INTARIAN_PEPPER_ROOT;56998;9;56996;11;56995;9;57010;9;57011;22;57012;10;57004.5;0.0
44;6000;ASH_COATED_OSMIUM;9996;11;9993;23;9990;14;10012;13;10013;13;10015;12;10004.5;0.0
44;6000;INTARIAN_PEPPER_ROOT;57001;21;56999;12;;;57012;11;57013;10;;;57007.0;0.0
44;6100;ASH_COATED_OSMIUM;10003;12;10002;13;10001;10;10019;12;10021;28;10023;13;10011.0;0.0
44;6100;INTARIAN_PEPPER_ROOT;57000;24;56999;9;;;57013;10;57016;20;;;57006.5;0.0
44;6200;ASH_COATED_OSMIUM;10002;10;;;;;10011;24;;;;;10007.0;0.0
44;6200;INTARIAN_PEPPER_ROOT;56997;10;;;;;57011;24;;;;;57004.0;0.0
44;6300;ASH_COATED_OSMIUM;10007;10;10004;14;10002;27;10018;14;10019;14;10021;10;10012.5;0.0
44;6300;INTARIAN_PEPPER_ROOT;57001;12;56999;24;56996;8;57012;10;57015;18;57017;12;57006.5;0.0
44;6400;ASH_COATED_OSMIUM;10004;14;;;;;10020;14;;;;;10012.5;0.0
44;6400;INTARIAN_PEPPER_ROOT;57000;10;56999;10;;;57012;12;57015;23;;;57006.5;0.0
44;6500;ASH_COATED_OSMIUM;10001;28;9998;11;;;10017;13;10020;14;;;10009.5;0.0
44;6500;INTARIAN_PEPPER_ROOT;57003;11;57000;10;56998;10;57017;8;57020;12;57023;9;57010.0;0.0
44;6600;ASH_COATED_OSMIUM;9999;11;;;;;10015;12;;;;;10007.0;0.0
44;6600;INTARIAN_PEPPER_ROOT;57006;11;57004;9;;;57014;24;57017;20;;;57010.5;0.0
44;6700;ASH_COATED_OSMIUM;9999;15;9996;14;9994;14;10015;23;10016;10;10019;10;10007.5;0.0
44;6700;INTARIAN_PEPPER_ROOT;56997;12;56995;11;;;57009;12;57010;16;;;57003.5;0.0
44;6800;ASH_COATED_OSMIUM;10005;27;10002;10;10001;6;10021;12;10022;14;10024;28;10013.5;0.0
44;6800;INTARIAN_PEPPER_ROOT;57002;11;56999;9;;;57014;5;57015;10;;;57008.0;0.0
44;6900;ASH_COATED_OSMIUM;9994;11;9992;15;9989;22;10012;10;10014;13;10016;15;10003.5;0.0
44;6900;INTARIAN_PEPPER_ROOT;57004;8;57001;19;;;57017;10;57019;10;;;57010.5;0.0
44;7000;ASH_COATED_OSMIUM;9995;20;9992;14;9991;15;10005;12;10007;12;10008;21;10000.5;0.0
44;7000;INTARIAN_PEPPER_ROOT;57002;11;57000;11;56997;12;57015;9;57016;9;57019;8;57009.0;0.0
44;7100;ASH_COATED_OSMIUM;9987;20;9984;15;9983;14;10003;12;10005;30;10007;13;9995.5;0.0
44;7100;INTARIAN_PEPPER_ROOT;56996;9;56995;23;;;57010;11;57012;12;;;57003.0;0.0
44;7200;ASH_COATED_OSMIUM;9994;6;9991;13;;;10010;15;10011;25;;;10002.5;0.0
44;7200;INTARIAN_PEPPER_ROOT;57005;8;;;;;57016;8;;;;;57010.5;0.0
44;7300;ASH_COATED_OSMIUM;9993;11;;;;;10009;10;;;;;10001.0;0.0
44;7300;INTARIAN_PEPPER_ROOT;57001;16;;;;;57015;23;;;;;57008.0;0.0
44;7400;ASH_COATED_OSMIUM;9991;3;9990;15;9989;22;10007;13;10010;14;10013;15;9999.5;0.0
44;7400;INTARIAN_PEPPER_ROOT;57003;9;57001;15;;;57016;12;57018;10;;;57010.0;0.0
44;7500;ASH_COATED_OSMIUM;9987;15;9984;14;9983;3;10003;10;10005;14;10008;23;9995.5;0.0
44;7500;INTARIAN_PEPPER_ROOT;57001;10;56999;17;;;57016;12;57017;23;;;57009.0;0.0
44;7600;ASH_COATED_OSMIUM;9991;10;9988;10;9987;3;10009;11;10012;13;10013;12;10000.5;0.0
44;7600;INTARIAN_PEPPER_ROOT;57000;10;56998;15;56995;10;57013;10;57015;11;57018;8;57006.5;0.0
44;7700;ASH_COATED_OSMIUM;9993;15;;;;;10009;15;;;;;10001.0;0.0
44;7700;INTARIAN_PEPPER_ROOT;57002;12;57000;12;;;57016;10;57019;11;;;57009.0;0.0
44;7800;ASH_COATED_OSMIUM;9991;22;9990;10;;;10007;14;10008;13;;;9999.5;0.0
44;7800;INTARIAN_PEPPER_ROOT;57002;10;57000;12;;;57014;11;57017;12;;;57008.5;0.0
44;7900;ASH_COATED_OSMIUM;9994;10;9991;14;;;10010;11;10012;10;;;10002.0;0.0
44;7900;INTARIAN_PEPPER_ROOT;57000;9;56997;25;56995;11;57013;11;57015;11;57017;8;57006.5;0.0
44;8000;ASH_COATED_OSMIUM;9990;13;;;;;10006;12;;;;;9998.0;0.0
44;8000;INTARIAN_PEPPER_ROOT;56997;10;56994;10;;;57012;11;57014;10;;;57005.0;0.0
44;8100;ASH_COATED_OSMIUM;9993;12;;;;;10009;15;;;;;10001.5;0.0
44;8100;INTARIAN_PEPPER_ROOT;57006;12;57003;12;57001;10;57018;8;57020;8;57023;10;57012.5;0.0
44;8200;ASH_COATED_OSMIUM;9988;13;9986;27;;;10007;20;10008;12;;;9998.0;0.0
44;8200;INTARIAN_PEPPER_ROOT;57004;11;57002;8;;;57017;9;57020;8;;;57011.0;0.0
44;8300;ASH_COATED_OSMIUM;9993;13;9991;11;;;10009;26;10011;10;;;10001.5;0.0
44;8300;INTARIAN_PEPPER_ROOT;56998;8;56996;11;;;57014;9;57016;10;;;57006.0;0.0
44;8400;ASH_COATED_OSMIUM;9991;10;;;;;10007;13;;;;;9999.5;0.0
44;8400;INTARIAN_PEPPER_ROOT;57002;11;56999;11;56997;12;57014;15;57017;8;57020;10;57008.5;0.0
44;8500;ASH_COATED_OSMIUM;9987;12;9984;14;;;10003;13;10006;25;;;9995.5;0.0
44;8500;INTARIAN_PEPPER_ROOT;57007;8;57005;10;;;57019;24;57022;11;;;57013.5;0.0
44;8600;ASH_COATED_OSMIUM;9989;23;9986;13;9985;14;10005;12;10007;15;10010;15;9997.5;0.0
44;8600;INTARIAN_PEPPER_ROOT;57002;10;56999;24;;;57016;10;57017;10;;;57009.0;0.0
44;8700;ASH_COATED_OSMIUM;9991;23;9990;13;9987;14;10007;14;10008;11;10009;15;9999.0;0.0
44;8700;INTARIAN_PEPPER_ROOT;57004;10;57003;23;57001;15;57020;11;57021;10;57024;10;57012.5;0.0
44;8800;ASH_COATED_OSMIUM;9990;14;9987;11;;;10006;11;10008;10;;;9998.0;0.0
44;8800;INTARIAN_PEPPER_ROOT;56999;10;56998;9;;;57013;25;57015;8;;;57006.5;0.0
44;8900;ASH_COATED_OSMIUM;9989;11;9987;15;9984;12;10005;10;10006;23;10007;13;9997.0;0.0
44;8900;INTARIAN_PEPPER_ROOT;57003;4;57001;8;57000;8;57014;10;57017;11;57020;20;57009.0;0.0
44;9000;ASH_COATED_OSMIUM;9988;10;9986;4;9983;10;10004;11;10006;14;10009;14;9996.5;0.0
44;9000;INTARIAN_PEPPER_ROOT;57002;10;57000;10;56998;8;57014;11;57017;23;57018;10;57008.0;0.0
44;9100;ASH_COATED_OSMIUM;9995;10;9993;10;9991;10;10011;14;10014;13;10016;4;10003.5;0.0
44;9100;INTARIAN_PEPPER_ROOT;57007;20;57006;8;;;57019;11;57020;22;;;57013.0;0.0
44;9200;ASH_COATED_OSMIUM;9999;13;9998;13;;;10004;15;10005;15;;;10001.5;0.0
44;9200;INTARIAN_PEPPER_ROOT;57002;12;;;;;57013;9;;;;;57008.0;0.0
44;9300;ASH_COATED_OSMIUM;9992;4;9991;10;;;10008;10;10010;14;;;10000.0;0.0
44;9300;INTARIAN_PEPPER_ROOT;57003;10;57001;11;;;57017;8;57020;12;;;57010.0;0.0
44;9400;ASH_COATED_OSMIUM;9995;10;9994;14;9993;12;10014;13;10017;14;10019;13;10004.5;0.0
44;9400;INTARIAN_PEPPER_ROOT;57011;9;57008;21;57006;20;57014;9;57015;19;57018;8;57013.0;0.0
44;9500;ASH_COATED_OSMIUM;9989;13;9987;11;;;10008;20;10010;13;;;9999.0;0.0
44;9500;INTARIAN_PEPPER_ROOT;57001;8;;;;;57013;10;;;;;57007.0;0.0
44;9600;ASH_COATED_OSMIUM;9987;10;9985;11;;;10005;14;10007;15;;;9996.5;0.0
44;9600;INTARIAN_PEPPER_ROOT;57001;9;57000;10;56999;8;57015;12;57017;9;57019;12;57008.5;0.0
44;9700;ASH_COATED_OSMIUM;9985;10;9982;14;;;10001;6;10003;12;;;9993.0;0.0
44;9700;INTARIAN_PEPPER_ROOT;56998;9;56996;8;56995;9;57012;9;57015;10;57018;12;57005.5;0.0
44;9800;ASH_COATED_OSMIUM;9984;11;9982;15;;;10000;24;10002;13;;;9992.0;0.0
44;9800;INTARIAN_PEPPER_ROOT;57001;15;56998;9;;;57012;9;57014;6;;;57007.0;0.0
44;9900;ASH_COATED_OSMIUM;9990;15;9987;12;;;10005;11;10007;15;;;9998.0;0.0
44;9900;INTARIAN_PEPPER_ROOT;57007;9;57005;8;;;57019;20;57020;8;;;57013.0;0.0
44;10000;ASH_COATED_OSMIUM;9989;11;9988;4;9985;10;10005;14;10008;14;10011;10;9997.0;0.0
44;10000;INTARIAN_PEPPER_ROOT;57003;9;57002;12;;;57017;23;57018;9;;;57010.5;0.0
44;10100;ASH_COATED_OSMIUM;9987;14;9984;26;;;10003;21;10004;13;;;9995.0;0.0
44;10100;INTARIAN_PEPPER_ROOT;57007;8;57005;12;;;57010;8;57012;10;;;57008.5;0.0
44;10200;ASH_COATED_OSMIUM;9987;20;;;;;10003;3;;;;;9995.0;0.0
44;10200;INTARIAN_PEPPER_ROOT;57003;11;57000;8;;;57020;10;57022;12;;;57012.0;0.0
44;10300;ASH_COATED_OSMIUM;9992;13;9990;13;9987;15;10008;11;10011;14;10012;10;10000.5;0.0
44;10300;INTARIAN_PEPPER_ROOT;57004;11;57001;12;56999;8;57018;8;57020;8;57023;10;57011.0;0.0
44;10400;ASH_COATED_OSMIUM;9991;14;9989;3;9987;10;10007;12;10008;12;10010;11;9999.0;0.0
44;10400;INTARIAN_PEPPER_ROOT;57003;10;;;;;57015;16;;;;;57009.0;0.0
44;10500;ASH_COATED_OSMIUM;9999;12;9998;25;9995;10;10015;15;10016;8;10017;13;10007.0;0.0
44;10500;INTARIAN_PEPPER_ROOT;57003;17;57002;10;;;57016;9;57019;11;;;57010.0;0.0
44;10600;ASH_COATED_OSMIUM;9996;12;9994;25;9993;15;10012;15;10014;11;10016;10;10004.5;0.0
44;10600;INTARIAN_PEPPER_ROOT;57004;8;;;;;57015;11;;;;;57010.0;0.0
44;10700;ASH_COATED_OSMIUM;9996;15;;;;;10012;12;;;;;10004.0;0.0
44;10700;INTARIAN_PEPPER_ROOT;57000;12;56998;12;56997;8;57012;10;57015;16;57018;9;57006.5;0.0
44;10800;ASH_COATED_OSMIUM;9995;23;9993;10;9992;13;10011;12;10013;10;10014;14;10003.0;0.0
44;10800;INTARIAN_PEPPER_ROOT;57012;8;57010;10;57008;10;57020;10;57021;12;57023;11;57016.0;0.0
44;10900;ASH_COATED_OSMIUM;9993;13;9992;10;9991;10;10009;13;10012;12;10013;13;10001.0;0.0
44;10900;INTARIAN_PEPPER_ROOT;57003;10;;;;;57018;9;;;;;57011.0;0.0
44;11000;ASH_COATED_OSMIUM;9986;13;;;;;10005;11;;;;;9996.0;0.0
44;11000;INTARIAN_PEPPER_ROOT;57005;8;57004;9;;;57018;12;57021;12;;;57012.0;0.0
44;11100;ASH_COATED_OSMIUM;9991;10;9989;14;;;10007;13;10009;14;;;9999.5;0.0
44;11100;INTARIAN_PEPPER_ROOT;57002;8;57000;12;;;57018;15;57019;10;;;57010.0;0.0
44;11200;ASH_COATED_OSMIUM;9990;13;9987;22;;;10006;12;10007;11;;;9998.0;0.0
44;11200;INTARIAN_PEPPER_ROOT;57002;11;57001;11;;;57015;11;57017;10;;;57009.0;0.0
44;11300;ASH_COATED_OSMIUM;9989;12;9988;23;;;10005;13;10008;26;;;9997.0;0.0
44;11300;INTARIAN_PEPPER_ROOT;56999;10;;;;;57012;9;;;;;57006.0;0.0
44;11400;ASH_COATED_OSMIUM;9984;11;;;;;10003;13;;;;;9994.0;0.0
44;11400;INTARIAN_PEPPER_ROOT;57003;8;57001;8;;;57017;19;57020;9;;;57010.0;0.0
44;11500;ASH_COATED_OSMIUM;9986;11;9984;5;9982;28;10005;10;10007;15;10008;22;9996.0;0.0
44;11500;INTARIAN_PEPPER_ROOT;57006;9;57004;9;57003;9;57018;25;57019;8;57022;11;57012.5;0.0
44;11600;ASH_COATED_OSMIUM;9988;14;9987;13;9986;15;10004;3;10006;14;10008;27;9996.0;0.0
44;11600;INTARIAN_PEPPER_ROOT;57007;23;57005;10;57002;11;57020;12;57021;22;57023;10;57014.0;0.0
44;11700;ASH_COATED_OSMIUM;9989;15;9987;14;;;10008;14;10010;28;;;9999.0;0.0
44;11700;INTARIAN_PEPPER_ROOT;57008;9;57006;12;57005;8;57023;19;57026;16;57027;9;57015.5;0.0
44;11800;ASH_COATED_OSMIUM;9987;15;9986;15;9983;26;10006;12;10009;12;10010;14;9996.5;0.0
44;11800;INTARIAN_PEPPER_ROOT;57008;19;57007;9;57006;10;57020;16;57021;8;57023;9;57014.0;0.0
44;11900;ASH_COATED_OSMIUM;9988;15;9987;27;9985;11;10004;10;10005;12;10008;12;9996.5;0.0
44;11900;INTARIAN_PEPPER_ROOT;57005;10;57002;10;;;57019;8;57021;24;;;57012.5;0.0
44;12000;ASH_COATED_OSMIUM;9989;13;9987;13;;;10005;21;10008;10;;;9997.0;0.0
44;12000;INTARIAN_PEPPER_ROOT;57009;11;57006;10;;;57021;9;57024;12;;;57015.0;0.0
44;12100;ASH_COATED_OSMIUM;9987;13;9985;15;;;10008;14;10009;14;;;9998.0;0.0
44;12100;INTARIAN_PEPPER_ROOT;57006;9;57005;17;57003;12;57019;10;57020;8;57023;23;57013.0;0.0
44;12200;ASH_COATED_OSMIUM;9986;13;9983;21;;;10002;15;10004;10;;;9994.5;0.0
44;12200;INTARIAN_PEPPER_ROOT;57009;9;;;;;57021;8;;;;;57015.0;0.0
44;12300;ASH_COATED_OSMIUM;9990;10;9989;12;;;10008;15;10010;11;;;9999.0;0.0
44;12300;INTARIAN_PEPPER_ROOT;57002;8;57001;10;;;57016;9;57018;9;;;57009.0;0.0
44;12400;ASH_COATED_OSMIUM;9999;11;;;;;10015;21;;;;;10007.5;0.0
44;12400;INTARIAN_PEPPER_ROOT;57006;25;57003;11;;;57022;10;57024;17;;;57014.5;0.0
44;12500;ASH_COATED_OSMIUM;9996;11;;;;;10012;13;;;;;10004.0;0.0
44;12500;INTARIAN_PEPPER_ROOT;57007;9;;;;;57021;9;;;;;57014.5;0.0
44;12600;ASH_COATED_OSMIUM;9991;10;9990;11;;;10007;25;10010;15;;;9999.0;0.0
44;12600;INTARIAN_PEPPER_ROOT;57005;8;57002;10;57000;11;57021;10;57022;10;57023;23;57013.0;0.0
44;12700;ASH_COATED_OSMIUM;9988;14;9986;14;9983;12;10004;13;10007;24;10008;11;9996.0;0.0
44;12700;INTARIAN_PEPPER_ROOT;57007;9;57004;10;;;57019;19;57022;10;;;57013.0;0.0
44;12800;ASH_COATED_OSMIUM;9987;11;9985;14;;;10003;10;10006;15;;;9995.0;0.0
44;12800;INTARIAN_PEPPER_ROOT;57008;10;57006;10;;;57020;8;57021;11;;;57014.0;0.0
44;12900;ASH_COATED_OSMIUM;9987;13;9985;13;;;10006;12;10007;12;;;9997.0;0.0
44;12900;INTARIAN_PEPPER_ROOT;57007;10;57004;9;57003;11;57023;12;57025;9;57027;9;57015.0;0.0
44;13000;ASH_COATED_OSMIUM;9994;13;9993;14;;;10010;12;10012;15;;;10002.0;0.0
44;13000;INTARIAN_PEPPER_ROOT;57006;10;57004;11;;;57020;17;57021;15;;;57013.5;0.0
44;13100;ASH_COATED_OSMIUM;9989;4;9988;11;;;10007;13;10008;30;;;9998.5;0.0
44;13100;INTARIAN_PEPPER_ROOT;57005;12;57003;10;;;57017;10;57019;23;;;57011.0;0.0
44;13200;ASH_COATED_OSMIUM;9989;12;9987;15;9985;10;10005;14;10008;15;10009;13;9997.5;0.0
44;13200;INTARIAN_PEPPER_ROOT;57002;10;56999;16;;;57019;9;57022;8;;;57011.0;0.0
44;13300;ASH_COATED_OSMIUM;9981;15;;;;;9997;25;;;;;9989.5;0.0
44;13300;INTARIAN_PEPPER_ROOT;57010;9;57008;11;;;57022;11;57025;11;;;57016.5;0.0
44;13400;ASH_COATED_OSMIUM;9978;13;9975;12;9974;10;9997;11;9998;12;10001;13;9987.5;0.0
44;13400;INTARIAN_PEPPER_ROOT;57010;17;;;;;57016;11;;;;;57013.0;0.0
44;13500;ASH_COATED_OSMIUM;9976;10;9974;15;9972;23;9992;13;9995;14;9996;15;9984.0;0.0
44;13500;INTARIAN_PEPPER_ROOT;57006;8;57005;11;57003;7;57019;22;57020;10;57021;23;57013.0;0.0
44;13600;ASH_COATED_OSMIUM;9978;11;;;;;9994;15;;;;;9986.0;0.0
44;13600;INTARIAN_PEPPER_ROOT;57004;9;57001;25;;;57015;9;57016;10;;;57010.0;0.0
44;13700;ASH_COATED_OSMIUM;9979;12;9977;13;9974;12;9995;30;9996;14;9999;13;9987.0;0.0
44;13700;INTARIAN_PEPPER_ROOT;57002;16;56999;8;;;57020;9;57022;3;;;57011.5;0.0
44;13800;ASH_COATED_OSMIUM;9979;13;;;;;9998;12;;;;;9988.5;0.0
44;13800;INTARIAN_PEPPER_ROOT;57007;11;57005;23;;;57019;9;57020;20;;;57013.5;0.0
44;13900;ASH_COATED_OSMIUM;9978;23;;;;;9994;10;;;;;9986.0;0.0
44;13900;INTARIAN_PEPPER_ROOT;57012;10;57011;12;;;57015;8;57018;10;;;57014.0;0.0
44;14000;ASH_COATED_OSMIUM;9984;13;9981;15;;;10003;13;10006;11;;;9993.5;0.0
44;14000;INTARIAN_PEPPER_ROOT;57007;10;57004;15;57002;23;57020;20;57021;12;57023;12;57013.5;0.0
44;14100;ASH_COATED_OSMIUM;9986;11;9984;14;;;10004;21;10005;11;;;9995.5;0.0
44;14100;INTARIAN_PEPPER_ROOT;57007;25;57005;12;;;57019;9;57020;8;;;57013.0;0.0
44;14200;ASH_COATED_OSMIUM;9991;26;9989;15;;;10007;10;10008;12;;;9999.0;0.0
44;14200;INTARIAN_PEPPER_ROOT;57010;9;;;;;57024;12;;;;;57017.0;0.0
44;14300;ASH_COATED_OSMIUM;9989;15;;;;;10008;10;;;;;9998.5;0.0
44;14300;INTARIAN_PEPPER_ROOT;57007;12;57005;18;;;57020;22;57022;16;;;57014.0;0.0
44;14400;ASH_COATED_OSMIUM;9982;11;9981;14;;;9998;14;9999;30;;;9990.0;0.0
44;14400;INTARIAN_PEPPER_ROOT;57008;21;57007;25;57006;9;57021;20;57024;15;57025;12;57014.5;0.0
44;14500;ASH_COATED_OSMIUM;9978;15;9975;12;;;9994;11;9997;14;;;9986.5;0.0
44;14500;INTARIAN_PEPPER_ROOT;57010;10;57008;9;57006;18;57025;10;57026;8;57028;5;57018.0;0.0
44;14600;ASH_COATED_OSMIUM;9979;13;9977;10;9976;7;9995;11;9997;13;10000;10;9987.5;0.0
44;14600;INTARIAN_PEPPER_ROOT;57005;8;;;;;57017;12;;;;;57011.5;0.0
44;14700;ASH_COATED_OSMIUM;9981;15;9980;10;;;9999;11;10001;11;;;9990.0;0.0
44;14700;INTARIAN_PEPPER_ROOT;57012;22;;;;;57027;9;;;;;57020.0;0.0
44;14800;ASH_COATED_OSMIUM;9990;22;;;;;9999;11;;;;;9994.5;0.0
44;14800;INTARIAN_PEPPER_ROOT;57006;10;;;;;57019;11;;;;;57013.0;0.0
44;14900;ASH_COATED_OSMIUM;9986;12;9984;25;9982;14;10005;13;10008;13;10011;12;9996.0;0.0
44;14900;INTARIAN_PEPPER_ROOT;57006;10;;;;;57023;5;;;;;57014.5;0.0
44;15000;ASH_COATED_OSMIUM;9984;11;9982;14;;;10000;11;10003;14;;;9992.5;0.0
44;15000;INTARIAN_PEPPER_ROOT;57013;8;57010;12;;;57025;8;57028;10;;;57019.5;0.0
44;15100;ASH_COATED_OSMIUM;9983;10;9982;13;;;9999;12;10002;15;;;9991.5;0.0
44;15100;INTARIAN_PEPPER_ROOT;57014;18;57013;10;57012;24;57017;9;57020;8;57022;19;57015.5;0.0
44;15200;ASH_COATED_OSMIUM;9982;11;;;;;9998;14;;;;;9990.5;0.0
44;15200;INTARIAN_PEPPER_ROOT;57010;11;57009;10;57007;8;57024;9;57026;9;57027;9;57017.5;0.0
44;15300;ASH_COATED_OSMIUM;9979;12;9977;22;;;9995;10;9997;11;;;9987.0;0.0
44;15300;INTARIAN_PEPPER_ROOT;57012;8;;;;;57024;11;;;;;57018.0;0.0
44;15400;ASH_COATED_OSMIUM;9983;12;9982;13;;;9999;15;10000;29;;;9991.5;0.0
44;15400;INTARIAN_PEPPER_ROOT;57009;8;;;;;57021;11;;;;;57015.5;0.0
44;15500;ASH_COATED_OSMIUM;9985;10;9983;14;9982;12;10003;22;10006;14;10007;15;9994.5;0.0
44;15500;INTARIAN_PEPPER_ROOT;57011;11;;;;;57025;4;;;;;57018.5;0.0
44;15600;ASH_COATED_OSMIUM;9986;12;;;;;10002;12;;;;;9994.5;0.0
44;15600;INTARIAN_PEPPER_ROOT;57007;23;57005;11;57003;21;57021;8;57023;20;57024;12;57014.0;0.0
44;15700;ASH_COATED_OSMIUM;9985;10;;;;;10001;13;;;;;9993.5;0.0
44;15700;INTARIAN_PEPPER_ROOT;57007;10;;;;;57020;12;;;;;57013.5;0.0
44;15800;ASH_COATED_OSMIUM;9981;10;9980;24;;;10000;13;10001;13;;;9990.5;0.0
44;15800;INTARIAN_PEPPER_ROOT;57016;25;57015;12;;;57027;19;57029;12;;;57022.0;0.0
44;15900;ASH_COATED_OSMIUM;9989;15;9986;10;9984;10;10000;13;10001;13;10003;14;9994.5;0.0
44;15900;INTARIAN_PEPPER_ROOT;57013;15;57010;6;57009;9;57025;10;57026;10;57027;17;57019.0;0.0
44;16000;ASH_COATED_OSMIUM;9988;14;9987;15;;;10004;12;10005;27;;;9996.5;0.0
44;16000;INTARIAN_PEPPER_ROOT;57005;9;;;;;57022;9;;;;;57014.0;0.0
44;16100;ASH_COATED_OSMIUM;9993;12;9992;14;9990;12;10003;11;10006;15;10008;11;9998.0;0.0
44;16100;INTARIAN_PEPPER_ROOT;57005;11;57003;12;57001;24;57022;11;57023;10;57026;16;57014.0;0.0
44;16200;ASH_COATED_OSMIUM;9988;14;9985;10;9984;13;10004;11;10005;15;10006;12;9996.5;0.0
44;16200;INTARIAN_PEPPER_ROOT;57008;9;;;;;57024;8;;;;;57016.5;0.0
44;16300;ASH_COATED_OSMIUM;9983;14;9980;10;9979;11;10001;13;10002;24;10003;11;9992.5;0.0
44;16300;INTARIAN_PEPPER_ROOT;57011;11;57008;10;57005;9;57025;10;57028;8;57029;10;57018.5;0.0
44;16400;ASH_COATED_OSMIUM;9988;14;9987;14;;;10004;20;10005;15;;;9996.0;0.0
44;16400;INTARIAN_PEPPER_ROOT;57011;8;57009;15;57006;15;57028;10;57031;11;57034;12;57019.5;0.0
44;16500;ASH_COATED_OSMIUM;9986;12;;;;;10005;10;;;;;9995.5;0.0
44;16500;INTARIAN_PEPPER_ROOT;57012;12;57010;12;;;57024;11;57027;11;;;57018.0;0.0
44;16600;ASH_COATED_OSMIUM;9995;10;9994;24;9992;12;10000;12;10001;10;10002;12;9998.0;0.0
44;16600;INTARIAN_PEPPER_ROOT;57010;9;57008;8;;;57022;10;57024;10;;;57016.0;0.0
44;16700;ASH_COATED_OSMIUM;9988;15;9987;13;;;10004;15;10005;10;;;9996.5;0.0
44;16700;INTARIAN_PEPPER_ROOT;57006;9;57003;9;;;57023;8;57024;22;;;57014.5;0.0
44;16800;ASH_COATED_OSMIUM;9987;14;;;;;10003;21;;;;;9995.0;0.0
44;16800;INTARIAN_PEPPER_ROOT;57011;12;57009;10;;;57023;21;57024;12;;;57017.0;0.0
44;16900;ASH_COATED_OSMIUM;9981;12;9979;12;;;9997;15;9999;15;;;9989.5;0.0
44;16900;INTARIAN_PEPPER_ROOT;57011;10;57009;8;;;57022;9;57024;9;;;57016.5;0.0
44;17000;ASH_COATED_OSMIUM;9983;10;9980;24;;;10001;11;10004;15;;;9992.5;0.0
44;17000;INTARIAN_PEPPER_ROOT;57011;16;57010;9;;;57022;12;57024;10;;;57017.0;0.0
44;17100;ASH_COATED_OSMIUM;9990;20;;;;;10006;14;;;;;9998.5;0.0
44;17100;INTARIAN_PEPPER_ROOT;57013;11;57010;9;57009;8;57028;10;57029;11;57032;15;57021.0;0.0
44;17200;ASH_COATED_OSMIUM;9982;24;;;;;10003;15;;;;;9992.5;0.0
44;17200;INTARIAN_PEPPER_ROOT;57014;12;;;;;57025;9;;;;;57020.0;0.0
44;17300;ASH_COATED_OSMIUM;9994;14;9993;24;;;9999;14;10000;15;;;9997.0;0.0
44;17300;INTARIAN_PEPPER_ROOT;57010;5;57008;8;57007;8;57024;12;57027;9;57029;22;57017.0;0.0
44;17400;ASH_COATED_OSMIUM;9987;14;9984;30;9982;14;10003;10;10004;13;10006;15;9995.5;0.0
44;17400;INTARIAN_PEPPER_ROOT;57012;8;;;;;57024;12;;;;;57018.5;0.0
44;17500;ASH_COATED_OSMIUM;9991;10;9990;13;9987;11;10010;11;10012;15;10013;5;10001.0;0.0
44;17500;INTARIAN_PEPPER_ROOT;57014;12;57012;25;57009;9;57026;12;57029;9;57031;12;57020.5;0.0
44;17600;ASH_COATED_OSMIUM;9988;13;9985;15;;;10004;13;10006;11;;;9996.0;0.0
44;17600;INTARIAN_PEPPER_ROOT;57013;10;57012;10;;;57026;11;57028;8;;;57019.5;0.0
44;17700;ASH_COATED_OSMIUM;9992;14;9989;11;;;10008;12;10010;2;;;10000.5;0.0
44;17700;INTARIAN_PEPPER_ROOT;57013;9;57011;9;;;57027;10;57030;3;;;57020.0;0.0
44;17800;ASH_COATED_OSMIUM;10000;15;9999;12;;;10006;10;10008;11;;;10003.5;0.0
44;17800;INTARIAN_PEPPER_ROOT;57007;9;;;;;57023;15;;;;;57015.5;0.0
44;17900;ASH_COATED_OSMIUM;10002;27;9999;12;9998;15;10018;10;10019;10;10022;12;10010.5;0.0
44;17900;INTARIAN_PEPPER_ROOT;57014;12;;;;;57025;11;;;;;57020.0;0.0
44;18000;ASH_COATED_OSMIUM;10006;15;;;;;10022;30;;;;;10014.5;0.0
44;18000;INTARIAN_PEPPER_ROOT;57010;8;57007;11;;;57026;21;57028;6;;;57018.5;0.0
44;18100;ASH_COATED_OSMIUM;10003;27;10000;14;;;10019;11;10022;15;;;10011.5;0.0
44;18100;INTARIAN_PEPPER_ROOT;57010;12;57008;10;57005;11;57022;12;57025;11;57027;8;57016.0;0.0
44;18200;ASH_COATED_OSMIUM;10001;22;9999;14;9996;13;10017;12;10020;8;10022;12;10009.0;0.0
44;18200;INTARIAN_PEPPER_ROOT;57009;17;57008;3;;;57020;8;57021;11;;;57014.5;0.0
44;18300;ASH_COATED_OSMIUM;10000;15;9998;10;9995;14;10007;15;10009;20;10010;14;10004.0;0.0
44;18300;INTARIAN_PEPPER_ROOT;57013;18;57010;11;;;57026;24;57029;12;;;57019.5;0.0
44;18400;ASH_COATED_OSMIUM;9994;23;9991;14;9988;25;10010;7;10012;14;10015;10;10002.0;0.0
44;18400;INTARIAN_PEPPER_ROOT;57012;16;57009;21;;;57024;10;57026;8;;;57018.0;0.0
44;18500;ASH_COATED_OSMIUM;9989;10;9988;15;;;10005;11;10007;5;;;9997.0;0.0
44;18500;INTARIAN_PEPPER_ROOT;57012;10;57009;12;;;57026;9;57027;21;;;57019.0;0.0
44;18600;ASH_COATED_OSMIUM;9983;13;9980;13;9977;10;10001;26;10004;13;10007;11;9992.0;0.0
44;18600;INTARIAN_PEPPER_ROOT;57010;11;57007;8;57004;10;57025;9;57027;11;57029;3;57018.0;0.0
44;18700;ASH_COATED_OSMIUM;9980;11;9979;14;;;9999;10;10000;20;;;9989.5;0.0
44;18700;INTARIAN_PEPPER_ROOT;57013;9;57010;21;;;57026;8;57028;3;;;57019.5;0.0
44;18800;ASH_COATED_OSMIUM;9981;13;;;;;9997;14;;;;;9989.5;0.0
44;18800;INTARIAN_PEPPER_ROOT;57013;9;57012;20;57009;11;57033;12;57034;8;57036;9;57023.5;0.0
44;18900;ASH_COATED_OSMIUM;9982;14;9980;15;;;10001;3;10003;12;;;9991.5;0.0
44;18900;INTARIAN_PEPPER_ROOT;57010;11;57008;10;57006;8;57024;20;57027;25;57030;17;57017.0;0.0
44;19000;ASH_COATED_OSMIUM;9986;15;9985;15;;;10002;27;10003;15;;;9994.5;0.0
44;19000;INTARIAN_PEPPER_ROOT;57006;23;57004;11;;;57022;25;57023;8;;;57014.5;0.0
44;19100;ASH_COATED_OSMIUM;9991;10;9989;10;;;10007;26;10008;15;;;9999.0;0.0
44;19100;INTARIAN_PEPPER_ROOT;57017;9;57014;9;57013;10;57027;8;57029;8;57031;10;57022.0;0.0
44;19200;ASH_COATED_OSMIUM;9986;11;9983;10;;;10002;11;10003;11;;;9994.5;0.0
44;19200;INTARIAN_PEPPER_ROOT;57009;9;57007;9;;;57025;10;57026;11;;;57017.0;0.0
44;19300;ASH_COATED_OSMIUM;9991;12;9990;26;;;10004;14;10007;10;;;9997.5;0.0
44;19300;INTARIAN_PEPPER_ROOT;57014;8;;;;;57026;8;;;;;57020.0;0.0
44;19400;ASH_COATED_OSMIUM;9987;14;9986;11;9985;26;10006;11;10007;25;10010;10;9997.0;0.0
44;19400;INTARIAN_PEPPER_ROOT;57014;12;;;;;57027;10;;;;;57020.5;0.0
44;19500;ASH_COATED_OSMIUM;9996;13;9994;12;;;10005;24;10007;2;;;10000.5;0.0
44;19500;INTARIAN_PEPPER_ROOT;57017;8;57014;8;57012;10;57030;11;57031;10;57032;9;57024.0;0.0
44;19600;ASH_COATED_OSMIUM;9990;11;;;;;10006;15;;;;;9998.0;0.0
44;19600;INTARIAN_PEPPER_ROOT;57015;25;57014;8;57011;10;57027;9;57028;11;57031;9;57021.5;0.0
44;19700;ASH_COATED_OSMIUM;9990;10;9989;21;;;10008;10;10011;29;;;9999.5;0.0
44;19700;INTARIAN_PEPPER_ROOT;57015;12;57014;10;57013;9;57028;10;57030;10;57033;16;57021.5;0.0
44;19800;ASH_COATED_OSMIUM;9986;12;;;;;10002;14;;;;;9994.5;0.0
44;19800;INTARIAN_PEPPER_ROOT;57011;12;57009;9;;;57024;24;57026;8;;;57018.0;0.0
44;19900;ASH_COATED_OSMIUM;9988;13;9986;28;9985;23;10007;28;10010;11;10011;15;9997.5;0.0
44;19900;INTARIAN_PEPPER_ROOT;57012;11;57010;12;;;57024;12;57025;10;;;57018.5;0.0
44;20000;ASH_COATED_OSMIUM;9990;14;;;;;10008;15;;;;;9999.5;0.0
44;20000;INTARIAN_PEPPER_ROOT;57010;12;57008;12;57006;16;57025;10;57028;8;57030;12;57018.0;0.0
44;20100;ASH_COATED_OSMIUM;9991;14;9988;14;;;10007;10;10008;29;;;9999.0;0.0
44;20100;INTARIAN_PEPPER_ROOT;57015;22;57013;11;57012;10;57026;10;57028;22;57031;10;57020.5;0.0
44;20200;ASH_COATED_OSMIUM;9993;15;9992;10;;;10009;10;10011;10;;;10001.0;0.0
44;20200;INTARIAN_PEPPER_ROOT;57014;9;57013;11;;;57028;9;57029;12;;;57021.5;0.0
44;20300;ASH_COATED_OSMIUM;9996;10;9995;15;9994;3;10012;10;10015;30;10018;10;10004.5;0.0
44;20300;INTARIAN_PEPPER_ROOT;57009;10;57006;12;;;57026;9;57027;8;;;57018.0;0.0
44;20400;ASH_COATED_OSMIUM;9998;14;9997;14;;;10014;15;10016;30;;;10006.0;0.0
44;20400;INTARIAN_PEPPER_ROOT;57014;12;57012;12;57009;22;57027;12;57028;8;57031;10;57020.5;0.0
44;20500;ASH_COATED_OSMIUM;9992;14;9991;8;9988;11;10008;10;10010;10;10011;11;10000.5;0.0
44;20500;INTARIAN_PEPPER_ROOT;57014;8;;;;;57028;8;;;;;57021.0;0.0
44;20600;ASH_COATED_OSMIUM;9998;27;;;;;10014;12;;;;;10006.5;0.0
44;20600;INTARIAN_PEPPER_ROOT;57013;9;;;;;57032;8;;;;;57023.0;0.0
44;20700;ASH_COATED_OSMIUM;9997;13;9995;12;9992;14;10003;12;10004;11;10006;14;10000.5;0.0
44;20700;INTARIAN_PEPPER_ROOT;57017;12;57016;11;;;57029;25;57030;23;;;57023.0;0.0
44;20800;ASH_COATED_OSMIUM;9990;29;9988;13;9986;5;10006;20;10008;11;10010;13;9998.5;0.0
44;20800;INTARIAN_PEPPER_ROOT;57013;17;57012;9;;;57024;5;57025;10;;;57018.5;0.0
44;20900;ASH_COATED_OSMIUM;9987;13;9984;14;;;10005;10;10008;13;;;9996.0;0.0
44;20900;INTARIAN_PEPPER_ROOT;57015;10;57013;9;57010;12;57027;11;57030;10;57033;8;57021.5;0.0
44;21000;ASH_COATED_OSMIUM;9990;14;;;;;10006;12;;;;;9998.0;0.0
44;21000;INTARIAN_PEPPER_ROOT;57011;8;57008;11;;;57023;23;57026;9;;;57017.0;0.0
44;21100;ASH_COATED_OSMIUM;9990;11;;;;;10006;22;;;;;9998.0;0.0
44;21100;INTARIAN_PEPPER_ROOT;57015;11;57012;12;;;57029;12;57031;10;;;57022.5;0.0
44;21200;ASH_COATED_OSMIUM;9993;14;9990;15;9988;11;10009;12;10010;15;10013;22;10001.5;0.0
44;21200;INTARIAN_PEPPER_ROOT;57012;9;57011;8;57009;12;57022;8;57025;10;57028;25;57017.0;0.0
44;21300;ASH_COATED_OSMIUM;9994;11;9991;10;;;10010;5;10013;13;;;10002.5;0.0
44;21300;INTARIAN_PEPPER_ROOT;57017;10;;;;;57031;12;;;;;57024.5;0.0
44;21400;ASH_COATED_OSMIUM;9993;2;9991;11;9988;12;10009;14;10011;15;10012;14;10001.5;0.0
44;21400;INTARIAN_PEPPER_ROOT;57015;9;57014;8;;;57028;11;57031;12;;;57022.0;0.0
44;21500;ASH_COATED_OSMIUM;9990;24;;;;;10000;3;;;;;9995.5;0.0
44;21500;INTARIAN_PEPPER_ROOT;57015;11;;;;;57029;10;;;;;57022.5;0.0
44;21600;ASH_COATED_OSMIUM;9986;28;;;;;10005;14;;;;;9996.0;0.0
44;21600;INTARIAN_PEPPER_ROOT;57006;12;57005;12;;;57026;12;57027;12;;;57016.0;0.0
44;21700;ASH_COATED_OSMIUM;9991;11;9990;12;;;10002;13;10003;11;;;9997.0;0.0
44;21700;INTARIAN_PEPPER_ROOT;57015;12;;;;;57028;11;;;;;57021.5;0.0
44;21800;ASH_COATED_OSMIUM;9993;15;9991;12;9988;11;10009;10;10010;12;10013;2;10001.0;0.0
44;21800;INTARIAN_PEPPER_ROOT;57021;9;57020;8;;;57032;9;57034;11;;;57027.0;0.0
44;21900;ASH_COATED_OSMIUM;9992;13;9990;11;9989;15;10008;12;10011;14;10012;15;10000.0;0.0
44;21900;INTARIAN_PEPPER_ROOT;57018;9;57015;11;;;57030;9;57033;8;;;57024.0;0.0
44;22000;ASH_COATED_OSMIUM;9992;14;;;;;10008;11;;;;;10000.5;0.0
44;22000;INTARIAN_PEPPER_ROOT;57013;8;57011;22;;;57031;8;57032;11;;;57022.5;0.0
44;22100;ASH_COATED_OSMIUM;9988;12;9987;14;;;10004;10;10006;11;;;9996.0;0.0
44;22100;INTARIAN_PEPPER_ROOT;57020;11;57018;10;57015;12;57032;12;57033;9;57036;10;57026.5;0.0
44;22200;ASH_COATED_OSMIUM;9983;30;;;;;9999;13;;;;;9991.5;0.0
44;22200;INTARIAN_PEPPER_ROOT;57019;10;57018;22;57015;11;57030;12;57033;9;57036;12;57025.0;0.0
44;22300;ASH_COATED_OSMIUM;9986;15;9985;10;;;10002;14;10005;13;;;9994.0;0.0
44;22300;INTARIAN_PEPPER_ROOT;57019;8;57018;11;;;57033;12;57034;12;;;57026.5;0.0
44;22400;ASH_COATED_OSMIUM;9988;14;9987;12;;;10007;12;10008;24;;;9997.5;0.0
44;22400;INTARIAN_PEPPER_ROOT;57017;8;57016;9;;;57029;15;57032;9;;;57023.0;0.0
44;22500;ASH_COATED_OSMIUM;9984;23;;;;;10002;13;;;;;9993.5;0.0
44;22500;INTARIAN_PEPPER_ROOT;57014;11;57013;9;57012;23;57028;12;57030;8;57033;6;57021.0;0.0
44;22600;ASH_COATED_OSMIUM;9991;10;9988;15;;;10007;15;10008;11;;;9999.0;0.0
44;22600;INTARIAN_PEPPER_ROOT;57016;12;;;;;57028;9;;;;;57022.0;0.0
44;22700;ASH_COATED_OSMIUM;9988;28;9985;15;;;10004;11;10005;10;;;9996.0;0.0
44;22700;INTARIAN_PEPPER_ROOT;57015;8;57012;12;;;57028;10;57029;8;;;57022.0;0.0
44;22800;ASH_COATED_OSMIUM;9986;13;;;;;10002;12;;;;;9994.5;0.0
44;22800;INTARIAN_PEPPER_ROOT;57022;9;57020;8;57018;10;57033;17;57035;11;57037;9;57027.5;0.0
44;22900;ASH_COATED_OSMIUM;9989;11;9988;12;9986;13;9999;14;10000;10;10001;11;9994.5;0.0
44;22900;INTARIAN_PEPPER_ROOT;57019;20;;;;;57030;10;;;;;57025.0;0.0
44;23000;ASH_COATED_OSMIUM;9984;14;;;;;10000;13;;;;;9992.0;0.0
44;23000;INTARIAN_PEPPER_ROOT;57018;9;57015;12;;;57032;12;57033;10;;;57025.5;0.0
44;23100;ASH_COATED_OSMIUM;9991;7;;;;;10007;10;;;;;9999.0;0.0
44;23100;INTARIAN_PEPPER_ROOT;57017;9;;;;;57029;9;;;;;57023.5;0.0
44;23200;ASH_COATED_OSMIUM;9986;12;9984;14;9983;15;10005;15;10007;15;10009;15;9995.5;0.0
44;23200;INTARIAN_PEPPER_ROOT;57011;8;57009;22;57006;11;57028;7;57030;8;57031;12;57020.0;0.0
44;23300;ASH_COATED_OSMIUM;9985;10;9982;10;;;10001;27;10003;15;;;9993.5;0.0
44;23300;INTARIAN_PEPPER_ROOT;57014;8;57013;5;57011;12;57031;11;57033;10;57035;11;57023.0;0.0
44;23400;ASH_COATED_OSMIUM;9983;15;9980;10;;;9999;12;10000;14;;;9991.0;0.0
44;23400;INTARIAN_PEPPER_ROOT;57019;9;57016;10;57014;12;57026;12;57028;8;57029;11;57023.0;0.0
44;23500;ASH_COATED_OSMIUM;9984;12;;;;;10000;14;;;;;9992.5;0.0
44;23500;INTARIAN_PEPPER_ROOT;57020;11;57017;4;;;57033;10;57034;12;;;57027.0;0.0
44;23600;ASH_COATED_OSMIUM;9985;14;;;;;10001;12;;;;;9993.5;0.0
44;23600;INTARIAN_PEPPER_ROOT;57019;8;57017;23;;;57031;9;57032;10;;;57025.5;0.0
44;23700;ASH_COATED_OSMIUM;9987;15;9984;21;9982;13;10003;11;10006;22;10008;13;9995.0;0.0
44;23700;INTARIAN_PEPPER_ROOT;57017;9;;;;;57032;11;;;;;57024.5;0.0
44;23800;ASH_COATED_OSMIUM;9984;15;9983;13;9981;5;10003;15;10005;14;10007;28;9993.5;0.0
44;23800;INTARIAN_PEPPER_ROOT;57016;11;57013;10;;;57031;20;57034;8;;;57024.0;0.0
44;23900;ASH_COATED_OSMIUM;9992;11;9991;27;9989;12;10003;26;10005;14;10006;13;9998.0;0.0
44;23900;INTARIAN_PEPPER_ROOT;57016;22;57013;8;;;57030;8;57033;8;;;57023.5;0.0
44;24000;ASH_COATED_OSMIUM;9985;10;9983;10;;;10001;10;10002;10;;;9993.5;0.0
44;24000;INTARIAN_PEPPER_ROOT;57016;11;57013;11;57010;11;57028;12;57031;10;57034;18;57022.5;0.0
44;24100;ASH_COATED_OSMIUM;9986;15;;;;;10002;10;;;;;9994.0;0.0
44;24100;INTARIAN_PEPPER_ROOT;57017;10;57014;10;;;57034;8;57036;11;;;57026.0;0.0
44;24200;ASH_COATED_OSMIUM;9987;15;9986;15;;;10003;10;10006;11;;;9995.5;0.0
44;24200;INTARIAN_PEPPER_ROOT;57017;15;57015;9;;;57033;12;57036;9;;;57025.5;0.0
44;24300;ASH_COATED_OSMIUM;9989;12;;;;;10008;11;;;;;9999.0;0.0
44;24300;INTARIAN_PEPPER_ROOT;57017;11;57015;12;;;57031;8;57034;11;;;57024.0;0.0
44;24400;ASH_COATED_OSMIUM;9993;10;;;;;10009;10;;;;;10001.0;0.0
44;24400;INTARIAN_PEPPER_ROOT;57019;10;57016;10;57015;10;57030;12;57033;9;57034;17;57024.5;0.0
44;24500;ASH_COATED_OSMIUM;9996;25;;;;;10012;12;;;;;10004.5;0.0
44;24500;INTARIAN_PEPPER_ROOT;57019;8;57018;9;;;57031;12;57033;11;;;57025.0;0.0
44;24600;ASH_COATED_OSMIUM;9991;13;9989;11;;;10010;11;10012;14;;;10001.0;0.0
44;24600;INTARIAN_PEPPER_ROOT;57015;15;;;;;57032;9;;;;;57023.5;0.0
44;24700;ASH_COATED_OSMIUM;9990;10;;;;;10011;10;;;;;10001.0;0.0
44;24700;INTARIAN_PEPPER_ROOT;57018;9;;;;;57033;16;;;;;57026.0;0.0
44;24800;ASH_COATED_OSMIUM;9995;12;9992;13;;;10011;13;10013;7;;;10003.0;0.0
44;24800;INTARIAN_PEPPER_ROOT;57018;11;57015;12;;;57031;11;57032;10;;;57024.5;0.0
44;24900;ASH_COATED_OSMIUM;9992;10;;;;;10010;10;;;;;10001.5;0.0
44;24900;INTARIAN_PEPPER_ROOT;57017;10;57014;12;;;57037;23;57040;8;;;57027.5;0.0
44;25000;ASH_COATED_OSMIUM;9991;15;9989;10;;;10007;12;10010;13;;;9999.5;0.0
44;25000;INTARIAN_PEPPER_ROOT;57015;9;57013;8;57012;12;57031;12;57032;10;57035;12;57023.0;0.0
44;25100;ASH_COATED_OSMIUM;9996;14;9995;10;;;10012;3;10014;15;;;10004.0;0.0
44;25100;INTARIAN_PEPPER_ROOT;57019;12;57016;8;;;57031;11;57034;11;;;57025.5;0.0
44;25200;ASH_COATED_OSMIUM;9997;12;9995;10;;;10013;11;10014;12;;;10005.5;0.0
44;25200;INTARIAN_PEPPER_ROOT;57016;4;57013;12;57010;11;57032;12;57035;10;57036;24;57024.0;0.0
44;25300;ASH_COATED_OSMIUM;10002;14;9999;12;;;10018;20;10019;13;;;10010.5;0.0
44;25300;INTARIAN_PEPPER_ROOT;57019;11;57018;22;57015;9;57031;10;57034;9;57036;12;57025.0;0.0
44;25400;ASH_COATED_OSMIUM;9995;14;9994;2;;;10013;12;10015;12;;;10004.5;0.0
44;25400;INTARIAN_PEPPER_ROOT;57018;12;57016;12;;;57034;10;57035;9;;;57026.5;0.0
44;25500;ASH_COATED_OSMIUM;9993;5;;;;;10011;14;;;;;10002.5;0.0
44;25500;INTARIAN_PEPPER_ROOT;57020;10;;;;;57035;10;;;;;57027.5;0.0
44;25600;ASH_COATED_OSMIUM;9994;11;;;;;10013;12;;;;;10004.0;0.0
44;25600;INTARIAN_PEPPER_ROOT;57022;18;57021;23;;;57036;22;57039;9;;;57029.0;0.0
44;25700;ASH_COATED_OSMIUM;9991;12;9990;10;;;10007;12;10009;12;;;9999.5;0.0
44;25700;INTARIAN_PEPPER_ROOT;57021;10;57020;8;;;57033;10;57035;12;;;57027.0;0.0
44;25800;ASH_COATED_OSMIUM;9995;15;9994;12;;;10011;15;10012;15;;;10003.5;0.0
44;25800;INTARIAN_PEPPER_ROOT;57022;9;57021;8;;;57034;12;57035;12;;;57028.5;0.0
44;25900;ASH_COATED_OSMIUM;9996;12;;;;;10012;15;;;;;10004.5;0.0
44;25900;INTARIAN_PEPPER_ROOT;57016;8;57013;10;57011;11;57031;10;57032;8;57034;8;57023.5;0.0
44;26000;ASH_COATED_OSMIUM;9996;10;9993;15;;;10015;12;10017;14;;;10005.5;0.0
44;26000;INTARIAN_PEPPER_ROOT;57021;11;57018;15;;;57035;23;57038;9;;;57028.5;0.0
44;26100;ASH_COATED_OSMIUM;9987;15;;;;;10003;22;;;;;9995.0;0.0
44;26100;INTARIAN_PEPPER_ROOT;57017;11;;;;;57033;18;;;;;57025.5;0.0
44;26200;ASH_COATED_OSMIUM;9982;12;9981;14;;;10001;11;10002;10;;;9992.0;0.0
44;26200;INTARIAN_PEPPER_ROOT;57019;17;57016;16;57015;12;57031;8;57033;10;57036;12;57025.5;0.0
44;26300;ASH_COATED_OSMIUM;9983;11;9981;11;;;10001;13;10003;12;;;9992.5;0.0
44;26300;INTARIAN_PEPPER_ROOT;57017;11;57016;9;;;57035;3;57037;9;;;57026.0;0.0
44;26400;ASH_COATED_OSMIUM;9987;15;9985;25;;;10003;13;10006;14;;;9995.5;0.0
44;26400;INTARIAN_PEPPER_ROOT;57019;10;;;;;57033;25;;;;;57026.5;0.0
44;26500;ASH_COATED_OSMIUM;9994;10;9993;13;9992;13;10010;14;10012;10;10014;12;10002.0;0.0
44;26500;INTARIAN_PEPPER_ROOT;57018;9;;;;;57030;9;;;;;57024.0;0.0
44;26600;ASH_COATED_OSMIUM;9989;14;;;;;10007;12;;;;;9998.0;0.0
44;26600;INTARIAN_PEPPER_ROOT;57022;10;57019;8;;;57034;10;57035;24;;;57028.0;0.0
44;26700;ASH_COATED_OSMIUM;9989;14;9986;12;9983;15;10005;22;10008;14;10009;13;9997.5;0.0
44;26700;INTARIAN_PEPPER_ROOT;57022;10;;;;;57036;12;;;;;57029.0;0.0
44;26800;ASH_COATED_OSMIUM;9987;13;9984;11;;;10003;14;10005;10;;;9995.5;0.0
44;26800;INTARIAN_PEPPER_ROOT;57025;12;57023;4;;;57036;3;57038;10;;;57030.5;0.0
44;26900;ASH_COATED_OSMIUM;9991;11;9990;13;;;10007;10;10010;14;;;9999.5;0.0
44;26900;INTARIAN_PEPPER_ROOT;57012;3;57010;8;;;57033;4;57035;9;;;57022.5;0.0
44;27000;ASH_COATED_OSMIUM;9993;13;9992;14;9989;21;10009;10;10012;14;10013;14;10001.5;0.0
44;27000;INTARIAN_PEPPER_ROOT;57020;12;57018;10;;;57033;9;57035;10;;;57026.5;0.0
44;27100;ASH_COATED_OSMIUM;9993;13;9991;10;9990;4;10009;13;10011;12;10014;12;10001.0;0.0
44;27100;INTARIAN_PEPPER_ROOT;57019;12;57018;10;;;57032;12;57034;9;;;57025.5;0.0
44;27200;ASH_COATED_OSMIUM;9995;21;9993;24;9991;11;10011;29;10012;24;10013;21;10003.5;0.0
44;27200;INTARIAN_PEPPER_ROOT;57017;9;57016;18;;;57030;12;57031;8;;;57024.0;0.0
44;27300;ASH_COATED_OSMIUM;9996;14;;;;;10012;12;;;;;10004.5;0.0
44;27300;INTARIAN_PEPPER_ROOT;57019;12;;;;;57031;8;;;;;57025.0;0.0
44;27400;ASH_COATED_OSMIUM;10000;12;9997;11;9996;13;10016;14;10019;14;10022;14;10008.0;0.0
44;27400;INTARIAN_PEPPER_ROOT;57017;19;57015;12;;;57030;12;57032;10;;;57023.5;0.0
44;27500;ASH_COATED_OSMIUM;9996;5;9993;26;;;10012;10;10014;10;;;10004.0;0.0
44;27500;INTARIAN_PEPPER_ROOT;57023;11;;;;;57036;10;;;;;57030.0;0.0
44;27600;ASH_COATED_OSMIUM;9996;15;;;;;10012;13;;;;;10004.5;0.0
44;27600;INTARIAN_PEPPER_ROOT;57021;12;57018;8;;;57035;21;57036;15;;;57028.0;0.0
44;27700;ASH_COATED_OSMIUM;9994;13;9993;12;9990;26;10010;13;10011;15;10014;13;10002.5;0.0
44;27700;INTARIAN_PEPPER_ROOT;57021;12;57019;8;57017;11;57033;11;57036;19;57037;9;57027.0;0.0
44;27800;ASH_COATED_OSMIUM;9995;10;9993;13;;;10011;11;10012;10;;;10003.0;0.0
44;27800;INTARIAN_PEPPER_ROOT;57019;21;57016;12;57013;8;57035;8;57038;20;57040;10;57027.0;0.0
44;27900;ASH_COATED_OSMIUM;9990;14;9988;14;;;10006;13;10008;3;;;9998.5;0.0
44;27900;INTARIAN_PEPPER_ROOT;57023;8;57020;9;57019;12;57037;9;57040;12;57043;11;57030.5;0.0
44;28000;ASH_COATED_OSMIUM;9993;13;;;;;10009;14;;;;;10001.0;0.0
44;28000;INTARIAN_PEPPER_ROOT;57019;9;;;;;57033;8;;;;;57026.5;0.0
44;28100;ASH_COATED_OSMIUM;9990;11;9988;12;9987;28;10009;4;10012;12;10014;10;9999.5;0.0
44;28100;INTARIAN_PEPPER_ROOT;57023;12;;;;;57035;12;;;;;57029.0;0.0
44;28200;ASH_COATED_OSMIUM;9989;14;;;;;10008;13;;;;;9999.0;0.0
44;28200;INTARIAN_PEPPER_ROOT;57024;9;57023;11;57020;12;57038;10;57040;24;57043;12;57031.5;0.0
44;28300;ASH_COATED_OSMIUM;9993;15;9991;21;9990;10;10009;14;10010;10;10013;22;10001.5;0.0
44;28300;INTARIAN_PEPPER_ROOT;57025;10;;;;;57040;25;;;;;57032.5;0.0
44;28400;ASH_COATED_OSMIUM;9999;5;9996;15;9995;10;10018;10;10020;12;10023;11;10009.0;0.0
44;28400;INTARIAN_PEPPER_ROOT;57020;11;57017;9;;;57035;8;57037;10;;;57027.5;0.0
44;28500;ASH_COATED_OSMIUM;10000;22;9998;12;;;10016;12;10019;14;;;10008.5;0.0
44;28500;INTARIAN_PEPPER_ROOT;57022;8;;;;;57035;11;;;;;57029.0;0.0
44;28600;ASH_COATED_OSMIUM;9995;12;9993;21;;;10000;24;10003;14;;;9998.0;0.0
44;28600;INTARIAN_PEPPER_ROOT;57017;11;;;;;57031;9;;;;;57024.5;0.0
44;28700;ASH_COATED_OSMIUM;9997;13;;;;;10013;13;;;;;10005.0;0.0
44;28700;INTARIAN_PEPPER_ROOT;57020;11;;;;;57032;11;;;;;57026.5;0.0
44;28800;ASH_COATED_OSMIUM;9997;14;;;;;10013;14;;;;;10005.0;0.0
44;28800;INTARIAN_PEPPER_ROOT;57022;12;;;;;57033;9;;;;;57028.0;0.0
44;28900;ASH_COATED_OSMIUM;9994;30;;;;;10010;13;;;;;10002.5;0.0
44;28900;INTARIAN_PEPPER_ROOT;57026;10;57024;11;;;57040;8;57041;12;;;57033.5;0.0
44;29000;ASH_COATED_OSMIUM;10000;13;9999;15;9997;15;10011;13;10014;12;10017;15;10005.5;0.0
44;29000;INTARIAN_PEPPER_ROOT;57023;12;57022;11;;;57036;10;57037;11;;;57030.0;0.0
44;29100;ASH_COATED_OSMIUM;9992;29;9990;11;;;10008;13;10011;12;;;10000.0;0.0
44;29100;INTARIAN_PEPPER_ROOT;57022;7;57021;11;;;57034;11;57035;15;;;57028.0;0.0
44;29200;ASH_COATED_OSMIUM;9993;14;;;;;10003;14;;;;;9998.5;0.0
44;29200;INTARIAN_PEPPER_ROOT;57022;9;;;;;57035;10;;;;;57028.5;0.0
44;29300;ASH_COATED_OSMIUM;9991;29;9990;14;9989;12;10007;10;10008;13;10011;12;9999.0;0.0
44;29300;INTARIAN_PEPPER_ROOT;57021;3;;;;;57034;8;;;;;57027.5;0.0
44;29400;ASH_COATED_OSMIUM;9982;15;9980;14;;;10003;15;10005;14;;;9992.5;0.0
44;29400;INTARIAN_PEPPER_ROOT;57026;8;;;;;57039;12;;;;;57033.0;0.0
44;29500;ASH_COATED_OSMIUM;9988;10;9987;11;;;10004;14;10007;5;;;9996.5;0.0
44;29500;INTARIAN_PEPPER_ROOT;57025;9;;;;;57037;11;;;;;57031.0;0.0
44;29600;ASH_COATED_OSMIUM;9992;14;9991;11;9990;23;10008;12;10011;12;10014;29;10000.0;0.0
44;29600;INTARIAN_PEPPER_ROOT;57023;8;57021;23;57019;12;57026;10;57029;10;57030;9;57025.0;0.0
44;29700;ASH_COATED_OSMIUM;9990;28;9987;11;;;10006;15;10009;10;;;9998.0;0.0
44;29700;INTARIAN_PEPPER_ROOT;57019;8;;;;;57033;11;;;;;57026.5;0.0
44;29800;ASH_COATED_OSMIUM;9990;15;;;;;10006;11;;;;;9998.0;0.0
44;29800;INTARIAN_PEPPER_ROOT;57022;12;57021;12;57019;12;57039;11;57040;11;57041;8;57030.5;0.0
44;29900;ASH_COATED_OSMIUM;9988;12;9986;30;9983;22;10006;15;10009;14;10012;10;9997.5;0.0
44;29900;INTARIAN_PEPPER_ROOT;57027;11;57025;10;;;57038;12;57041;12;;;57033.0;0.0
44;30000;ASH_COATED_OSMIUM;9990;14;;;;;10006;15;;;;;9998.5;0.0
44;30000;INTARIAN_PEPPER_ROOT;57022;18;57019;11;57016;22;57035;12;57036;8;57039;11;57029.0;0.0
44;30100;ASH_COATED_OSMIUM;9983;27;9981;15;;;10004;27;10006;21;;;9994.0;0.0
44;30100;INTARIAN_PEPPER_ROOT;57021;9;;;;;57036;10;;;;;57029.0;0.0
44;30200;ASH_COATED_OSMIUM;9982;11;9980;15;9977;15;10000;11;10001;10;10003;10;9991.0;0.0
44;30200;INTARIAN_PEPPER_ROOT;57023;20;57022;10;;;57035;8;57038;10;;;57029.0;0.0
44;30300;ASH_COATED_OSMIUM;9986;5;9983;15;;;10002;14;10005;3;;;9994.0;0.0
44;30300;INTARIAN_PEPPER_ROOT;57024;11;57022;12;;;57036;25;57039;9;;;57030.0;0.0
44;30400;ASH_COATED_OSMIUM;9985;15;9982;10;9979;12;10001;24;10004;7;10006;10;9993.5;0.0
44;30400;INTARIAN_PEPPER_ROOT;57025;10;;;;;57036;25;;;;;57031.0;0.0
44;30500;ASH_COATED_OSMIUM;9985;12;9984;13;;;10004;13;10007;14;;;9995.0;0.0
44;30500;INTARIAN_PEPPER_ROOT;57025;10;57024;11;57023;12;57038;12;57039;10;57041;10;57032.0;0.0
44;30600;ASH_COATED_OSMIUM;9985;24;;;;;10003;11;;;;;9994.5;0.0
44;30600;INTARIAN_PEPPER_ROOT;57024;9;;;;;57035;10;;;;;57030.0;0.0
44;30700;ASH_COATED_OSMIUM;9989;27;;;;;10005;14;;;;;9997.5;0.0
44;30700;INTARIAN_PEPPER_ROOT;57026;21;57023;12;;;57034;10;57037;21;;;57030.0;0.0
44;30800;ASH_COATED_OSMIUM;9990;10;;;;;10009;25;;;;;10000.0;0.0
44;30800;INTARIAN_PEPPER_ROOT;57022;10;57020;12;57019;8;57033;12;57036;12;57038;9;57027.5;0.0
44;30900;ASH_COATED_OSMIUM;9990;12;;;;;10006;12;;;;;9998.5;0.0
44;30900;INTARIAN_PEPPER_ROOT;57027;19;57024;9;;;57031;8;57033;8;;;57029.0;0.0
44;31000;ASH_COATED_OSMIUM;9992;11;9989;13;;;10008;15;10009;11;;;10000.5;0.0
44;31000;INTARIAN_PEPPER_ROOT;57023;11;57022;9;;;57036;16;57038;11;;;57029.5;0.0
44;31100;ASH_COATED_OSMIUM;9990;12;9989;11;9988;14;10006;14;10009;14;10010;13;9998.0;0.0
44;31100;INTARIAN_PEPPER_ROOT;57024;10;57021;9;57020;23;57038;8;57041;9;57044;10;57031.0;0.0
44;31200;ASH_COATED_OSMIUM;9987;4;9986;10;;;10003;14;10005;15;;;9995.0;0.0
44;31200;INTARIAN_PEPPER_ROOT;57026;11;;;;;57040;25;;;;;57033.5;0.0
44;31300;ASH_COATED_OSMIUM;9991;5;9989;21;;;10007;24;10008;12;;;9999.5;0.0
44;31300;INTARIAN_PEPPER_ROOT;57027;12;;;;;57039;9;;;;;57033.5;0.0
44;31400;ASH_COATED_OSMIUM;9989;15;;;;;9995;26;;;;;9992.5;0.0
44;31400;INTARIAN_PEPPER_ROOT;57027;10;57024;12;57022;9;57039;11;57041;9;57042;10;57033.5;0.0
44;31500;ASH_COATED_OSMIUM;9993;14;;;;;10009;14;;;;;10001.5;0.0
44;31500;INTARIAN_PEPPER_ROOT;57019;9;57016;21;;;57036;9;57039;8;;;57027.5;0.0
44;31600;ASH_COATED_OSMIUM;9990;25;9987;10;9985;12;10006;8;10009;11;10010;14;9998.5;0.0
44;31600;INTARIAN_PEPPER_ROOT;57027;8;57025;9;57022;10;57040;9;57042;8;57045;12;57034.0;0.0
44;31700;ASH_COATED_OSMIUM;9989;26;9987;15;9986;10;10008;13;10010;11;10011;25;9999.0;0.0
44;31700;INTARIAN_PEPPER_ROOT;57023;17;57020;8;57019;10;57035;11;57038;10;57041;10;57029.5;0.0
44;31800;ASH_COATED_OSMIUM;9992;13;9991;25;9988;15;10008;11;10010;14;10012;11;10000.5;0.0
44;31800;INTARIAN_PEPPER_ROOT;57024;10;;;;;57038;12;;;;;57031.5;0.0
44;31900;ASH_COATED_OSMIUM;9988;22;9986;10;;;10004;12;10005;14;;;9996.0;0.0
44;31900;INTARIAN_PEPPER_ROOT;57028;8;57027;18;;;57040;11;57041;11;;;57034.0;0.0
44;32000;ASH_COATED_OSMIUM;9988;13;9985;28;;;10004;11;10007;15;;;9996.0;0.0
44;32000;INTARIAN_PEPPER_ROOT;57028;10;57027;25;;;57043;3;57044;11;;;57036.0;0.0
44;32100;ASH_COATED_OSMIUM;9986;11;;;;;10005;13;;;;;9995.5;0.0
44;32100;INTARIAN_PEPPER_ROOT;57022;11;57019;8;57016;8;57034;8;57037;23;57039;8;57028.0;0.0
44;32200;ASH_COATED_OSMIUM;9985;15;9984;11;9983;25;10001;13;10002;14;10005;15;9993.0;0.0
44;32200;INTARIAN_PEPPER_ROOT;57025;11;57022;18;;;57041;12;57044;8;;;57033.0;0.0
44;32300;ASH_COATED_OSMIUM;9984;3;9982;14;9979;15;10000;11;10003;14;10004;21;9992.5;0.0
44;32300;INTARIAN_PEPPER_ROOT;57028;9;57025;8;;;57040;11;57042;9;;;57034.0;0.0
44;32400;ASH_COATED_OSMIUM;9989;11;9988;30;9985;10;10005;10;10008;21;10010;13;9997.0;0.0
44;32400;INTARIAN_PEPPER_ROOT;57020;11;57018;8;57017;12;57037;20;57039;11;57040;25;57028.5;0.0
44;32500;ASH_COATED_OSMIUM;9987;13;;;;;10005;13;;;;;9996.0;0.0
44;32500;INTARIAN_PEPPER_ROOT;57027;9;57026;9;57023;8;57039;8;57041;11;57043;8;57033.5;0.0
44;32600;ASH_COATED_OSMIUM;9984;25;;;;;10000;15;;;;;9992.5;0.0
44;32600;INTARIAN_PEPPER_ROOT;57027;12;57026;9;;;57038;11;57039;9;;;57033.0;0.0
44;32700;ASH_COATED_OSMIUM;9979;12;9977;30;;;9995;14;9996;15;;;9987.5;0.0
44;32700;INTARIAN_PEPPER_ROOT;57028;9;57027;12;;;57043;17;57045;12;;;57035.5;0.0
44;32800;ASH_COATED_OSMIUM;9979;10;9977;10;9976;11;9998;15;10001;29;10004;15;9989.0;0.0
44;32800;INTARIAN_PEPPER_ROOT;57025;8;57024;24;;;57039;8;57041;8;;;57032.5;0.0
44;32900;ASH_COATED_OSMIUM;9990;21;9989;22;;;10006;12;10007;12;;;9998.0;0.0
44;32900;INTARIAN_PEPPER_ROOT;57026;8;57025;12;;;57037;11;57038;11;;;57031.5;0.0
44;33000;ASH_COATED_OSMIUM;9998;15;9997;13;9995;12;10014;14;10016;14;10018;4;10006.0;0.0
44;33000;INTARIAN_PEPPER_ROOT;57028;12;;;;;57041;11;;;;;57034.5;0.0
44;33100;ASH_COATED_OSMIUM;9998;11;9996;14;;;10014;11;10017;11;;;10006.0;0.0
44;33100;INTARIAN_PEPPER_ROOT;57029;9;;;;;57042;19;;;;;57035.5;0.0
44;33200;ASH_COATED_OSMIUM;9988;15;;;;;10009;21;;;;;9999.0;0.0
44;33200;INTARIAN_PEPPER_ROOT;57031;8;;;;;57046;18;;;;;57038.5;0.0
44;33300;ASH_COATED_OSMIUM;9984;10;;;;;10000;21;;;;;9992.0;0.0
44;33300;INTARIAN_PEPPER_ROOT;57029;24;57027;8;57024;11;57041;25;57042;8;57045;23;57035.5;0.0
44;33400;ASH_COATED_OSMIUM;9978;14;9977;25;9974;23;9994;2;9996;15;9999;12;9986.0;0.0
44;33400;INTARIAN_PEPPER_ROOT;57027;21;57024;10;;;57040;12;57043;15;;;57033.5;0.0
44;33500;ASH_COATED_OSMIUM;9979;11;9976;10;;;9995;13;9996;12;;;9987.5;0.0
44;33500;INTARIAN_PEPPER_ROOT;57028;8;;;;;57040;9;;;;;57034.5;0.0
44;33600;ASH_COATED_OSMIUM;9985;13;9984;10;;;10001;14;10002;15;;;9993.0;0.0
44;33600;INTARIAN_PEPPER_ROOT;57025;20;57024;8;57021;15;57037;8;57040;9;57043;8;57031.5;0.0
44;33700;ASH_COATED_OSMIUM;9981;8;;;;;9997;11;;;;;9989.5;0.0
44;33700;INTARIAN_PEPPER_ROOT;57030;10;57028;8;;;57041;12;57042;20;;;57035.5;0.0
44;33800;ASH_COATED_OSMIUM;9989;30;;;;;9995;29;;;;;9992.5;0.0
44;33800;INTARIAN_PEPPER_ROOT;57029;9;57028;11;;;57040;8;57041;8;;;57034.5;0.0
44;33900;ASH_COATED_OSMIUM;9983;15;9982;15;9979;11;9999;10;10002;14;10005;30;9991.0;0.0
44;33900;INTARIAN_PEPPER_ROOT;57026;19;57024;8;57021;21;57040;10;57043;9;57046;16;57033.0;0.0
44;34000;ASH_COATED_OSMIUM;9987;12;9986;15;9983;14;9997;11;9999;12;10002;11;9992.0;0.0
44;34000;INTARIAN_PEPPER_ROOT;57030;8;;;;;57043;8;;;;;57036.5;0.0
44;34100;ASH_COATED_OSMIUM;9982;12;9980;13;;;9998;15;10000;15;;;9990.5;0.0
44;34100;INTARIAN_PEPPER_ROOT;57025;12;57022;21;;;57038;9;57039;17;;;57031.5;0.0
44;34200;ASH_COATED_OSMIUM;9982;13;9980;13;;;10000;11;10003;11;;;9991.5;0.0
44;34200;INTARIAN_PEPPER_ROOT;57025;23;57024;10;;;57042;8;57044;19;;;57033.5;0.0
44;34300;ASH_COATED_OSMIUM;9990;23;;;;;10006;15;;;;;9998.0;0.0
44;34300;INTARIAN_PEPPER_ROOT;57026;22;57023;12;;;57039;10;57042;16;;;57033.0;0.0
44;34400;ASH_COATED_OSMIUM;9987;12;9984;10;;;10005;13;10006;13;;;9996.5;0.0
44;34400;INTARIAN_PEPPER_ROOT;57024;22;57022;25;;;57037;10;57039;11;;;57031.0;0.0
44;34500;ASH_COATED_OSMIUM;9987;13;9984;13;9981;13;10003;12;10005;11;10006;22;9995.0;0.0
44;34500;INTARIAN_PEPPER_ROOT;57031;9;;;;;57044;9;;;;;57038.0;0.0
44;34600;ASH_COATED_OSMIUM;9978;2;9977;15;;;9999;14;10002;15;;;9989.0;0.0
44;34600;INTARIAN_PEPPER_ROOT;57024;9;57022;9;;;57037;10;57038;12;;;57031.0;0.0
44;34700;ASH_COATED_OSMIUM;9984;12;9983;10;;;10000;12;10003;13;;;9992.5;0.0
44;34700;INTARIAN_PEPPER_ROOT;57028;12;57025;15;57024;9;57039;9;57042;9;57045;8;57033.5;0.0
44;34800;ASH_COATED_OSMIUM;9994;15;;;;;9999;12;;;;;9997.0;0.0
44;34800;INTARIAN_PEPPER_ROOT;57026;12;57024;10;57022;12;57041;10;57044;12;57045;8;57033.5;0.0
44;34900;ASH_COATED_OSMIUM;9985;12;9983;12;9982;15;10001;22;10003;3;10005;4;9993.5;0.0
44;34900;INTARIAN_PEPPER_ROOT;57026;8;57023;11;;;57042;11;57045;9;;;57034.0;0.0
44;35000;ASH_COATED_OSMIUM;9980;10;9977;10;9975;12;9998;11;10001;14;10003;12;9989.0;0.0
44;35000;INTARIAN_PEPPER_ROOT;57027;12;;;;;57041;22;;;;;57034.0;0.0
44;35100;ASH_COATED_OSMIUM;9992;10;;;;;10008;15;;;;;10000.5;0.0
44;35100;INTARIAN_PEPPER_ROOT;57031;9;57030;12;;;57046;11;57047;11;;;57039.0;0.0
44;35200;ASH_COATED_OSMIUM;9996;24;;;;;10012;15;;;;;10004.0;0.0
44;35200;INTARIAN_PEPPER_ROOT;57029;19;57026;11;57025;10;57040;9;57043;10;57046;22;57035.0;0.0
44;35300;ASH_COATED_OSMIUM;9994;30;9991;12;;;10010;10;10013;11;;;10002.0;0.0
44;35300;INTARIAN_PEPPER_ROOT;57030;11;57027;8;57024;9;57042;8;57045;8;57047;8;57036.5;0.0
44;35400;ASH_COATED_OSMIUM;9996;11;;;;;10012;7;;;;;10004.0;0.0
44;35400;INTARIAN_PEPPER_ROOT;57030;8;57027;20;57026;9;57042;11;57045;8;57048;10;57036.5;0.0
44;35500;ASH_COATED_OSMIUM;9995;15;;;;;10014;30;;;;;10005.0;0.0
44;35500;INTARIAN_PEPPER_ROOT;57030;10;57028;6;;;57043;10;57046;12;;;57036.5;0.0
44;35600;ASH_COATED_OSMIUM;9992;23;;;;;10008;13;;;;;10000.0;0.0
44;35600;INTARIAN_PEPPER_ROOT;57032;9;;;;;57043;10;;;;;57037.5;0.0
44;35700;ASH_COATED_OSMIUM;9988;14;9986;13;;;10006;15;10008;12;;;9997.5;0.0
44;35700;INTARIAN_PEPPER_ROOT;57030;10;57028;10;57027;21;57043;11;57046;12;57049;12;57037.0;0.0
44;35800;ASH_COATED_OSMIUM;9992;13;;;;;10011;20;;;;;10001.5;0.0
44;35800;INTARIAN_PEPPER_ROOT;57032;8;57031;10;57029;8;57048;21;57049;9;57051;8;57040.0;0.0
44;35900;ASH_COATED_OSMIUM;9989;15;9988;10;;;10005;12;10006;11;;;9997.5;0.0
44;35900;INTARIAN_PEPPER_ROOT;57025;15;57023;10;;;57037;11;57038;9;;;57031.5;0.0
44;36000;ASH_COATED_OSMIUM;9989;14;9986;15;9984;10;10007;13;10010;11;10012;14;9998.0;0.0
44;36000;INTARIAN_PEPPER_ROOT;57022;9;;;;;57041;10;;;;;57031.5;0.0
44;36100;ASH_COATED_OSMIUM;9996;14;9993;10;;;10012;13;10014;10;;;10004.0;0.0
44;36100;INTARIAN_PEPPER_ROOT;57024;12;57023;11;57021;10;57035;25;57037;12;57040;12;57030.0;0.0
44;36200;ASH_COATED_OSMIUM;9995;12;9994;13;;;10014;10;10017;14;;;10004.5;0.0
44;36200;INTARIAN_PEPPER_ROOT;57030;19;57028;18;57025;11;57042;10;57045;10;57046;12;57036.0;0.0
44;36300;ASH_COATED_OSMIUM;9993;12;9990;14;;;10006;14;10008;14;;;10000.0;0.0
44;36300;INTARIAN_PEPPER_ROOT;57030;12;57028;8;57025;8;57043;20;57044;11;57047;11;57036.5;0.0
44;36400;ASH_COATED_OSMIUM;9993;12;9991;14;9988;12;10011;24;10013;13;10014;13;10002.0;0.0
44;36400;INTARIAN_PEPPER_ROOT;57035;20;;;;;57039;11;;;;;57037.0;0.0
44;36500;ASH_COATED_OSMIUM;9996;29;9995;12;;;10002;14;10003;15;;;9999.5;0.0
44;36500;INTARIAN_PEPPER_ROOT;57032;11;57029;10;;;57043;10;57044;12;;;57038.0;0.0
44;36600;ASH_COATED_OSMIUM;9993;14;;;;;10009;10;;;;;10001.0;0.0
44;36600;INTARIAN_PEPPER_ROOT;57028;8;57025;8;;;57042;5;57044;16;;;57035.0;0.0
44;36700;ASH_COATED_OSMIUM;9984;26;;;;;10000;12;;;;;9992.5;0.0
44;36700;INTARIAN_PEPPER_ROOT;57030;10;;;;;57041;10;;;;;57036.0;0.0
44;36800;ASH_COATED_OSMIUM;9989;14;;;;;10005;13;;;;;9997.0;0.0
44;36800;INTARIAN_PEPPER_ROOT;57025;12;57022;23;57019;10;57042;8;57045;11;57047;11;57033.5;0.0
44;36900;ASH_COATED_OSMIUM;9988;10;9986;25;9983;23;10004;15;10005;20;10006;10;9996.5;0.0
44;36900;INTARIAN_PEPPER_ROOT;57029;12;57026;9;57023;12;57040;10;57043;9;57046;11;57035.0;0.0
44;37000;ASH_COATED_OSMIUM;9989;5;;;;;10008;13;;;;;9999.0;0.0
44;37000;INTARIAN_PEPPER_ROOT;57033;9;57031;11;57030;9;57045;11;57046;10;57048;10;57039.5;0.0
44;37100;ASH_COATED_OSMIUM;9992;15;9991;14;;;10008;11;10009;9;;;10000.0;0.0
44;37100;INTARIAN_PEPPER_ROOT;57036;9;57033;15;;;57040;10;57042;8;;;57038.5;0.0
44;37200;ASH_COATED_OSMIUM;9989;13;9986;23;9984;14;10005;28;10008;13;10009;10;9997.5;0.0
44;37200;INTARIAN_PEPPER_ROOT;57030;8;57027;8;;;57042;20;57044;8;;;57036.5;0.0
44;37300;ASH_COATED_OSMIUM;9991;13;9989;12;;;10007;13;10009;14;;;9999.0;0.0
44;37300;INTARIAN_PEPPER_ROOT;57030;24;57029;19;57026;12;57043;11;57045;11;57047;10;57037.0;0.0
44;37400;ASH_COATED_OSMIUM;9986;23;;;;;10007;10;;;;;9996.5;0.0
44;37400;INTARIAN_PEPPER_ROOT;57031;11;;;;;57044;8;;;;;57038.0;0.0
44;37500;ASH_COATED_OSMIUM;9993;20;9990;14;9988;21;10011;10;10013;12;10015;14;10002.5;0.0
44;37500;INTARIAN_PEPPER_ROOT;57028;9;57027;10;;;57045;10;57046;10;;;57037.0;0.0
44;37600;ASH_COATED_OSMIUM;9990;12;9989;10;9986;13;10006;14;10009;23;10011;10;9998.5;0.0
44;37600;INTARIAN_PEPPER_ROOT;57028;25;57026;6;;;57040;12;57041;23;;;57034.0;0.0
44;37700;ASH_COATED_OSMIUM;9998;12;9997;20;;;10009;27;10010;13;;;10003.5;0.0
44;37700;INTARIAN_PEPPER_ROOT;57031;11;57030;12;;;57044;12;57047;12;;;57037.5;0.0
44;37800;ASH_COATED_OSMIUM;9992;15;9990;22;;;10008;12;10011;12;;;10000.5;0.0
44;37800;INTARIAN_PEPPER_ROOT;57031;10;57029;9;;;57044;10;57045;8;;;57037.5;0.0
44;37900;ASH_COATED_OSMIUM;9998;14;9996;14;9993;22;10014;11;10017;12;10019;25;10006.0;0.0
44;37900;INTARIAN_PEPPER_ROOT;57027;9;57024;12;;;57039;10;57041;4;;;57033.0;0.0
44;38000;ASH_COATED_OSMIUM;9998;14;;;;;10016;14;;;;;10007.0;0.0
44;38000;INTARIAN_PEPPER_ROOT;57030;8;57028;21;;;57042;12;57044;17;;;57036.0;0.0
44;38100;ASH_COATED_OSMIUM;10002;15;9999;22;;;10023;10;10025;10;;;10013.0;0.0
44;38100;INTARIAN_PEPPER_ROOT;57033;12;57031;10;;;57045;9;57048;11;;;57039.0;0.0
44;38200;ASH_COATED_OSMIUM;9997;23;9996;11;9993;14;10013;11;10015;10;10017;11;10005.0;0.0
44;38200;INTARIAN_PEPPER_ROOT;57033;12;57032;20;;;57045;9;57046;24;;;57039.5;0.0
44;38300;ASH_COATED_OSMIUM;9994;11;;;;;10010;12;;;;;10002.0;0.0
44;38300;INTARIAN_PEPPER_ROOT;57027;11;57026;10;57023;8;57042;10;57045;12;57047;10;57035.0;0.0
44;38400;ASH_COATED_OSMIUM;9992;12;9989;15;;;10008;27;10009;11;;;10000.5;0.0
44;38400;INTARIAN_PEPPER_ROOT;57031;11;;;;;57044;12;;;;;57038.0;0.0
44;38500;ASH_COATED_OSMIUM;9990;27;9987;23;;;10006;27;10007;10;;;9998.0;0.0
44;38500;INTARIAN_PEPPER_ROOT;57029;18;57026;12;57023;22;57042;15;57043;9;57046;9;57036.0;0.0
44;38600;ASH_COATED_OSMIUM;9986;11;9985;11;;;10002;13;10005;27;;;9994.5;0.0
44;38600;INTARIAN_PEPPER_ROOT;57030;11;;;;;57043;25;;;;;57037.0;0.0
44;38700;ASH_COATED_OSMIUM;9993;14;;;;;9999;14;;;;;9996.0;0.0
44;38700;INTARIAN_PEPPER_ROOT;57030;12;57028;10;57027;21;57044;10;57046;12;57048;23;57037.5;0.0
44;38800;ASH_COATED_OSMIUM;9988;12;9987;13;9984;12;10004;11;10006;23;10009;14;9996.0;0.0
44;38800;INTARIAN_PEPPER_ROOT;57031;22;57029;8;57027;12;57044;10;57047;11;57050;10;57037.5;0.0
44;38900;ASH_COATED_OSMIUM;9988;24;9986;15;;;10004;14;10007;12;;;9996.0;0.0
44;38900;INTARIAN_PEPPER_ROOT;57030;9;57028;10;;;57044;12;57047;11;;;57037.5;0.0
44;39000;ASH_COATED_OSMIUM;9986;4;9983;15;;;10005;13;10008;12;;;9996.0;0.0
44;39000;INTARIAN_PEPPER_ROOT;57033;17;57030;11;;;57045;12;57048;11;;;57039.5;0.0
44;39100;ASH_COATED_OSMIUM;9993;13;9991;14;;;10004;14;10006;10;;;9998.5;0.0
44;39100;INTARIAN_PEPPER_ROOT;57035;11;57033;12;57030;12;57048;8;57050;11;57053;12;57041.5;0.0
44;39200;ASH_COATED_OSMIUM;9999;11;9996;14;9994;15;10015;11;10017;27;10018;12;10007.0;0.0
44;39200;INTARIAN_PEPPER_ROOT;57034;18;57031;9;57030;10;57046;8;57049;9;57052;10;57040.0;0.0
44;39300;ASH_COATED_OSMIUM;9995;15;;;;;10011;10;;;;;10003.0;0.0
44;39300;INTARIAN_PEPPER_ROOT;57032;9;;;;;57043;8;;;;;57037.5;0.0
44;39400;ASH_COATED_OSMIUM;9983;14;;;;;9999;14;;;;;9991.0;0.0
44;39400;INTARIAN_PEPPER_ROOT;57037;11;;;;;57049;11;;;;;57043.0;0.0
44;39500;ASH_COATED_OSMIUM;9983;15;9981;11;9979;11;9999;12;10002;10;10003;15;9991.5;0.0
44;39500;INTARIAN_PEPPER_ROOT;57033;10;57032;10;57031;8;57046;10;57047;11;57048;9;57039.5;0.0
44;39600;ASH_COATED_OSMIUM;9980;12;9979;11;9978;21;9996;27;9999;13;10001;15;9988.5;0.0
44;39600;INTARIAN_PEPPER_ROOT;57034;10;57031;23;;;57047;8;57048;9;;;57041.0;0.0
44;39700;ASH_COATED_OSMIUM;9980;10;9978;24;9977;10;9996;27;9998;14;10000;13;9988.0;0.0
44;39700;INTARIAN_PEPPER_ROOT;57033;11;57032;12;57029;12;57046;8;57049;8;57052;12;57040.0;0.0
44;39800;ASH_COATED_OSMIUM;9980;14;;;;;9996;15;;;;;9988.5;0.0
44;39800;INTARIAN_PEPPER_ROOT;57033;11;57030;12;57029;9;57047;10;57050;5;57053;12;57040.5;0.0
44;39900;ASH_COATED_OSMIUM;9979;15;9976;15;;;9997;2;10000;11;;;9988.5;0.0
44;39900;INTARIAN_PEPPER_ROOT;57032;8;57029;8;57026;12;57044;12;57046;8;57049;8;57038.0;0.0
44;40000;ASH_COATED_OSMIUM;9984;11;9982;11;9980;10;10000;12;10002;11;10005;30;9992.0;0.0
44;40000;INTARIAN_PEPPER_ROOT;57034;15;57032;9;57029;10;57051;12;57052;8;57053;19;57043.0;0.0
44;40100;ASH_COATED_OSMIUM;9984;10;9981;23;9978;11;10000;20;10003;10;10006;10;9992.5;0.0
44;40100;INTARIAN_PEPPER_ROOT;57032;10;;;;;57044;12;;;;;57038.0;0.0
44;40200;ASH_COATED_OSMIUM;9990;11;9988;13;;;10006;24;10009;12;;;9998.0;0.0
44;40200;INTARIAN_PEPPER_ROOT;57035;12;57034;12;;;57049;25;57052;8;;;57042.5;0.0
44;40300;ASH_COATED_OSMIUM;9999;11;9996;12;9993;15;10006;13;10007;13;10009;25;10003.0;0.0
44;40300;INTARIAN_PEPPER_ROOT;57032;10;57031;10;57028;8;57045;8;57046;9;57049;10;57038.5;0.0
44;40400;ASH_COATED_OSMIUM;9989;12;;;;;10005;12;;;;;9997.5;0.0
44;40400;INTARIAN_PEPPER_ROOT;57036;12;;;;;57047;9;;;;;57042.0;0.0
44;40500;ASH_COATED_OSMIUM;9993;24;9991;11;;;10009;12;10012;27;;;10001.5;0.0
44;40500;INTARIAN_PEPPER_ROOT;57034;12;57032;8;57031;18;57048;10;57050;17;57053;8;57041.5;0.0
44;40600;ASH_COATED_OSMIUM;9992;10;9990;15;;;10011;10;10012;11;;;10002.0;0.0
44;40600;INTARIAN_PEPPER_ROOT;57032;12;57029;15;;;57046;12;57048;12;;;57039.0;0.0
44;40700;ASH_COATED_OSMIUM;9987;13;9986;12;;;10003;15;10005;14;;;9995.0;0.0
44;40700;INTARIAN_PEPPER_ROOT;57035;24;57033;9;;;57047;11;57050;10;;;57041.0;0.0
44;40800;ASH_COATED_OSMIUM;9987;27;9986;4;;;10003;15;10004;15;;;9995.0;0.0
44;40800;INTARIAN_PEPPER_ROOT;57043;11;;;;;57045;12;;;;;57044.5;0.0
44;40900;ASH_COATED_OSMIUM;9988;15;9986;5;9983;24;10007;14;10009;11;10011;12;9997.5;0.0
44;40900;INTARIAN_PEPPER_ROOT;57036;12;;;;;57047;15;;;;;57042.0;0.0
44;41000;ASH_COATED_OSMIUM;9992;11;9991;11;;;10008;14;10011;15;;;10000.0;0.0
44;41000;INTARIAN_PEPPER_ROOT;57036;11;57033;12;;;57047;8;57048;12;;;57041.5;0.0
44;41100;ASH_COATED_OSMIUM;9986;12;9983;10;;;10004;2;10005;14;;;9995.0;0.0
44;41100;INTARIAN_PEPPER_ROOT;57032;11;57031;8;;;57048;12;57049;12;;;57040.0;0.0
44;41200;ASH_COATED_OSMIUM;9982;7;9980;15;9978;13;9998;14;10000;13;10001;15;9990.0;0.0
44;41200;INTARIAN_PEPPER_ROOT;57034;10;57032;15;;;57048;8;57049;17;;;57041.0;0.0
44;41300;ASH_COATED_OSMIUM;9985;10;9984;11;9981;10;10004;11;10005;11;10008;10;9994.5;0.0
44;41300;INTARIAN_PEPPER_ROOT;57038;11;;;;;57049;10;;;;;57044.0;0.0
44;41400;ASH_COATED_OSMIUM;9992;21;9990;13;;;10008;15;10009;11;;;10000.0;0.0
44;41400;INTARIAN_PEPPER_ROOT;57032;25;;;;;57044;11;;;;;57038.0;0.0
44;41500;ASH_COATED_OSMIUM;9992;15;;;;;10008;13;;;;;10000.0;0.0
44;41500;INTARIAN_PEPPER_ROOT;57039;11;57036;11;57034;8;57050;8;57052;10;57055;11;57044.5;0.0
44;41600;ASH_COATED_OSMIUM;9993;21;9990;25;;;10009;11;10012;24;;;10001.0;0.0
44;41600;INTARIAN_PEPPER_ROOT;57037;19;57036;10;57035;10;57049;12;57050;19;57052;12;57043.0;0.0
44;41700;ASH_COATED_OSMIUM;9989;4;9988;11;;;10005;22;10007;10;;;9997.5;0.0
44;41700;INTARIAN_PEPPER_ROOT;57033;17;57030;19;57028;12;57048;12;57050;7;57052;8;57041.0;0.0
44;41800;ASH_COATED_OSMIUM;9997;10;;;;;10013;15;;;;;10005.5;0.0
44;41800;INTARIAN_PEPPER_ROOT;57035;15;57033;12;;;57048;10;57051;19;;;57041.5;0.0
44;41900;ASH_COATED_OSMIUM;9991;5;;;;;10007;8;;;;;9999.5;0.0
44;41900;INTARIAN_PEPPER_ROOT;57038;10;;;;;57051;9;;;;;57045.0;0.0
44;42000;ASH_COATED_OSMIUM;9992;12;9989;29;;;10008;11;10009;12;;;10000.0;0.0
44;42000;INTARIAN_PEPPER_ROOT;57034;9;;;;;57047;12;;;;;57041.0;0.0
44;42100;ASH_COATED_OSMIUM;9989;26;9987;15;;;10007;15;10009;24;;;9998.5;0.0
44;42100;INTARIAN_PEPPER_ROOT;57036;10;57033;10;57031;18;57050;9;57051;12;57052;10;57043.0;0.0
44;42200;ASH_COATED_OSMIUM;9993;10;9991;14;9990;13;10009;10;10010;14;10011;11;10001.5;0.0
44;42200;INTARIAN_PEPPER_ROOT;57036;22;57033;10;;;57050;10;57052;20;;;57043.0;0.0
44;42300;ASH_COATED_OSMIUM;9990;13;9989;10;;;10006;15;10008;10;;;9998.5;0.0
44;42300;INTARIAN_PEPPER_ROOT;57042;10;;;;;57044;10;;;;;57043.5;0.0
44;42400;ASH_COATED_OSMIUM;9990;13;9989;23;;;10009;13;10010;11;;;10000.0;0.0
44;42400;INTARIAN_PEPPER_ROOT;57038;21;57035;8;;;57050;8;57051;9;;;57044.5;0.0
44;42500;ASH_COATED_OSMIUM;9990;26;;;;;10009;21;;;;;9999.5;0.0
44;42500;INTARIAN_PEPPER_ROOT;57032;8;57030;12;;;57052;9;57053;9;;;57042.5;0.0
44;42600;ASH_COATED_OSMIUM;9984;10;;;;;9996;12;;;;;9990.5;0.0
44;42600;INTARIAN_PEPPER_ROOT;57037;8;57036;12;;;57050;12;57052;18;;;57043.5;0.0
44;42700;ASH_COATED_OSMIUM;9983;15;9980;24;;;9999;29;10000;14;;;9991.5;0.0
44;42700;INTARIAN_PEPPER_ROOT;57038;8;;;;;57054;9;;;;;57046.0;0.0
44;42800;ASH_COATED_OSMIUM;9984;29;9983;15;9982;2;10000;20;10001;14;10002;29;9992.0;0.0
44;42800;INTARIAN_PEPPER_ROOT;57038;12;57037;10;57036;9;57050;8;57051;19;57052;10;57044.5;0.0
44;42900;ASH_COATED_OSMIUM;9987;15;;;;;10003;27;;;;;9995.0;0.0
44;42900;INTARIAN_PEPPER_ROOT;57033;8;;;;;57048;3;;;;;57041.0;0.0
44;43000;ASH_COATED_OSMIUM;9989;13;;;;;10005;14;;;;;9997.0;0.0
44;43000;INTARIAN_PEPPER_ROOT;57036;10;;;;;57048;15;;;;;57042.0;0.0
44;43100;ASH_COATED_OSMIUM;9987;11;;;;;10005;10;;;;;9996.0;0.0
44;43100;INTARIAN_PEPPER_ROOT;57043;17;57040;11;;;57054;9;57056;8;;;57048.5;0.0
44;43200;ASH_COATED_OSMIUM;9991;14;9989;12;9988;14;10010;10;10013;21;10015;28;10001.0;0.0
44;43200;INTARIAN_PEPPER_ROOT;57036;17;;;;;57048;8;;;;;57042.5;0.0
44;43300;ASH_COATED_OSMIUM;9995;11;9994;10;;;10014;10;10016;12;;;10005.0;0.0
44;43300;INTARIAN_PEPPER_ROOT;57031;12;57029;10;57028;10;57045;10;57048;12;57050;20;57038.0;0.0
44;43400;ASH_COATED_OSMIUM;9994;13;9991;11;9989;11;10010;10;10013;12;10015;11;10002.0;0.0
44;43400;INTARIAN_PEPPER_ROOT;57036;8;;;;;57049;10;;;;;57043.0;0.0
44;43500;ASH_COATED_OSMIUM;9997;11;9996;11;9993;11;10013;10;10014;28;10017;15;10005.5;0.0
44;43500;INTARIAN_PEPPER_ROOT;57038;11;57037;11;57034;11;57050;10;57053;9;57055;11;57044.5;0.0
44;43600;ASH_COATED_OSMIUM;10001;10;;;;;10020;11;;;;;10010.5;0.0
44;43600;INTARIAN_PEPPER_ROOT;57036;10;;;;;57049;11;;;;;57042.5;0.0
44;43700;ASH_COATED_OSMIUM;9998;14;9995;15;9994;11;10007;10;10010;10;10013;15;10003.0;0.0
44;43700;INTARIAN_PEPPER_ROOT;57041;15;57039;12;57038;9;57053;8;57056;12;57059;12;57047.0;0.0
44;43800;ASH_COATED_OSMIUM;9992;12;9991;14;;;10008;25;10009;15;;;10000.5;0.0
44;43800;INTARIAN_PEPPER_ROOT;57033;16;57030;8;57027;8;57049;8;57051;11;57054;12;57041.5;0.0
44;43900;ASH_COATED_OSMIUM;9990;4;9987;14;;;10006;12;10007;21;;;9998.5;0.0
44;43900;INTARIAN_PEPPER_ROOT;57034;11;;;;;57047;12;;;;;57040.5;0.0
44;44000;ASH_COATED_OSMIUM;9994;10;9992;15;;;10005;14;10007;13;;;10000.0;0.0
44;44000;INTARIAN_PEPPER_ROOT;57034;10;57033;10;57032;10;57048;20;57051;11;57053;8;57041.0;0.0
44;44100;ASH_COATED_OSMIUM;9995;14;9993;14;9991;10;10013;24;10014;11;10017;15;10004.0;0.0
44;44100;INTARIAN_PEPPER_ROOT;57045;11;57042;9;;;57047;10;57050;22;;;57046.0;0.0
44;44200;ASH_COATED_OSMIUM;9993;15;9992;14;;;10012;12;10015;11;;;10002.5;0.0
44;44200;INTARIAN_PEPPER_ROOT;57036;12;57034;12;57032;12;57047;9;57048;10;57049;10;57042.0;0.0
44;44300;ASH_COATED_OSMIUM;9990;14;9989;15;;;10009;10;10010;11;;;10000.0;0.0
44;44300;INTARIAN_PEPPER_ROOT;57037;12;57035;11;57033;20;57050;10;57051;22;57054;10;57044.0;0.0
44;44400;ASH_COATED_OSMIUM;9991;12;9989;12;;;10010;12;10012;14;;;10001.0;0.0
44;44400;INTARIAN_PEPPER_ROOT;57038;11;57035;12;57034;10;57049;10;57052;9;57054;10;57044.0;0.0
44;44500;ASH_COATED_OSMIUM;9995;22;;;;;10013;4;;;;;10004.0;0.0
44;44500;INTARIAN_PEPPER_ROOT;57040;10;57039;9;57037;12;57053;12;57054;22;57055;10;57046.5;0.0
44;44600;ASH_COATED_OSMIUM;9993;11;9990;14;;;10009;11;10011;15;;;10001.5;0.0
44;44600;INTARIAN_PEPPER_ROOT;57039;9;57038;10;57035;10;57052;8;57054;9;57056;12;57046.0;0.0
44;44700;ASH_COATED_OSMIUM;9988;10;9987;14;;;10004;13;10006;15;;;9996.0;0.0
44;44700;INTARIAN_PEPPER_ROOT;57039;9;57036;12;57033;8;57053;12;57055;9;57057;9;57046.0;0.0
44;44800;ASH_COATED_OSMIUM;9994;11;9991;14;;;10010;23;10013;11;;;10002.5;0.0
44;44800;INTARIAN_PEPPER_ROOT;57035;12;57032;12;;;57051;9;57054;9;;;57043.0;0.0
44;44900;ASH_COATED_OSMIUM;9993;10;9990;14;9988;13;10009;30;10010;15;10013;11;10001.0;0.0
44;44900;INTARIAN_PEPPER_ROOT;57039;11;;;;;57053;10;;;;;57046.0;0.0
44;45000;ASH_COATED_OSMIUM;9986;12;9985;15;;;10004;10;10005;11;;;9995.5;0.0
44;45000;INTARIAN_PEPPER_ROOT;57037;8;;;;;57051;8;;;;;57044.5;0.0
44;45100;ASH_COATED_OSMIUM;9986;12;9984;12;9983;11;10002;25;10004;14;10005;15;9994.0;0.0
44;45100;INTARIAN_PEPPER_ROOT;57041;8;57040;10;;;57052;12;57055;23;;;57046.5;0.0
44;45200;ASH_COATED_OSMIUM;9987;14;;;;;10003;14;;;;;9995.0;0.0
44;45200;INTARIAN_PEPPER_ROOT;57037;19;57035;9;;;57051;9;57054;9;;;57044.0;0.0
44;45300;ASH_COATED_OSMIUM;9993;13;9992;11;;;10009;11;10010;14;;;10001.0;0.0
44;45300;INTARIAN_PEPPER_ROOT;57037;11;;;;;57049;9;;;;;57043.5;0.0
44;45400;ASH_COATED_OSMIUM;9990;12;9987;14;;;10009;10;10011;26;;;10000.0;0.0
44;45400;INTARIAN_PEPPER_ROOT;57040;11;57039;11;;;57051;12;57053;10;;;57046.0;0.0
44;45500;ASH_COATED_OSMIUM;9993;12;9990;12;;;10009;11;10011;11;;;10001.5;0.0
44;45500;INTARIAN_PEPPER_ROOT;57036;10;57035;6;57034;11;57049;12;57051;9;57052;15;57042.5;0.0
44;45600;ASH_COATED_OSMIUM;9992;15;9989;12;9987;12;10008;5;10010;13;10011;12;10000.0;0.0
44;45600;INTARIAN_PEPPER_ROOT;57037;12;57034;17;;;57048;9;57051;8;;;57043.0;0.0
44;45700;ASH_COATED_OSMIUM;9984;8;9982;12;9981;11;10003;12;10004;12;10007;13;9994.0;0.0
44;45700;INTARIAN_PEPPER_ROOT;57039;8;57038;10;57037;8;57056;11;57058;17;57061;10;57047.5;0.0
44;45800;ASH_COATED_OSMIUM;9988;14;9985;20;9982;12;10004;10;10007;13;10008;29;9996.0;0.0
44;45800;INTARIAN_PEPPER_ROOT;57044;15;;;;;57048;8;;;;;57046.5;0.0
44;45900;ASH_COATED_OSMIUM;9985;13;9982;28;9981;20;9996;21;9999;5;10001;11;9991.0;0.0
44;45900;INTARIAN_PEPPER_ROOT;57037;10;;;;;57052;11;;;;;57045.0;0.0
44;46000;ASH_COATED_OSMIUM;9986;4;9985;26;;;10004;13;10006;13;;;9995.0;0.0
44;46000;INTARIAN_PEPPER_ROOT;57039;12;;;;;57052;10;;;;;57045.5;0.0
44;46100;ASH_COATED_OSMIUM;9993;14;;;;;10011;12;;;;;10002.0;0.0
44;46100;INTARIAN_PEPPER_ROOT;57037;12;57036;10;57033;8;57049;10;57050;8;57051;9;57043.0;0.0
44;46200;ASH_COATED_OSMIUM;9993;13;9990;13;9988;13;10012;12;10013;26;10015;12;10002.5;0.0
44;46200;INTARIAN_PEPPER_ROOT;57037;11;57034;11;57032;9;57055;9;57058;12;57060;8;57046.5;0.0
44;46300;ASH_COATED_OSMIUM;9993;15;9990;11;9987;24;10009;26;10010;11;10013;10;10001.5;0.0
44;46300;INTARIAN_PEPPER_ROOT;57038;9;;;;;57051;8;;;;;57045.0;0.0
44;46400;ASH_COATED_OSMIUM;9987;14;9986;11;;;10003;14;10005;13;;;9995.5;0.0
44;46400;INTARIAN_PEPPER_ROOT;57038;12;57036;9;;;57050;10;57052;10;;;57044.5;0.0
44;46500;ASH_COATED_OSMIUM;9994;10;;;;;9999;10;;;;;9997.0;0.0
44;46500;INTARIAN_PEPPER_ROOT;57036;11;57035;8;;;57051;7;57054;9;;;57044.0;0.0
44;46600;ASH_COATED_OSMIUM;9986;11;9985;11;;;10002;10;10004;10;;;9994.5;0.0
44;46600;INTARIAN_PEPPER_ROOT;57040;11;57038;9;;;57056;8;57059;12;;;57048.0;0.0
44;46700;ASH_COATED_OSMIUM;9979;15;9976;14;;;9997;13;10000;20;;;9988.5;0.0
44;46700;INTARIAN_PEPPER_ROOT;57044;9;57041;12;;;57056;17;57058;10;;;57050.5;0.0
44;46800;ASH_COATED_OSMIUM;9983;14;;;;;9999;11;;;;;9991.0;0.0
44;46800;INTARIAN_PEPPER_ROOT;57043;21;57040;8;;;57046;12;57048;25;;;57045.0;0.0
44;46900;ASH_COATED_OSMIUM;9985;22;9984;14;;;9998;11;10000;10;;;9991.5;0.0
44;46900;INTARIAN_PEPPER_ROOT;57039;10;57038;18;;;57053;16;57055;4;;;57046.0;0.0
44;47000;ASH_COATED_OSMIUM;9984;11;9982;14;;;10003;13;10004;14;;;9994.0;0.0
44;47000;INTARIAN_PEPPER_ROOT;57036;9;;;;;57053;12;;;;;57045.0;0.0
44;47100;ASH_COATED_OSMIUM;9982;12;;;;;10000;30;;;;;9991.0;0.0
44;47100;INTARIAN_PEPPER_ROOT;57036;10;57034;10;57031;9;57048;10;57051;9;57053;22;57042.0;0.0
44;47200;ASH_COATED_OSMIUM;9975;10;;;;;9991;10;;;;;9983.5;0.0
44;47200;INTARIAN_PEPPER_ROOT;57043;9;;;;;57052;12;;;;;57048.0;0.0
44;47300;ASH_COATED_OSMIUM;9980;13;9978;25;;;9998;14;10001;13;;;9989.0;0.0
44;47300;INTARIAN_PEPPER_ROOT;57042;11;57041;10;;;57055;9;57057;11;;;57049.0;0.0
44;47400;ASH_COATED_OSMIUM;9982;5;9980;10;9977;13;9998;10;10001;10;10002;11;9990.5;0.0
44;47400;INTARIAN_PEPPER_ROOT;57038;11;57037;25;;;57055;10;57056;12;;;57046.5;0.0
44;47500;ASH_COATED_OSMIUM;9980;15;9977;12;9974;13;9999;22;10002;11;10005;15;9990.0;0.0
44;47500;INTARIAN_PEPPER_ROOT;57043;21;57042;11;;;57056;9;57058;8;;;57049.5;0.0
44;47600;ASH_COATED_OSMIUM;9981;11;9979;15;9976;11;9997;22;10000;20;10002;6;9989.5;0.0
44;47600;INTARIAN_PEPPER_ROOT;57044;12;57042;11;;;57048;19;57050;24;;;57046.5;0.0
44;47700;ASH_COATED_OSMIUM;9986;12;9984;11;9981;28;9995;15;9998;2;9999;12;9990.5;0.0
44;47700;INTARIAN_PEPPER_ROOT;57041;11;57039;8;57038;8;57052;8;57055;25;57058;10;57047.0;0.0
44;47800;ASH_COATED_OSMIUM;9988;15;9987;11;;;10004;14;10007;24;;;9996.0;0.0
44;47800;INTARIAN_PEPPER_ROOT;57047;9;;;;;57049;12;;;;;57048.0;0.0
44;47900;ASH_COATED_OSMIUM;9985;13;9982;14;;;10003;13;10004;23;;;9994.5;0.0
44;47900;INTARIAN_PEPPER_ROOT;57040;18;57039;10;57036;12;57050;19;57052;11;57055;12;57045.5;0.0
44;48000;ASH_COATED_OSMIUM;9993;4;9992;15;9989;12;10009;13;10012;12;10013;12;10001.5;0.0
44;48000;INTARIAN_PEPPER_ROOT;57045;11;57043;9;;;57056;10;57058;11;;;57050.5;0.0
44;48100;ASH_COATED_OSMIUM;9991;12;9990;14;9988;13;10007;15;10008;13;10011;15;9999.5;0.0
44;48100;INTARIAN_PEPPER_ROOT;57038;10;57036;12;57033;10;57052;17;57053;12;57054;12;57045.5;0.0
44;48200;ASH_COATED_OSMIUM;9984;14;9982;10;9979;14;10000;25;10001;29;10004;13;9992.5;0.0
44;48200;INTARIAN_PEPPER_ROOT;57043;12;57040;19;;;57054;8;57056;12;;;57049.0;0.0
44;48300;ASH_COATED_OSMIUM;9985;10;;;;;10001;15;;;;;9993.0;0.0
44;48300;INTARIAN_PEPPER_ROOT;57037;9;57036;12;;;57053;23;57056;12;;;57045.5;0.0
44;48400;ASH_COATED_OSMIUM;9982;11;9979;12;9977;13;9998;15;10000;14;10001;11;9990.5;0.0
44;48400;INTARIAN_PEPPER_ROOT;57044;12;57041;8;;;57056;9;57058;11;;;57050.5;0.0
44;48500;ASH_COATED_OSMIUM;9979;12;9976;23;;;9995;11;9998;10;;;9987.5;0.0
44;48500;INTARIAN_PEPPER_ROOT;57041;9;57039;9;57036;16;57057;9;57059;23;57062;10;57049.5;0.0
44;48600;ASH_COATED_OSMIUM;9980;13;9977;13;9976;23;9996;14;9999;11;10001;10;9988.5;0.0
44;48600;INTARIAN_PEPPER_ROOT;57038;8;;;;;57057;9;;;;;57047.5;0.0
44;48700;ASH_COATED_OSMIUM;9987;12;9985;13;9982;20;10003;11;10004;27;10006;13;9995.5;0.0
44;48700;INTARIAN_PEPPER_ROOT;57044;11;;;;;57058;10;;;;;57051.5;0.0
44;48800;ASH_COATED_OSMIUM;9996;12;9994;10;9992;11;10002;10;10005;15;10007;22;9999.5;0.0
44;48800;INTARIAN_PEPPER_ROOT;57036;24;57033;8;;;57051;8;57053;21;;;57044.0;0.0
44;48900;ASH_COATED_OSMIUM;9984;14;;;;;10002;14;;;;;9993.0;0.0
44;48900;INTARIAN_PEPPER_ROOT;57044;21;57041;11;57038;11;57056;10;57059;10;57060;8;57050.5;0.0
44;49000;ASH_COATED_OSMIUM;9983;15;;;;;10001;10;;;;;9992.0;0.0
44;49000;INTARIAN_PEPPER_ROOT;57048;9;57046;8;57045;10;57050;10;57052;11;57053;20;57049.5;0.0
44;49100;ASH_COATED_OSMIUM;9978;13;9975;11;9973;24;9996;30;9998;15;10001;10;9987.0;0.0
44;49100;INTARIAN_PEPPER_ROOT;57042;12;57039;16;;;57055;11;57057;9;;;57048.5;0.0
44;49200;ASH_COATED_OSMIUM;9984;15;;;;;10000;12;;;;;9992.5;0.0
44;49200;INTARIAN_PEPPER_ROOT;57044;9;;;;;57056;8;;;;;57050.5;0.0
44;49300;ASH_COATED_OSMIUM;9983;23;9982;10;;;9999;24;10002;26;;;9991.0;0.0
44;49300;INTARIAN_PEPPER_ROOT;57044;11;;;;;57057;9;;;;;57051.0;0.0
44;49400;ASH_COATED_OSMIUM;9984;30;9981;15;;;10000;14;10002;3;;;9992.5;0.0
44;49400;INTARIAN_PEPPER_ROOT;57042;12;;;;;57055;10;;;;;57049.0;0.0
44;49500;ASH_COATED_OSMIUM;9982;15;;;;;9998;12;;;;;9990.5;0.0
44;49500;INTARIAN_PEPPER_ROOT;57039;11;57038;9;;;57053;12;57056;11;;;57046.0;0.0
44;49600;ASH_COATED_OSMIUM;9984;14;;;;;10003;12;;;;;9993.5;0.0
44;49600;INTARIAN_PEPPER_ROOT;57043;5;57040;8;;;57057;6;57058;8;;;57050.0;0.0
44;49700;ASH_COATED_OSMIUM;9990;10;9988;12;9987;11;10006;14;10009;10;10011;11;9998.5;0.0
44;49700;INTARIAN_PEPPER_ROOT;57042;15;57041;24;;;57055;9;57056;12;;;57048.5;0.0
44;49800;ASH_COATED_OSMIUM;9989;27;9986;15;9983;22;9996;14;9999;13;10002;24;9992.5;0.0
44;49800;INTARIAN_PEPPER_ROOT;57042;9;57041;11;57039;11;57058;8;57059;11;57060;8;57050.0;0.0
44;49900;ASH_COATED_OSMIUM;9989;11;9988;22;;;10005;11;10006;13;;;9997.5;0.0
44;49900;INTARIAN_PEPPER_ROOT;57040;9;57038;12;;;57054;17;57056;25;;;57047.5;0.0
44;50000;ASH_COATED_OSMIUM;9993;24;9990;15;9988;11;10009;15;10010;14;10013;10;10001.0;0.0
44;50000;INTARIAN_PEPPER_ROOT;57048;9;57047;8;57046;25;57061;8;57062;19;57065;9;57054.5;0.0
44;50100;ASH_COATED_OSMIUM;9996;15;;;;;10014;2;;;;;10005.0;0.0
44;50100;INTARIAN_PEPPER_ROOT;57042;9;57041;9;;;57055;11;57058;11;;;57048.5;0.0
44;50200;ASH_COATED_OSMIUM;9997;13;;;;;10015;10;;;;;10006.5;0.0
44;50200;INTARIAN_PEPPER_ROOT;57046;8;;;;;57058;25;;;;;57052.0;0.0
44;50300;ASH_COATED_OSMIUM;9999;15;9997;15;9994;10;10015;12;10017;10;10019;13;10007.0;0.0
44;50300;INTARIAN_PEPPER_ROOT;57045;9;;;;;57057;8;;;;;57051.5;0.0
44;50400;ASH_COATED_OSMIUM;9997;13;9996;13;;;10013;11;10016;21;;;10005.5;0.0
44;50400;INTARIAN_PEPPER_ROOT;57044;12;57042;11;57039;10;57056;8;57058;9;57059;3;57050.5;0.0
44;50500;ASH_COATED_OSMIUM;9996;11;;;;;10012;11;;;;;10004.0;0.0
44;50500;INTARIAN_PEPPER_ROOT;57045;11;57043;9;;;57059;12;57061;11;;;57052.0;0.0
44;50600;ASH_COATED_OSMIUM;9993;13;9992;12;;;10009;15;10012;27;;;10001.5;0.0
44;50600;INTARIAN_PEPPER_ROOT;57044;25;57042;12;;;57060;8;57062;11;;;57052.5;0.0
44;50700;ASH_COATED_OSMIUM;9992;22;9990;13;9989;12;10008;12;10010;14;10013;10;10000.5;0.0
44;50700;INTARIAN_PEPPER_ROOT;57039;9;57038;8;;;57050;8;57053;9;;;57044.5;0.0
44;50800;ASH_COATED_OSMIUM;9991;10;;;;;10007;11;;;;;9999.0;0.0
44;50800;INTARIAN_PEPPER_ROOT;57046;9;57044;21;;;57063;16;57065;11;;;57054.5;0.0
44;50900;ASH_COATED_OSMIUM;9992;11;9990;13;9989;21;10008;15;10010;5;10013;24;10000.5;0.0
44;50900;INTARIAN_PEPPER_ROOT;57046;12;57045;10;57042;20;57058;9;57061;12;57062;12;57052.5;0.0
44;51000;ASH_COATED_OSMIUM;9997;14;9996;10;9994;15;10013;10;10016;10;10018;15;10005.0;0.0
44;51000;INTARIAN_PEPPER_ROOT;57036;12;;;;;57054;8;;;;;57045.0;0.0
44;51100;ASH_COATED_OSMIUM;9992;13;9990;14;;;10008;13;10009;13;;;10000.0;0.0
44;51100;INTARIAN_PEPPER_ROOT;57046;10;57045;10;;;57058;8;57060;10;;;57052.5;0.0
44;51200;ASH_COATED_OSMIUM;9984;25;9981;29;9979;27;10000;22;10001;14;10004;23;9992.0;0.0
44;51200;INTARIAN_PEPPER_ROOT;57046;8;;;;;57061;12;;;;;57053.5;0.0
44;51300;ASH_COATED_OSMIUM;9985;10;9982;11;9979;12;10003;12;10004;29;10007;15;9994.0;0.0
44;51300;INTARIAN_PEPPER_ROOT;57046;11;57043;20;;;57057;11;57058;10;;;57052.0;0.0
44;51400;ASH_COATED_OSMIUM;9982;13;9979;12;;;10003;26;10005;15;;;9993.0;0.0
44;51400;INTARIAN_PEPPER_ROOT;57042;12;57041;11;57038;10;57059;11;57061;9;57062;15;57051.0;0.0
44;51500;ASH_COATED_OSMIUM;9991;27;9988;13;;;10002;12;10004;12;;;9996.5;0.0
44;51500;INTARIAN_PEPPER_ROOT;57048;11;57047;11;;;57061;8;57063;17;;;57055.0;0.0
44;51600;ASH_COATED_OSMIUM;9993;14;9991;10;;;10012;23;10014;13;;;10002.5;0.0
44;51600;INTARIAN_PEPPER_ROOT;57045;18;57043;11;57042;12;57062;8;57064;12;57065;10;57053.5;0.0
44;51700;ASH_COATED_OSMIUM;9997;20;9996;11;;;10013;30;10015;5;;;10005.5;0.0
44;51700;INTARIAN_PEPPER_ROOT;57041;9;;;;;57055;9;;;;;57048.0;0.0
44;51800;ASH_COATED_OSMIUM;9998;29;9997;10;;;10009;11;10011;10;;;10004.0;0.0
44;51800;INTARIAN_PEPPER_ROOT;57045;10;57044;9;;;57057;8;57059;9;;;57051.0;0.0
44;51900;ASH_COATED_OSMIUM;9998;10;;;;;10014;14;;;;;10006.0;0.0
44;51900;INTARIAN_PEPPER_ROOT;57047;10;;;;;57060;11;;;;;57053.5;0.0
44;52000;ASH_COATED_OSMIUM;9992;12;9990;11;9989;12;10008;28;10010;28;10012;11;10000.0;0.0
44;52000;INTARIAN_PEPPER_ROOT;57045;8;;;;;57056;11;;;;;57051.0;0.0
44;52100;ASH_COATED_OSMIUM;9995;12;9994;24;9992;12;10011;12;10014;14;10015;13;10003.0;0.0
44;52100;INTARIAN_PEPPER_ROOT;57049;8;;;;;57066;19;;;;;57058.0;0.0
44;52200;ASH_COATED_OSMIUM;10000;10;9997;15;9996;10;10016;11;10018;12;10019;14;10008.5;0.0
44;52200;INTARIAN_PEPPER_ROOT;57047;10;;;;;57060;11;;;;;57054.0;0.0
44;52300;ASH_COATED_OSMIUM;9998;13;9996;10;9993;10;10014;20;10017;10;10020;12;10006.5;0.0
44;52300;INTARIAN_PEPPER_ROOT;57046;8;;;;;57058;12;;;;;57052.0;0.0
44;52400;ASH_COATED_OSMIUM;9993;10;9990;28;;;10009;22;10012;10;;;10001.0;0.0
44;52400;INTARIAN_PEPPER_ROOT;57041;18;57040;8;;;57055;11;57057;12;;;57048.5;0.0
44;52500;ASH_COATED_OSMIUM;9996;14;;;;;10006;15;;;;;10001.0;0.0
44;52500;INTARIAN_PEPPER_ROOT;57048;11;;;;;57060;11;;;;;57054.5;0.0
44;52600;ASH_COATED_OSMIUM;9990;29;;;;;10011;29;;;;;10001.0;0.0
44;52600;INTARIAN_PEPPER_ROOT;57040;9;57037;22;;;57057;8;57058;11;;;57048.5;0.0
44;52700;ASH_COATED_OSMIUM;9994;12;9993;30;9992;26;10010;14;10011;13;10014;13;10002.0;0.0
44;52700;INTARIAN_PEPPER_ROOT;57049;11;57046;9;;;57060;9;57063;9;;;57054.5;0.0
44;52800;ASH_COATED_OSMIUM;9995;13;9993;12;;;10014;10;10016;14;;;10004.5;0.0
44;52800;INTARIAN_PEPPER_ROOT;57044;9;;;;;57056;11;;;;;57050.0;0.0
44;52900;ASH_COATED_OSMIUM;9994;13;;;;;10013;21;;;;;10004.0;0.0
44;52900;INTARIAN_PEPPER_ROOT;57045;12;57043;11;57041;21;57058;9;57059;10;57060;9;57051.5;0.0
44;53000;ASH_COATED_OSMIUM;9990;8;9989;10;;;10009;11;10010;11;;;10000.0;0.0
44;53000;INTARIAN_PEPPER_ROOT;57047;24;57045;12;;;57059;9;57060;11;;;57053.0;0.0
44;53100;ASH_COATED_OSMIUM;9990;24;9987;14;;;10006;13;10008;10;;;9998.5;0.0
44;53100;INTARIAN_PEPPER_ROOT;57046;10;57044;11;;;57058;8;57059;9;;;57052.5;0.0
44;53200;ASH_COATED_OSMIUM;9993;10;9990;15;;;10009;10;10011;13;;;10001.0;0.0
44;53200;INTARIAN_PEPPER_ROOT;57047;12;57046;12;57044;11;57061;10;57064;10;57067;11;57054.0;0.0
44;53300;ASH_COATED_OSMIUM;9994;13;9991;12;9990;26;10010;29;10011;11;10012;13;10002.5;0.0
44;53300;INTARIAN_PEPPER_ROOT;57047;10;57045;12;;;57062;10;57063;12;;;57055.0;0.0
44;53400;ASH_COATED_OSMIUM;9992;11;9989;11;;;10008;13;10011;11;;;10000.5;0.0
44;53400;INTARIAN_PEPPER_ROOT;57043;22;57042;9;;;57057;24;57060;11;;;57050.5;0.0
44;53500;ASH_COATED_OSMIUM;9996;11;;;;;10012;14;;;;;10004.5;0.0
44;53500;INTARIAN_PEPPER_ROOT;57049;9;57047;8;;;57061;12;57064;12;;;57055.0;0.0
44;53600;ASH_COATED_OSMIUM;9994;15;9993;14;9990;12;10010;15;10011;12;10014;12;10002.0;0.0
44;53600;INTARIAN_PEPPER_ROOT;57051;10;57049;10;;;57067;11;57068;11;;;57059.0;0.0
44;53700;ASH_COATED_OSMIUM;9987;14;9986;12;;;10003;11;10006;10;;;9995.5;0.0
44;53700;INTARIAN_PEPPER_ROOT;57047;9;57045;12;57042;5;57063;12;57066;5;57067;9;57055.5;0.0
44;53800;ASH_COATED_OSMIUM;9983;2;9981;14;9980;10;10001;15;10004;14;10007;21;9992.5;0.0
44;53800;INTARIAN_PEPPER_ROOT;57046;9;57043;19;;;57058;9;57060;12;;;57052.0;0.0
44;53900;ASH_COATED_OSMIUM;9992;13;9990;12;;;10008;23;10010;10;;;10000.0;0.0
44;53900;INTARIAN_PEPPER_ROOT;57047;20;57046;12;;;57059;11;57061;9;;;57053.5;0.0
44;54000;ASH_COATED_OSMIUM;9991;13;9990;7;9987;11;10007;15;10008;13;10011;14;9999.5;0.0
44;54000;INTARIAN_PEPPER_ROOT;57046;11;57045;9;57044;11;57059;10;57061;8;57063;9;57052.5;0.0
44;54100;ASH_COATED_OSMIUM;10003;14;10001;10;;;10019;13;10022;14;;;10011.0;0.0
44;54100;INTARIAN_PEPPER_ROOT;57050;8;57049;9;57046;8;57062;12;57065;9;57068;15;57056.5;0.0
44;54200;ASH_COATED_OSMIUM;10000;14;9997;11;9995;11;10016;10;10019;14;10020;15;10008.5;0.0
44;54200;INTARIAN_PEPPER_ROOT;57045;11;57042;10;57041;12;57059;11;57062;23;57064;11;57052.0;0.0
44;54300;ASH_COATED_OSMIUM;10000;10;9998;11;;;10018;15;10019;15;;;10009.5;0.0
44;54300;INTARIAN_PEPPER_ROOT;57050;10;57048;24;57045;24;57063;9;57066;11;57067;10;57056.5;0.0
44;54400;ASH_COATED_OSMIUM;10002;12;;;;;10018;14;;;;;10010.0;0.0
44;54400;INTARIAN_PEPPER_ROOT;57048;11;57047;10;57046;8;57060;10;57062;12;57064;10;57054.5;0.0
44;54500;ASH_COATED_OSMIUM;9999;13;9998;10;9995;15;10017;26;10020;13;10023;10;10008.0;0.0
44;54500;INTARIAN_PEPPER_ROOT;57048;11;;;;;57061;24;;;;;57055.0;0.0
44;54600;ASH_COATED_OSMIUM;10000;11;9998;10;9996;14;10016;10;10019;15;10022;3;10008.0;0.0
44;54600;INTARIAN_PEPPER_ROOT;57049;11;;;;;57061;19;;;;;57055.0;0.0
44;54700;ASH_COATED_OSMIUM;9992;10;9990;12;9987;11;10008;11;10011;14;10012;12;10000.5;0.0
44;54700;INTARIAN_PEPPER_ROOT;57051;10;;;;;57064;11;;;;;57057.5;0.0
44;54800;ASH_COATED_OSMIUM;9988;11;;;;;10007;10;;;;;9997.5;0.0
44;54800;INTARIAN_PEPPER_ROOT;57050;10;;;;;57064;8;;;;;57057.5;0.0
44;54900;ASH_COATED_OSMIUM;9989;29;;;;;10005;15;;;;;9997.0;0.0
44;54900;INTARIAN_PEPPER_ROOT;57052;10;57050;17;;;57061;11;57064;23;;;57057.0;0.0
44;55000;ASH_COATED_OSMIUM;9984;25;;;;;10002;30;;;;;9993.5;0.0
44;55000;INTARIAN_PEPPER_ROOT;57048;23;57047;12;;;57062;9;57064;12;;;57055.5;0.0
44;55100;ASH_COATED_OSMIUM;9982;11;9980;15;9979;14;9998;11;9999;28;10002;13;9990.5;0.0
44;55100;INTARIAN_PEPPER_ROOT;57047;9;;;;;57064;12;;;;;57056.0;0.0
44;55200;ASH_COATED_OSMIUM;9982;10;9979;13;9978;13;9998;24;10000;14;10002;10;9990.0;0.0
44;55200;INTARIAN_PEPPER_ROOT;57050;11;;;;;57062;16;;;;;57056.0;0.0
44;55300;ASH_COATED_OSMIUM;9980;27;9977;12;9976;30;9996;14;9998;10;10000;25;9988.5;0.0
44;55300;INTARIAN_PEPPER_ROOT;57045;12;57043;10;;;57061;12;57064;10;;;57053.5;0.0
44;55400;ASH_COATED_OSMIUM;9985;10;;;;;10001;15;;;;;9993.0;0.0
44;55400;INTARIAN_PEPPER_ROOT;57049;9;57046;9;;;57062;11;57065;9;;;57056.0;0.0
44;55500;ASH_COATED_OSMIUM;9992;11;;;;;10001;14;;;;;9996.5;0.0
44;55500;INTARIAN_PEPPER_ROOT;57047;8;;;;;57059;11;;;;;57053.0;0.0
44;55600;ASH_COATED_OSMIUM;9988;11;9987;27;9986;10;10006;12;10008;13;10011;11;9997.5;0.0
44;55600;INTARIAN_PEPPER_ROOT;57048;11;;;;;57060;10;;;;;57054.0;0.0
44;55700;ASH_COATED_OSMIUM;9988;14;;;;;10006;22;;;;;9997.5;0.0
44;55700;INTARIAN_PEPPER_ROOT;57048;25;;;;;57060;10;;;;;57054.5;0.0
44;55800;ASH_COATED_OSMIUM;9991;11;9988;13;9987;11;10007;12;10009;10;10012;13;9999.0;0.0
44;55800;INTARIAN_PEPPER_ROOT;57050;9;57049;8;57046;8;57064;11;57065;9;57066;24;57057.5;0.0
44;55900;ASH_COATED_OSMIUM;9997;14;9994;10;;;10015;13;10018;14;;;10006.0;0.0
44;55900;INTARIAN_PEPPER_ROOT;57050;9;57049;10;;;57064;11;57065;11;;;57057.0;0.0
44;56000;ASH_COATED_OSMIUM;9998;11;9995;13;9993;14;10014;25;10015;10;10017;15;10006.5;0.0
44;56000;INTARIAN_PEPPER_ROOT;57047;8;;;;;57061;10;;;;;57054.5;0.0
44;56100;ASH_COATED_OSMIUM;9997;13;9995;10;;;10018;15;10019;25;;;10008.0;0.0
44;56100;INTARIAN_PEPPER_ROOT;57052;12;57051;11;57048;12;57064;12;57067;11;57068;9;57058.0;0.0
44;56200;ASH_COATED_OSMIUM;10001;29;9999;5;9998;4;10017;13;10018;14;10021;12;10009.0;0.0
44;56200;INTARIAN_PEPPER_ROOT;57048;9;57045;12;57043;11;57061;18;57062;11;57065;20;57054.5;0.0
44;56300;ASH_COATED_OSMIUM;9998;12;9997;15;;;10014;14;10016;14;;;10006.5;0.0
44;56300;INTARIAN_PEPPER_ROOT;57046;10;57044;8;57042;10;57065;9;57066;9;57068;11;57056.0;0.0
44;56400;ASH_COATED_OSMIUM;9999;11;9996;13;9993;12;10015;20;10016;12;10019;11;10007.5;0.0
44;56400;INTARIAN_PEPPER_ROOT;57050;12;57048;12;;;57062;9;57063;8;;;57056.0;0.0
44;56500;ASH_COATED_OSMIUM;9996;15;9993;10;;;10012;14;10013;26;;;10004.5;0.0
44;56500;INTARIAN_PEPPER_ROOT;57049;11;;;;;57063;8;;;;;57056.0;0.0
44;56600;ASH_COATED_OSMIUM;9994;12;9993;14;;;10010;13;10012;20;;;10002.5;0.0
44;56600;INTARIAN_PEPPER_ROOT;57054;8;57052;20;57049;8;57065;9;57066;12;57067;21;57060.0;0.0
44;56700;ASH_COATED_OSMIUM;9992;14;;;;;10008;11;;;;;10000.5;0.0
44;56700;INTARIAN_PEPPER_ROOT;57050;8;;;;;57063;10;;;;;57057.0;0.0
44;56800;ASH_COATED_OSMIUM;9990;12;;;;;10009;26;;;;;10000.0;0.0
44;56800;INTARIAN_PEPPER_ROOT;57048;10;57046;24;57045;12;57059;9;57060;11;57062;9;57053.5;0.0
44;56900;ASH_COATED_OSMIUM;9993;21;9991;15;;;10009;14;10011;12;;;10001.5;0.0
44;56900;INTARIAN_PEPPER_ROOT;57049;11;57048;10;;;57069;15;57071;12;;;57059.5;0.0
44;57000;ASH_COATED_OSMIUM;9991;30;9988;25;9985;12;10007;15;10010;14;10012;11;9999.0;0.0
44;57000;INTARIAN_PEPPER_ROOT;57046;12;57044;11;57042;6;57062;10;57065;8;57068;10;57054.0;0.0
44;57100;ASH_COATED_OSMIUM;9989;12;9988;23;9985;15;10005;24;10006;14;10009;3;9997.0;0.0
44;57100;INTARIAN_PEPPER_ROOT;57052;11;57049;10;;;57066;10;57069;12;;;57059.0;0.0
44;57200;ASH_COATED_OSMIUM;9985;14;;;;;10001;13;;;;;9993.0;0.0
44;57200;INTARIAN_PEPPER_ROOT;57051;9;57049;9;;;57063;12;57064;17;;;57057.5;0.0
44;57300;ASH_COATED_OSMIUM;9991;10;9989;13;9987;12;10007;10;10010;8;10012;10;9999.5;0.0
44;57300;INTARIAN_PEPPER_ROOT;57049;25;57047;11;57044;12;57062;10;57065;8;57066;9;57055.5;0.0
44;57400;ASH_COATED_OSMIUM;9998;13;;;;;10006;13;;;;;10002.5;0.0
44;57400;INTARIAN_PEPPER_ROOT;57053;8;57050;9;;;57067;17;57068;11;;;57060.5;0.0
44;57500;ASH_COATED_OSMIUM;9991;12;9990;12;;;10007;13;10010;10;;;9999.0;0.0
44;57500;INTARIAN_PEPPER_ROOT;57053;8;57052;11;;;57067;11;57069;8;;;57060.5;0.0
44;57600;ASH_COATED_OSMIUM;9989;12;9986;13;;;10005;14;10006;11;;;9997.5;0.0
44;57600;INTARIAN_PEPPER_ROOT;57050;11;;;;;57066;11;;;;;57058.0;0.0
44;57700;ASH_COATED_OSMIUM;9994;29;9993;11;;;10010;22;10012;10;;;10002.5;0.0
44;57700;INTARIAN_PEPPER_ROOT;57055;12;57053;9;;;57061;12;57063;11;;;57058.0;0.0
44;57800;ASH_COATED_OSMIUM;9995;10;;;;;10011;12;;;;;10003.0;0.0
44;57800;INTARIAN_PEPPER_ROOT;57053;12;57051;10;;;57064;10;57066;11;;;57059.0;0.0
44;57900;ASH_COATED_OSMIUM;9996;13;9995;4;9994;11;10012;14;10014;10;10017;14;10004.5;0.0
44;57900;INTARIAN_PEPPER_ROOT;57050;8;;;;;57064;9;;;;;57057.5;0.0
44;58000;ASH_COATED_OSMIUM;9994;28;9992;15;9991;12;10010;11;10011;14;10014;12;10002.0;0.0
44;58000;INTARIAN_PEPPER_ROOT;57049;12;57048;8;57046;11;57065;12;57067;23;57068;11;57057.5;0.0
44;58100;ASH_COATED_OSMIUM;9993;15;9991;30;9989;11;10012;10;10014;10;10016;11;10003.0;0.0
44;58100;INTARIAN_PEPPER_ROOT;57052;15;57050;12;;;57065;8;57067;9;;;57058.5;0.0
44;58200;ASH_COATED_OSMIUM;9996;13;;;;;10014;11;;;;;10005.5;0.0
44;58200;INTARIAN_PEPPER_ROOT;57051;15;57049;11;;;57064;11;57067;12;;;57057.5;0.0
44;58300;ASH_COATED_OSMIUM;9995;12;9994;11;9993;11;10011;13;10013;27;10016;14;10003.5;0.0
44;58300;INTARIAN_PEPPER_ROOT;57055;11;;;;;57069;8;;;;;57062.0;0.0
44;58400;ASH_COATED_OSMIUM;9994;13;;;;;10010;14;;;;;10002.5;0.0
44;58400;INTARIAN_PEPPER_ROOT;57051;10;57048;12;;;57065;15;57068;11;;;57058.5;0.0
44;58500;ASH_COATED_OSMIUM;9992;15;9991;10;9989;29;10008;30;10010;23;10011;13;10000.5;0.0
44;58500;INTARIAN_PEPPER_ROOT;57053;22;57050;8;;;57066;8;57067;6;;;57060.0;0.0
44;58600;ASH_COATED_OSMIUM;9992;15;;;;;10008;25;;;;;10000.5;0.0
44;58600;INTARIAN_PEPPER_ROOT;57051;11;57049;12;;;57064;12;57066;10;;;57058.0;0.0
44;58700;ASH_COATED_OSMIUM;9992;11;;;;;10008;12;;;;;10000.0;0.0
44;58700;INTARIAN_PEPPER_ROOT;57051;11;57048;8;;;57064;12;57065;7;;;57058.0;0.0
44;58800;ASH_COATED_OSMIUM;9995;24;9992;15;9991;11;10013;7;10015;13;10018;14;10004.5;0.0
44;58800;INTARIAN_PEPPER_ROOT;57057;8;57055;8;57053;21;57069;17;57070;10;57073;12;57063.0;0.0
44;58900;ASH_COATED_OSMIUM;10000;12;9999;30;;;10009;13;10011;12;;;10005.0;0.0
44;58900;INTARIAN_PEPPER_ROOT;57050;11;57049;9;;;57066;10;57068;23;;;57058.0;0.0
44;59000;ASH_COATED_OSMIUM;9997;10;;;;;10013;10;;;;;10005.0;0.0
44;59000;INTARIAN_PEPPER_ROOT;57054;9;57053;9;;;57065;9;57067;8;;;57060.0;0.0
44;59100;ASH_COATED_OSMIUM;9989;10;9988;11;9986;11;10008;12;10011;11;10013;11;9998.5;0.0
44;59100;INTARIAN_PEPPER_ROOT;57062;23;57059;17;;;57065;8;57067;10;;;57063.5;0.0
44;59200;ASH_COATED_OSMIUM;9993;12;;;;;10012;20;;;;;10002.5;0.0
44;59200;INTARIAN_PEPPER_ROOT;57057;8;;;;;57069;20;;;;;57063.5;0.0
44;59300;ASH_COATED_OSMIUM;10002;15;;;;;10018;13;;;;;10010.0;0.0
44;59300;INTARIAN_PEPPER_ROOT;57053;19;57051;11;;;57069;10;57071;9;;;57061.0;0.0
44;59400;ASH_COATED_OSMIUM;9995;27;9992;14;9991;11;10011;10;10012;27;10013;12;10003.5;0.0
44;59400;INTARIAN_PEPPER_ROOT;57050;24;57048;17;;;57063;9;57065;12;;;57057.0;0.0
44;59500;ASH_COATED_OSMIUM;9991;15;9989;24;;;10010;15;10011;30;;;10000.5;0.0
44;59500;INTARIAN_PEPPER_ROOT;57054;11;;;;;57067;24;;;;;57061.0;0.0
44;59600;ASH_COATED_OSMIUM;9989;3;9986;14;;;10005;28;10006;26;;;9997.0;0.0
44;59600;INTARIAN_PEPPER_ROOT;57051;12;;;;;57066;12;;;;;57058.5;0.0
44;59700;ASH_COATED_OSMIUM;9989;14;9987;14;9986;13;10005;15;10007;10;10008;26;9997.0;0.0
44;59700;INTARIAN_PEPPER_ROOT;57052;12;;;;;57066;18;;;;;57059.0;0.0
44;59800;ASH_COATED_OSMIUM;9989;14;9988;30;9986;15;10005;11;10008;14;10009;27;9997.0;0.0
44;59800;INTARIAN_PEPPER_ROOT;57051;11;57050;9;;;57067;6;57069;22;;;57059.0;0.0
44;59900;ASH_COATED_OSMIUM;9987;10;9986;12;9984;10;10003;15;10006;25;10009;13;9995.5;0.0
44;59900;INTARIAN_PEPPER_ROOT;57049;11;57047;15;57044;12;57065;12;57066;12;57068;9;57057.0;0.0
44;60000;ASH_COATED_OSMIUM;9992;12;9990;12;;;10008;13;10009;22;;;10000.5;0.0
44;60000;INTARIAN_PEPPER_ROOT;57052;11;;;;;57065;12;;;;;57058.5;0.0
44;60100;ASH_COATED_OSMIUM;9999;15;9998;15;;;10015;21;10016;22;;;10007.0;0.0
44;60100;INTARIAN_PEPPER_ROOT;57053;12;57052;12;57050;9;57066;15;57069;8;57072;9;57059.5;0.0
44;60200;ASH_COATED_OSMIUM;9990;12;9988;12;;;10009;30;10012;10;;;9999.5;0.0
44;60200;INTARIAN_PEPPER_ROOT;57052;20;57050;8;;;57066;10;57068;10;;;57059.5;0.0
44;60300;ASH_COATED_OSMIUM;9991;26;;;;;10007;11;;;;;9999.5;0.0
44;60300;INTARIAN_PEPPER_ROOT;57053;9;57051;8;57049;18;57066;8;57067;12;57070;10;57059.5;0.0
44;60400;ASH_COATED_OSMIUM;9992;12;9990;10;;;10011;22;10012;13;;;10001.5;0.0
44;60400;INTARIAN_PEPPER_ROOT;57055;10;57052;10;57051;11;57068;11;57070;10;57073;11;57061.5;0.0
44;60500;ASH_COATED_OSMIUM;9992;14;9991;15;;;10008;3;10011;10;;;10000.0;0.0
44;60500;INTARIAN_PEPPER_ROOT;57058;12;57056;8;57053;12;57069;9;57072;8;57073;9;57063.5;0.0
44;60600;ASH_COATED_OSMIUM;9991;14;9989;14;9987;25;10007;13;10009;13;10012;10;9999.5;0.0
44;60600;INTARIAN_PEPPER_ROOT;57057;8;57055;8;;;57069;10;57071;12;;;57063.0;0.0
44;60700;ASH_COATED_OSMIUM;9990;11;9988;15;;;10006;29;10009;14;;;9998.5;0.0
44;60700;INTARIAN_PEPPER_ROOT;57054;12;57053;8;57052;11;57071;9;57073;17;57076;11;57063.0;0.0
44;60800;ASH_COATED_OSMIUM;9989;11;9986;14;;;10005;6;10008;24;;;9997.5;0.0
44;60800;INTARIAN_PEPPER_ROOT;57053;11;57051;12;57049;12;57067;10;57068;9;57069;9;57060.0;0.0
44;60900;ASH_COATED_OSMIUM;9990;13;9987;4;;;10006;25;10008;13;;;9998.0;0.0
44;60900;INTARIAN_PEPPER_ROOT;57051;12;;;;;57063;11;;;;;57057.5;0.0
44;61000;ASH_COATED_OSMIUM;9993;13;;;;;10011;11;;;;;10002.0;0.0
44;61000;INTARIAN_PEPPER_ROOT;57056;10;57054;8;57052;9;57070;9;57071;8;57073;9;57063.0;0.0
44;61100;ASH_COATED_OSMIUM;9998;11;9996;24;;;10014;13;10016;11;;;10006.5;0.0
44;61100;INTARIAN_PEPPER_ROOT;57060;8;;;;;57062;11;;;;;57061.0;0.0
44;61200;ASH_COATED_OSMIUM;9993;12;;;;;10009;13;;;;;10001.0;0.0
44;61200;INTARIAN_PEPPER_ROOT;57056;12;;;;;57070;11;;;;;57063.0;0.0
44;61300;ASH_COATED_OSMIUM;9997;12;9994;10;9993;14;10013;24;10016;15;10019;15;10005.5;0.0
44;61300;INTARIAN_PEPPER_ROOT;57055;17;;;;;57068;8;;;;;57062.0;0.0
44;61400;ASH_COATED_OSMIUM;9994;14;9993;12;9991;21;10010;10;10013;25;10015;13;10002.0;0.0
44;61400;INTARIAN_PEPPER_ROOT;57054;10;57051;8;57048;9;57066;12;57067;12;57070;11;57060.0;0.0
44;61500;ASH_COATED_OSMIUM;9996;10;9993;14;;;10012;26;10015;13;;;10004.0;0.0
44;61500;INTARIAN_PEPPER_ROOT;57054;8;57051;10;;;57067;9;57069;11;;;57060.5;0.0
44;61600;ASH_COATED_OSMIUM;9992;15;9990;10;;;10008;10;10011;15;;;10000.0;0.0
44;61600;INTARIAN_PEPPER_ROOT;57056;22;57054;10;;;57068;12;57070;11;;;57062.5;0.0
44;61700;ASH_COATED_OSMIUM;9991;13;;;;;10007;11;;;;;9999.5;0.0
44;61700;INTARIAN_PEPPER_ROOT;57055;11;57054;11;;;57066;12;57068;9;;;57060.5;0.0
44;61800;ASH_COATED_OSMIUM;9990;11;9987;15;9986;14;10009;30;10012;10;10015;11;9999.5;0.0
44;61800;INTARIAN_PEPPER_ROOT;57056;10;57054;8;;;57067;12;57070;10;;;57062.0;0.0
44;61900;ASH_COATED_OSMIUM;9989;14;9988;10;9985;13;10007;14;10008;13;10010;10;9998.0;0.0
44;61900;INTARIAN_PEPPER_ROOT;57057;10;;;;;57069;12;;;;;57063.5;0.0
44;62000;ASH_COATED_OSMIUM;9996;14;9995;12;;;10012;14;10013;10;;;10004.0;0.0
44;62000;INTARIAN_PEPPER_ROOT;57059;8;57058;8;;;57068;12;57071;8;;;57064.0;0.0
44;62100;ASH_COATED_OSMIUM;9997;12;9995;15;9993;15;10013;15;10016;21;10019;23;10005.5;0.0
44;62100;INTARIAN_PEPPER_ROOT;57055;11;57052;8;57051;8;57069;11;57071;8;57074;9;57062.0;0.0
44;62200;ASH_COATED_OSMIUM;9995;14;;;;;10011;30;;;;;10003.5;0.0
44;62200;INTARIAN_PEPPER_ROOT;57055;8;;;;;57067;12;;;;;57061.0;0.0
44;62300;ASH_COATED_OSMIUM;9996;15;;;;;10012;14;;;;;10004.5;0.0
44;62300;INTARIAN_PEPPER_ROOT;57054;9;57053;8;;;57070;10;57072;8;;;57062.5;0.0
44;62400;ASH_COATED_OSMIUM;9991;7;;;;;10007;13;;;;;9999.0;0.0
44;62400;INTARIAN_PEPPER_ROOT;57053;8;57050;10;;;57067;9;57068;17;;;57060.0;0.0
44;62500;ASH_COATED_OSMIUM;9994;11;;;;;10010;11;;;;;10002.5;0.0
44;62500;INTARIAN_PEPPER_ROOT;57059;9;57057;12;57054;22;57071;12;57072;9;57075;9;57065.0;0.0
44;62600;ASH_COATED_OSMIUM;9990;11;9988;10;;;10008;13;10009;14;;;9999.5;0.0
44;62600;INTARIAN_PEPPER_ROOT;57057;8;57056;9;;;57073;11;57076;12;;;57065.0;0.0
44;62700;ASH_COATED_OSMIUM;9986;21;9984;13;9981;10;10004;13;10006;13;10009;2;9995.5;0.0
44;62700;INTARIAN_PEPPER_ROOT;57055;8;57052;9;;;57068;10;57071;8;;;57061.5;0.0
44;62800;ASH_COATED_OSMIUM;9987;14;9985;2;;;10000;13;10003;13;;;9993.5;0.0
44;62800;INTARIAN_PEPPER_ROOT;57058;12;57055;11;57054;15;57070;9;57071;8;57072;10;57064.0;0.0
44;62900;ASH_COATED_OSMIUM;9985;10;9984;14;9981;11;10001;12;10002;12;10005;14;9993.0;0.0
44;62900;INTARIAN_PEPPER_ROOT;57059;12;;;;;57070;18;;;;;57064.5;0.0
44;63000;ASH_COATED_OSMIUM;9981;15;9980;11;;;9997;29;10000;14;;;9989.5;0.0
44;63000;INTARIAN_PEPPER_ROOT;57056;22;57053;10;57052;7;57073;17;57075;10;57076;11;57064.5;0.0
44;63100;ASH_COATED_OSMIUM;9985;11;;;;;10001;15;;;;;9993.5;0.0
44;63100;INTARIAN_PEPPER_ROOT;57054;12;57051;24;;;57071;15;57074;16;;;57062.5;0.0
44;63200;ASH_COATED_OSMIUM;9985;29;9984;12;9982;14;10001;10;10003;15;10004;11;9993.5;0.0
