day;timestamp;product;bid_price_1;bid_volume_1;bid_price_2;bid_volume_2;bid_price_3;bid_volume_3;ask_price_1;ask_volume_1;ask_price_2;ask_volume_2;ask_price_3;ask_volume_3;mid_price;profit_and_loss
32;0;ASH_COATED_OSMIUM;9988;15;9985;13;;;10006;13;10007;14;;;9997.5;0.0
32;0;INTARIAN_PEPPER_ROOT;44993;12;44990;25;44988;8;45006;25;45009;10;45011;12;45000.0;0.0
32;100;ASH_COATED_OSMIUM;9992;11;;;;;10008;14;;;;;10000.0;0.0
32;100;INTARIAN_PEPPER_ROOT;44993;12;44991;11;;;45009;10;45012;12;;;45001.0;0.0
32;200;ASH_COATED_OSMIUM;9992;13;9991;29;9988;10;10011;12;10012;10;10013;28;10002.0;0.0
32;200;INTARIAN_PEPPER_ROOT;44992;15;44989;10;44988;8;45006;10;45009;11;45010;19;44999.5;0.0
32;300;ASH_COATED_OSMIUM;9995;12;9992;27;9989;12;10014;8;10016;20;10019;11;10005.0;0.0
32;300;INTARIAN_PEPPER_ROOT;44998;10;44996;12;;;45010;12;45011;9;;;45004.0;0.0
32;400;ASH_COATED_OSMIUM;10000;30;9997;11;9996;12;10016;12;10017;10;10019;12;10008.0;0.0
32;400;INTARIAN_PEPPER_ROOT;44993;25;44992;12;;;45006;18;45009;9;;;44999.5;0.0
32;500;ASH_COATED_OSMIUM;9993;14;;;;;10009;11;;;;;10001.5;0.0
32;500;INTARIAN_PEPPER_ROOT;44994;10;44993;9;;;45008;18;45010;12;;;45001.0;0.0
32;600;ASH_COATED_OSMIUM;9995;11;9994;15;;;10011;13;10014;14;;;10003.5;0.0
32;600;INTARIAN_PEPPER_ROOT;44995;16;44992;10;44991;12;45008;8;45009;15;45012;8;45002.0;0.0
32;700;ASH_COATED_OSMIUM;9990;6;9989;13;;;10006;15;10009;21;;;9998.5;0.0
32;700;INTARIAN_PEPPER_ROOT;44998;18;44996;11;;;45009;8;45012;11;;;45004.0;0.0
32;800;ASH_COATED_OSMIUM;9998;26;9997;10;;;10004;11;10006;26;;;10001.0;0.0
32;800;INTARIAN_PEPPER_ROOT;44996;8;44995;9;;;45009;8;45011;12;;;45003.0;0.0
32;900;ASH_COATED_OSMIUM;9990;13;9988;14;9986;13;10006;15;10008;11;10009;13;9998.5;0.0
32;900;INTARIAN_PEPPER_ROOT;44993;8;44992;10;;;45006;10;45008;23;;;44999.5;0.0
32;1000;ASH_COATED_OSMIUM;9994;30;9993;12;9990;23;10012;12;10013;15;10016;13;10003.5;0.0
32;1000;INTARIAN_PEPPER_ROOT;44996;8;44995;18;44993;11;45009;12;45010;11;45012;9;45003.0;0.0
32;1100;ASH_COATED_OSMIUM;9998;11;9995;15;;;10014;15;10015;22;;;10006.5;0.0
32;1100;INTARIAN_PEPPER_ROOT;44996;10;44994;11;44992;11;45009;11;45012;11;45013;10;45002.5;0.0
32;1200;ASH_COATED_OSMIUM;9997;24;;;;;10013;10;;;;;10005.0;0.0
32;1200;INTARIAN_PEPPER_ROOT;44995;11;44992;23;44989;15;45007;11;45010;12;45013;17;45001.0;0.0
32;1300;ASH_COATED_OSMIUM;9991;11;9988;12;;;10010;13;10012;7;;;10001.0;0.0
32;1300;INTARIAN_PEPPER_ROOT;44995;12;;;;;45009;8;;;;;45002.5;0.0
32;1400;ASH_COATED_OSMIUM;9991;14;9988;15;9987;11;10007;12;10008;26;10011;15;9999.0;0.0
32;1400;INTARIAN_PEPPER_ROOT;44991;8;44989;10;;;45008;12;45011;12;;;44999.5;0.0
32;1500;ASH_COATED_OSMIUM;9986;29;9983;13;;;10002;13;10003;15;;;9994.5;0.0
32;1500;INTARIAN_PEPPER_ROOT;45000;12;;;;;45003;9;;;;;45002.0;0.0
32;1600;ASH_COATED_OSMIUM;9989;12;9986;14;;;10007;15;10008;10;;;9998.5;0.0
32;1600;INTARIAN_PEPPER_ROOT;44993;11;44990;15;;;45005;21;45006;8;;;44999.0;0.0
32;1700;ASH_COATED_OSMIUM;10002;12;9999;13;;;10007;14;10009;12;;;10004.5;0.0
32;1700;INTARIAN_PEPPER_ROOT;44991;9;44988;12;44987;10;45008;9;45009;12;45010;16;45000.0;0.0
32;1800;ASH_COATED_OSMIUM;9998;15;;;;;10014;30;;;;;10006.0;0.0
32;1800;INTARIAN_PEPPER_ROOT;44993;8;;;;;45007;25;;;;;45000.5;0.0
32;1900;ASH_COATED_OSMIUM;10000;14;9999;3;9996;15;10016;14;10017;14;10018;11;10008.5;0.0
32;1900;INTARIAN_PEPPER_ROOT;45001;12;44998;8;;;45014;20;45016;9;;;45007.5;0.0
32;2000;ASH_COATED_OSMIUM;9998;10;9997;13;9996;11;10017;28;10019;26;10020;12;10008.0;0.0
32;2000;INTARIAN_PEPPER_ROOT;44997;25;44995;8;;;45009;22;45011;12;;;45003.5;0.0
32;2100;ASH_COATED_OSMIUM;9994;14;9991;15;;;10012;13;10015;15;;;10003.5;0.0
32;2100;INTARIAN_PEPPER_ROOT;44993;8;44991;25;44989;10;45004;9;45005;23;45007;8;44998.5;0.0
32;2200;ASH_COATED_OSMIUM;9997;12;;;;;10015;10;;;;;10006.5;0.0
32;2200;INTARIAN_PEPPER_ROOT;44993;11;44991;8;;;45009;10;45012;8;;;45001.0;0.0
32;2300;ASH_COATED_OSMIUM;10000;13;9997;11;9994;15;10016;11;10018;10;10019;24;10008.0;0.0
32;2300;INTARIAN_PEPPER_ROOT;44993;11;44991;9;;;45006;9;45008;8;;;45000.0;0.0
32;2400;ASH_COATED_OSMIUM;9997;9;9996;9;9993;11;10013;15;10016;13;10018;13;10005.0;0.0
32;2400;INTARIAN_PEPPER_ROOT;44997;10;;;;;45008;10;;;;;45003.0;0.0
32;2500;ASH_COATED_OSMIUM;9996;10;9993;10;;;10005;29;10007;15;;;10000.5;0.0
32;2500;INTARIAN_PEPPER_ROOT;44993;9;44990;20;;;45007;8;45010;9;;;45000.5;0.0
32;2600;ASH_COATED_OSMIUM;9985;12;9982;12;;;10001;12;10003;12;;;9993.0;0.0
32;2600;INTARIAN_PEPPER_ROOT;44997;12;44994;9;;;45011;9;45014;12;;;45004.0;0.0
32;2700;ASH_COATED_OSMIUM;9990;11;9987;26;9985;14;10008;23;10011;15;10012;15;9999.5;0.0
32;2700;INTARIAN_PEPPER_ROOT;44998;12;;;;;45012;9;;;;;45005.0;0.0
32;2800;ASH_COATED_OSMIUM;9995;26;9994;11;;;10011;5;10012;15;;;10003.5;0.0
32;2800;INTARIAN_PEPPER_ROOT;45001;10;;;;;45012;11;;;;;45006.5;0.0
32;2900;ASH_COATED_OSMIUM;9996;14;9993;13;;;10014;10;10016;15;;;10005.0;0.0
32;2900;INTARIAN_PEPPER_ROOT;44999;25;44998;8;;;45002;11;45005;10;;;45000.5;0.0
32;3000;ASH_COATED_OSMIUM;9993;26;9992;27;9991;21;10009;29;10012;24;10013;11;10001.5;0.0
32;3000;INTARIAN_PEPPER_ROOT;44999;11;44996;12;44993;23;45016;11;45018;12;45019;23;45008.0;0.0
32;3100;ASH_COATED_OSMIUM;9995;15;9992;15;9990;13;10014;13;10017;12;10018;23;10004.5;0.0
32;3100;INTARIAN_PEPPER_ROOT;44994;25;;;;;45008;8;;;;;45001.5;0.0
32;3200;ASH_COATED_OSMIUM;9998;14;9995;13;;;10014;26;10015;13;;;10006.5;0.0
32;3200;INTARIAN_PEPPER_ROOT;44993;11;44991;20;44990;9;45008;11;45010;10;45011;11;45000.5;0.0
32;3300;ASH_COATED_OSMIUM;9988;14;9986;13;;;10007;10;10008;15;;;9998.0;0.0
32;3300;INTARIAN_PEPPER_ROOT;44993;8;44990;9;;;45006;18;45009;24;;;45000.0;0.0
32;3400;ASH_COATED_OSMIUM;9985;15;9982;14;;;10001;11;10004;11;;;9993.5;0.0
32;3400;INTARIAN_PEPPER_ROOT;44998;8;44997;8;;;45010;9;45013;12;;;45004.5;0.0
32;3500;ASH_COATED_OSMIUM;9986;27;9984;10;;;10002;29;10005;13;;;9994.0;0.0
32;3500;INTARIAN_PEPPER_ROOT;44997;16;;;;;45011;10;;;;;45004.0;0.0
32;3600;ASH_COATED_OSMIUM;9987;15;9984;14;;;10005;10;10006;10;;;9996.0;0.0
32;3600;INTARIAN_PEPPER_ROOT;44995;12;;;;;45006;8;;;;;45000.5;0.0
32;3700;ASH_COATED_OSMIUM;9989;15;9988;10;;;10005;10;10007;10;;;9997.5;0.0
32;3700;INTARIAN_PEPPER_ROOT;44998;22;;;;;45010;11;;;;;45004.0;0.0
32;3800;ASH_COATED_OSMIUM;9984;12;9983;25;9980;15;10000;12;10003;14;10006;13;9992.5;0.0
32;3800;INTARIAN_PEPPER_ROOT;45004;10;45001;9;;;45007;9;45008;11;;;45006.0;0.0
32;3900;ASH_COATED_OSMIUM;9980;12;9979;10;9978;12;9999;11;10000;15;10002;10;9990.0;0.0
32;3900;INTARIAN_PEPPER_ROOT;44996;8;44995;12;;;45010;10;45012;6;;;45003.0;0.0
32;4000;ASH_COATED_OSMIUM;9988;14;9985;15;;;10004;12;10005;12;;;9996.5;0.0
32;4000;INTARIAN_PEPPER_ROOT;44995;10;44994;9;;;45010;11;45012;11;;;45003.0;0.0
32;4100;ASH_COATED_OSMIUM;9990;14;9988;12;;;10006;11;10007;24;;;9998.0;0.0
32;4100;INTARIAN_PEPPER_ROOT;44994;8;44993;9;;;45008;8;45010;8;;;45001.5;0.0
32;4200;ASH_COATED_OSMIUM;9986;11;9985;10;;;10004;14;10005;4;;;9995.0;0.0
32;4200;INTARIAN_PEPPER_ROOT;44995;23;44993;24;44992;11;45008;11;45010;10;45012;10;45001.5;0.0
32;4300;ASH_COATED_OSMIUM;9983;10;9981;10;9979;13;10002;15;10005;13;10006;24;9992.5;0.0
32;4300;INTARIAN_PEPPER_ROOT;44996;9;;;;;45008;12;;;;;45002.0;0.0
32;4400;ASH_COATED_OSMIUM;9986;12;9983;12;;;10002;10;10004;13;;;9994.0;0.0
32;4400;INTARIAN_PEPPER_ROOT;45002;8;45000;9;;;45014;9;45016;12;;;45008.0;0.0
32;4500;ASH_COATED_OSMIUM;9986;13;9985;11;9984;10;10004;10;10007;10;10010;10;9995.5;0.0
32;4500;INTARIAN_PEPPER_ROOT;45000;25;44998;12;;;45011;20;45012;15;;;45005.5;0.0
32;4600;ASH_COATED_OSMIUM;9986;15;9983;14;;;10002;11;10003;25;;;9994.5;0.0
32;4600;INTARIAN_PEPPER_ROOT;44999;16;44996;8;44995;11;45011;11;45014;9;45016;9;45005.0;0.0
32;4700;ASH_COATED_OSMIUM;9989;11;;;;;10007;11;;;;;9998.5;0.0
32;4700;INTARIAN_PEPPER_ROOT;44997;9;44995;9;;;45010;11;45012;11;;;45003.5;0.0
32;4800;ASH_COATED_OSMIUM;9988;29;;;;;10004;12;;;;;9996.0;0.0
32;4800;INTARIAN_PEPPER_ROOT;44998;12;44995;12;;;45011;11;45013;8;;;45005.0;0.0
32;4900;ASH_COATED_OSMIUM;9987;15;9984;15;;;10003;24;10006;15;;;9995.0;0.0
32;4900;INTARIAN_PEPPER_ROOT;45000;11;;;;;45017;12;;;;;45008.5;0.0
32;5000;ASH_COATED_OSMIUM;9988;10;9987;28;;;10009;20;10011;11;;;9999.0;0.0
32;5000;INTARIAN_PEPPER_ROOT;45000;9;;;;;45014;11;;;;;45007.0;0.0
32;5100;ASH_COATED_OSMIUM;9995;11;;;;;10005;13;;;;;10000.5;0.0
32;5100;INTARIAN_PEPPER_ROOT;45000;18;44999;11;;;45007;9;45009;25;;;45003.5;0.0
32;5200;ASH_COATED_OSMIUM;9991;13;;;;;10009;11;;;;;10000.0;0.0
32;5200;INTARIAN_PEPPER_ROOT;45002;11;45000;8;44998;12;45015;5;45018;12;45020;12;45009.0;0.0
32;5300;ASH_COATED_OSMIUM;9995;13;;;;;10011;14;;;;;10003.5;0.0
32;5300;INTARIAN_PEPPER_ROOT;45000;12;44999;10;;;45013;18;45014;16;;;45006.5;0.0
32;5400;ASH_COATED_OSMIUM;9992;13;9990;9;;;10008;13;10009;12;;;10000.0;0.0
32;5400;INTARIAN_PEPPER_ROOT;45002;10;44999;12;;;45013;11;45016;11;;;45007.5;0.0
32;5500;ASH_COATED_OSMIUM;9992;13;9991;14;9989;12;10008;13;10009;15;10012;28;10000.0;0.0
32;5500;INTARIAN_PEPPER_ROOT;44999;12;44997;16;44996;8;45011;20;45012;12;45015;10;45005.0;0.0
32;5600;ASH_COATED_OSMIUM;9991;11;9988;15;9986;10;10009;12;10011;26;10014;11;10000.5;0.0
32;5600;INTARIAN_PEPPER_ROOT;45001;12;45000;9;44998;8;45014;10;45015;11;45017;9;45008.0;0.0
32;5700;ASH_COATED_OSMIUM;9999;23;9997;10;9996;10;10010;24;10012;15;10015;14;10005.0;0.0
32;5700;INTARIAN_PEPPER_ROOT;45003;9;45002;8;;;45015;9;45018;12;;;45009.5;0.0
32;5800;ASH_COATED_OSMIUM;9993;10;;;;;10009;15;;;;;10001.5;0.0
32;5800;INTARIAN_PEPPER_ROOT;44999;9;44996;9;;;45015;12;45017;12;;;45007.5;0.0
32;5900;ASH_COATED_OSMIUM;9996;12;9994;24;;;10009;13;10012;10;;;10002.5;0.0
32;5900;INTARIAN_PEPPER_ROOT;44999;9;;;;;45015;8;;;;;45007.0;0.0
32;6000;ASH_COATED_OSMIUM;10000;10;;;;;10009;14;;;;;10005.0;0.0
32;6000;INTARIAN_PEPPER_ROOT;44997;22;;;;;45008;8;;;;;45002.5;0.0
32;6100;ASH_COATED_OSMIUM;10001;12;9998;12;9997;5;10017;13;10020;26;10022;14;10009.0;0.0
32;6100;INTARIAN_PEPPER_ROOT;45000;9;44998;8;44995;12;45015;12;45016;12;45019;9;45008.0;0.0
32;6200;ASH_COATED_OSMIUM;10000;11;9999;11;9997;14;10018;10;10019;10;10022;14;10009.5;0.0
32;6200;INTARIAN_PEPPER_ROOT;44999;9;44997;11;44995;11;45012;9;45014;9;45016;12;45006.0;0.0
32;6300;ASH_COATED_OSMIUM;9997;25;9994;6;;;10013;12;10014;13;;;10005.5;0.0
32;6300;INTARIAN_PEPPER_ROOT;45001;12;45000;8;;;45015;8;45016;10;;;45008.5;0.0
32;6400;ASH_COATED_OSMIUM;9995;15;9993;14;;;10014;15;10016;11;;;10004.5;0.0
32;6400;INTARIAN_PEPPER_ROOT;44999;12;44998;9;44996;10;45010;9;45011;23;45012;11;45005.0;0.0
32;6500;ASH_COATED_OSMIUM;9995;8;;;;;10011;13;;;;;10003.5;0.0
32;6500;INTARIAN_PEPPER_ROOT;44999;10;44997;8;;;45010;8;45013;12;;;45005.0;0.0
32;6600;ASH_COATED_OSMIUM;9996;13;9994;10;9991;15;10012;10;10013;26;10016;22;10004.5;0.0
32;6600;INTARIAN_PEPPER_ROOT;45005;10;45004;10;45002;11;45021;11;45023;9;45026;9;45013.0;0.0
32;6700;ASH_COATED_OSMIUM;9994;26;9991;12;9990;22;10010;10;10013;14;10015;20;10002.0;0.0
32;6700;INTARIAN_PEPPER_ROOT;45000;10;44998;16;44995;22;45013;12;45015;8;45018;11;45006.5;0.0
32;6800;ASH_COATED_OSMIUM;9992;15;9989;24;;;10008;12;10010;27;;;10000.5;0.0
32;6800;INTARIAN_PEPPER_ROOT;45003;6;45000;8;44997;10;45015;10;45018;8;45019;19;45009.0;0.0
32;6900;ASH_COATED_OSMIUM;9997;14;9995;13;;;10008;12;10011;14;;;10002.5;0.0
32;6900;INTARIAN_PEPPER_ROOT;45002;12;45000;8;;;45016;12;45018;9;;;45009.0;0.0
32;7000;ASH_COATED_OSMIUM;10001;10;9998;13;9997;24;10017;15;10020;10;10021;15;10009.0;0.0
32;7000;INTARIAN_PEPPER_ROOT;44995;8;;;;;45013;12;;;;;45004.5;0.0
32;7100;ASH_COATED_OSMIUM;10003;14;10002;14;9999;12;10022;10;10024;15;10025;11;10012.5;0.0
32;7100;INTARIAN_PEPPER_ROOT;45008;11;;;;;45021;12;;;;;45015.0;0.0
32;7200;ASH_COATED_OSMIUM;10001;11;9999;15;;;10017;13;10020;13;;;10009.5;0.0
32;7200;INTARIAN_PEPPER_ROOT;45000;11;44998;10;44996;24;45013;10;45014;11;45017;8;45007.0;0.0
32;7300;ASH_COATED_OSMIUM;10006;14;10005;14;10002;14;10022;11;10025;10;10027;14;10014.5;0.0
32;7300;INTARIAN_PEPPER_ROOT;44999;11;44997;8;;;45011;12;45014;16;;;45005.5;0.0
32;7400;ASH_COATED_OSMIUM;10002;26;;;;;10018;30;;;;;10010.5;0.0
32;7400;INTARIAN_PEPPER_ROOT;45002;9;45000;16;;;45014;9;45016;9;;;45008.0;0.0
32;7500;ASH_COATED_OSMIUM;10005;15;10004;24;10002;14;10021;10;10022;28;10023;15;10013.0;0.0
32;7500;INTARIAN_PEPPER_ROOT;45006;10;;;;;45021;9;;;;;45013.5;0.0
32;7600;ASH_COATED_OSMIUM;9999;10;9996;13;9993;13;10015;14;10017;12;10018;11;10007.0;0.0
32;7600;INTARIAN_PEPPER_ROOT;45004;12;45002;8;;;45013;8;45016;10;;;45009.0;0.0
32;7700;ASH_COATED_OSMIUM;9999;29;;;;;10017;11;;;;;10008.0;0.0
32;7700;INTARIAN_PEPPER_ROOT;45003;8;45000;9;44997;12;45014;15;45015;24;45018;9;45009.0;0.0
32;7800;ASH_COATED_OSMIUM;9996;11;;;;;10012;13;;;;;10004.5;0.0
32;7800;INTARIAN_PEPPER_ROOT;44997;12;44994;10;;;45013;12;45014;17;;;45005.5;0.0
32;7900;ASH_COATED_OSMIUM;9996;15;9993;10;;;10012;15;10014;14;;;10004.0;0.0
32;7900;INTARIAN_PEPPER_ROOT;45001;8;;;;;45013;11;;;;;45007.5;0.0
32;8000;ASH_COATED_OSMIUM;9998;12;9997;13;9995;12;10016;12;10019;5;10020;11;10007.0;0.0
32;8000;INTARIAN_PEPPER_ROOT;45000;12;44999;9;44997;10;45012;8;45013;12;45016;12;45006.5;0.0
32;8100;ASH_COATED_OSMIUM;9992;12;9990;12;9988;14;10008;11;10010;26;10012;27;10000.5;0.0
32;8100;INTARIAN_PEPPER_ROOT;44999;9;;;;;45016;10;;;;;45008.0;0.0
32;8200;ASH_COATED_OSMIUM;9992;23;9989;12;;;10008;14;10011;12;;;10000.0;0.0
32;8200;INTARIAN_PEPPER_ROOT;44995;8;44992;8;;;45012;8;45015;12;;;45003.5;0.0
32;8300;ASH_COATED_OSMIUM;9990;5;9989;13;;;10009;15;10012;13;;;9999.5;0.0
32;8300;INTARIAN_PEPPER_ROOT;45003;9;45002;19;45001;12;45016;8;45018;10;45021;11;45009.5;0.0
32;8400;ASH_COATED_OSMIUM;9992;25;9991;10;9988;12;10008;10;10011;29;10013;2;10000.0;0.0
32;8400;INTARIAN_PEPPER_ROOT;44999;10;;;;;45013;8;;;;;45006.0;0.0
32;8500;ASH_COATED_OSMIUM;9987;11;9985;29;;;10003;13;10004;11;;;9995.0;0.0
32;8500;INTARIAN_PEPPER_ROOT;45002;8;45001;10;44998;12;45016;8;45019;10;45022;8;45009.5;0.0
32;8600;ASH_COATED_OSMIUM;9992;12;9990;11;;;10011;30;10012;14;;;10002.0;0.0
32;8600;INTARIAN_PEPPER_ROOT;45002;11;45001;9;;;45015;11;45017;9;;;45009.0;0.0
32;8700;ASH_COATED_OSMIUM;9988;12;9986;15;9985;11;10004;12;10007;10;10008;26;9996.0;0.0
32;8700;INTARIAN_PEPPER_ROOT;45001;8;44999;10;;;45014;10;45015;10;;;45008.0;0.0
32;8800;ASH_COATED_OSMIUM;9983;15;9982;14;;;10001;12;10004;11;;;9992.0;0.0
32;8800;INTARIAN_PEPPER_ROOT;45001;8;44999;8;;;45016;11;45019;9;;;45008.5;0.0
32;8900;ASH_COATED_OSMIUM;9984;10;;;;;10003;14;;;;;9994.0;0.0
32;8900;INTARIAN_PEPPER_ROOT;45004;11;45002;12;;;45015;20;45017;10;;;45009.5;0.0
32;9000;ASH_COATED_OSMIUM;9983;13;9980;14;;;9999;10;10002;29;;;9991.0;0.0
32;9000;INTARIAN_PEPPER_ROOT;44998;10;;;;;45013;12;;;;;45005.5;0.0
32;9100;ASH_COATED_OSMIUM;9984;15;;;;;10000;15;;;;;9992.5;0.0
32;9100;INTARIAN_PEPPER_ROOT;45003;12;45002;9;45001;9;45015;15;45018;15;45019;17;45009.5;0.0
32;9200;ASH_COATED_OSMIUM;9980;11;;;;;9999;11;;;;;9989.5;0.0
32;9200;INTARIAN_PEPPER_ROOT;45005;10;45002;9;44999;6;45017;10;45018;8;45020;8;45011.0;0.0
32;9300;ASH_COATED_OSMIUM;9981;25;9979;28;;;10000;25;10003;10;;;9991.0;0.0
32;9300;INTARIAN_PEPPER_ROOT;44999;9;44998;9;44996;9;45014;9;45017;9;45019;11;45007.0;0.0
32;9400;ASH_COATED_OSMIUM;9981;14;9979;12;;;9997;11;9999;10;;;9989.5;0.0
32;9400;INTARIAN_PEPPER_ROOT;45005;11;45003;12;;;45017;4;45019;12;;;45011.5;0.0
32;9500;ASH_COATED_OSMIUM;9984;13;;;;;10003;26;;;;;9993.5;0.0
32;9500;INTARIAN_PEPPER_ROOT;45009;10;45008;10;;;45011;10;45012;11;;;45010.5;0.0
32;9600;ASH_COATED_OSMIUM;9984;12;9982;12;;;10000;15;10002;14;;;9992.5;0.0
32;9600;INTARIAN_PEPPER_ROOT;45003;10;;;;;45016;9;;;;;45010.0;0.0
32;9700;ASH_COATED_OSMIUM;9986;14;;;;;10002;24;;;;;9994.0;0.0
32;9700;INTARIAN_PEPPER_ROOT;45004;12;45002;12;44999;12;45016;10;45019;10;45022;11;45010.5;0.0
32;9800;ASH_COATED_OSMIUM;9988;13;9986;7;;;10004;15;10005;12;;;9996.0;0.0
32;9800;INTARIAN_PEPPER_ROOT;45004;11;45003;18;;;45016;7;45019;12;;;45010.0;0.0
32;9900;ASH_COATED_OSMIUM;9985;10;9982;12;;;10004;10;10007;11;;;9995.0;0.0
32;9900;INTARIAN_PEPPER_ROOT;45000;9;44998;19;44997;11;45016;23;45018;8;45020;12;45008.5;0.0
32;10000;ASH_COATED_OSMIUM;9984;14;;;;;10002;13;;;;;9993.5;0.0
32;10000;INTARIAN_PEPPER_ROOT;45003;8;45000;10;44999;22;45019;10;45020;12;45022;10;45011.5;0.0
32;10100;ASH_COATED_OSMIUM;9981;10;;;;;10000;10;;;;;9991.0;0.0
32;10100;INTARIAN_PEPPER_ROOT;45004;11;;;;;45015;19;;;;;45009.5;0.0
32;10200;ASH_COATED_OSMIUM;9985;11;9982;12;9980;12;10003;14;10004;14;10005;11;9994.0;0.0
32;10200;INTARIAN_PEPPER_ROOT;45004;8;45002;8;;;45021;10;45022;9;;;45013.0;0.0
32;10300;ASH_COATED_OSMIUM;9987;14;;;;;10003;14;;;;;9995.0;0.0
32;10300;INTARIAN_PEPPER_ROOT;45004;10;;;;;45020;6;;;;;45012.0;0.0
32;10400;ASH_COATED_OSMIUM;9992;13;9991;13;9989;13;10008;10;10011;10;10014;10;10000.0;0.0
32;10400;INTARIAN_PEPPER_ROOT;45002;12;45000;10;44999;9;45015;12;45016;11;45019;4;45008.5;0.0
32;10500;ASH_COATED_OSMIUM;9996;15;;;;;10012;13;;;;;10004.5;0.0
32;10500;INTARIAN_PEPPER_ROOT;45002;9;44999;12;;;45013;9;45015;9;;;45008.0;0.0
32;10600;ASH_COATED_OSMIUM;9998;25;9997;15;;;10014;8;10015;15;;;10006.0;0.0
32;10600;INTARIAN_PEPPER_ROOT;45006;20;45004;12;;;45018;9;45020;11;;;45012.0;0.0
32;10700;ASH_COATED_OSMIUM;9998;15;9995;14;;;10017;10;10018;10;;;10008.0;0.0
32;10700;INTARIAN_PEPPER_ROOT;45005;12;45002;10;;;45017;12;45020;8;;;45011.5;0.0
32;10800;ASH_COATED_OSMIUM;9999;10;;;;;10015;13;;;;;10007.0;0.0
32;10800;INTARIAN_PEPPER_ROOT;45002;15;45001;9;;;45015;8;45018;9;;;45008.5;0.0
32;10900;ASH_COATED_OSMIUM;10000;12;9997;27;9995;29;10016;24;10017;11;10018;29;10008.5;0.0
32;10900;INTARIAN_PEPPER_ROOT;45006;10;45004;8;;;45018;12;45019;10;;;45012.5;0.0
32;11000;ASH_COATED_OSMIUM;10003;11;10002;13;;;10019;13;10021;12;;;10011.0;0.0
32;11000;INTARIAN_PEPPER_ROOT;45004;12;45001;25;;;45017;10;45019;12;;;45010.5;0.0
32;11100;ASH_COATED_OSMIUM;9994;29;9992;10;9990;9;10012;14;10014;13;10016;13;10003.5;0.0
32;11100;INTARIAN_PEPPER_ROOT;45003;10;45002;11;;;45020;9;45021;8;;;45011.5;0.0
32;11200;ASH_COATED_OSMIUM;9993;15;9992;10;;;10009;15;10012;11;;;10001.0;0.0
32;11200;INTARIAN_PEPPER_ROOT;45000;12;44998;8;;;45013;10;45015;8;;;45007.0;0.0
32;11300;ASH_COATED_OSMIUM;9992;10;9989;12;;;10008;10;10011;12;;;10000.0;0.0
32;11300;INTARIAN_PEPPER_ROOT;45001;10;44998;19;44995;17;45014;19;45016;10;45017;12;45008.0;0.0
32;11400;ASH_COATED_OSMIUM;9993;24;9991;11;9989;11;10009;15;10010;14;10012;10;10001.0;0.0
32;11400;INTARIAN_PEPPER_ROOT;45002;12;45001;11;;;45014;11;45017;10;;;45008.5;0.0
32;11500;ASH_COATED_OSMIUM;9996;26;9994;10;;;10012;12;10015;15;;;10004.0;0.0
32;11500;INTARIAN_PEPPER_ROOT;45002;8;;;;;45014;16;;;;;45008.5;0.0
32;11600;ASH_COATED_OSMIUM;9993;14;9990;11;;;10009;15;10012;11;;;10001.5;0.0
32;11600;INTARIAN_PEPPER_ROOT;45005;8;;;;;45017;22;;;;;45011.5;0.0
32;11700;ASH_COATED_OSMIUM;9985;25;9982;15;9981;14;10001;10;10002;15;10005;15;9993.0;0.0
32;11700;INTARIAN_PEPPER_ROOT;45004;16;;;;;45020;9;;;;;45012.0;0.0
32;11800;ASH_COATED_OSMIUM;9990;11;9989;14;;;10006;12;10007;29;;;9998.5;0.0
32;11800;INTARIAN_PEPPER_ROOT;45001;11;44998;8;44995;12;45015;8;45018;8;45020;11;45008.0;0.0
32;11900;ASH_COATED_OSMIUM;9992;11;9989;14;;;10008;11;10009;14;;;10000.0;0.0
32;11900;INTARIAN_PEPPER_ROOT;45012;10;45009;9;45008;8;45015;10;45018;10;45019;25;45013.5;0.0
32;12000;ASH_COATED_OSMIUM;9992;14;9989;12;9987;10;10008;10;10011;10;10014;20;10000.5;0.0
32;12000;INTARIAN_PEPPER_ROOT;45011;15;;;;;45013;12;;;;;45012.5;0.0
32;12100;ASH_COATED_OSMIUM;9991;13;9988;5;;;10007;11;10008;11;;;9999.0;0.0
32;12100;INTARIAN_PEPPER_ROOT;45008;8;;;;;45022;8;;;;;45015.5;0.0
32;12200;ASH_COATED_OSMIUM;9990;14;;;;;10006;13;;;;;9998.5;0.0
32;12200;INTARIAN_PEPPER_ROOT;45005;9;45002;11;;;45019;8;45021;8;;;45012.5;0.0
32;12300;ASH_COATED_OSMIUM;9997;13;;;;;10013;10;;;;;10005.5;0.0
32;12300;INTARIAN_PEPPER_ROOT;45008;12;45006;12;;;45021;4;45024;11;;;45014.5;0.0
32;12400;ASH_COATED_OSMIUM;9991;15;9989;14;9987;14;10007;10;10010;14;10011;13;9999.5;0.0
32;12400;INTARIAN_PEPPER_ROOT;45009;16;45007;11;;;45020;22;45021;10;;;45015.0;0.0
32;12500;ASH_COATED_OSMIUM;9989;25;;;;;10005;14;;;;;9997.5;0.0
32;12500;INTARIAN_PEPPER_ROOT;45007;10;;;;;45021;16;;;;;45014.5;0.0
32;12600;ASH_COATED_OSMIUM;9989;10;9988;25;;;10007;10;10009;24;;;9998.5;0.0
32;12600;INTARIAN_PEPPER_ROOT;45010;9;;;;;45013;21;;;;;45011.5;0.0
32;12700;ASH_COATED_OSMIUM;9987;27;;;;;10003;15;;;;;9995.5;0.0
32;12700;INTARIAN_PEPPER_ROOT;45005;11;45003;10;;;45016;8;45018;21;;;45011.0;0.0
32;12800;ASH_COATED_OSMIUM;9987;15;;;;;10005;30;;;;;9996.5;0.0
32;12800;INTARIAN_PEPPER_ROOT;45002;8;45001;10;44998;9;45018;9;45021;8;45022;11;45010.5;0.0
32;12900;ASH_COATED_OSMIUM;9987;14;9984;14;9981;20;10003;13;10006;30;10007;12;9995.0;0.0
32;12900;INTARIAN_PEPPER_ROOT;45008;11;;;;;45020;12;;;;;45014.0;0.0
32;13000;ASH_COATED_OSMIUM;9987;20;9985;13;9982;11;10006;29;10009;11;10011;15;9997.0;0.0
32;13000;INTARIAN_PEPPER_ROOT;45008;9;45005;10;45004;19;45020;11;45022;10;45024;8;45014.0;0.0
32;13100;ASH_COATED_OSMIUM;9996;15;9994;12;9991;11;10002;14;10005;20;10008;11;9999.0;0.0
32;13100;INTARIAN_PEPPER_ROOT;45009;9;45008;22;45005;19;45023;9;45026;20;45029;11;45016.0;0.0
32;13200;ASH_COATED_OSMIUM;9992;11;9990;14;9988;23;10008;13;10011;15;10013;13;10000.5;0.0
32;13200;INTARIAN_PEPPER_ROOT;45003;9;;;;;45016;8;;;;;45009.5;0.0
32;13300;ASH_COATED_OSMIUM;9989;14;;;;;10007;15;;;;;9998.5;0.0
32;13300;INTARIAN_PEPPER_ROOT;45008;9;45006;12;;;45021;24;45024;11;;;45015.0;0.0
32;13400;ASH_COATED_OSMIUM;9990;13;;;;;10008;6;;;;;9999.5;0.0
32;13400;INTARIAN_PEPPER_ROOT;45006;10;45003;11;;;45020;10;45022;12;;;45013.0;0.0
32;13500;ASH_COATED_OSMIUM;9987;12;9985;13;;;10003;28;10005;13;;;9995.0;0.0
32;13500;INTARIAN_PEPPER_ROOT;45010;15;;;;;45023;9;;;;;45017.0;0.0
32;13600;ASH_COATED_OSMIUM;9989;10;9988;22;;;10005;11;10007;13;;;9997.0;0.0
32;13600;INTARIAN_PEPPER_ROOT;45008;12;45006;11;45003;10;45021;10;45022;9;45024;17;45014.5;0.0
32;13700;ASH_COATED_OSMIUM;9992;28;;;;;10010;15;;;;;10001.5;0.0
32;13700;INTARIAN_PEPPER_ROOT;45008;21;;;;;45020;11;;;;;45014.0;0.0
32;13800;ASH_COATED_OSMIUM;9991;21;;;;;10009;10;;;;;10000.5;0.0
32;13800;INTARIAN_PEPPER_ROOT;45007;10;45004;5;;;45021;12;45022;12;;;45014.0;0.0
32;13900;ASH_COATED_OSMIUM;9994;5;9992;26;;;10010;24;10012;27;;;10002.0;0.0
32;13900;INTARIAN_PEPPER_ROOT;45011;12;45009;9;45006;9;45023;10;45024;11;45025;12;45017.0;0.0
32;14000;ASH_COATED_OSMIUM;9993;4;;;;;10009;15;;;;;10001.5;0.0
32;14000;INTARIAN_PEPPER_ROOT;45009;9;45006;12;45004;11;45021;12;45023;10;45024;12;45015.0;0.0
32;14100;ASH_COATED_OSMIUM;9992;10;9991;10;9990;15;10010;15;10012;12;10013;12;10001.0;0.0
32;14100;INTARIAN_PEPPER_ROOT;45010;9;45009;15;;;45022;12;45023;12;;;45016.0;0.0
32;14200;ASH_COATED_OSMIUM;9991;15;9989;27;9986;13;10007;10;10009;20;10012;12;9999.0;0.0
32;14200;INTARIAN_PEPPER_ROOT;45008;9;45005;19;;;45020;11;45022;5;;;45014.5;0.0
32;14300;ASH_COATED_OSMIUM;9989;15;9987;15;9984;13;10007;15;10009;26;10010;14;9998.0;0.0
32;14300;INTARIAN_PEPPER_ROOT;45006;11;45005;8;;;45020;10;45023;12;;;45013.0;0.0
32;14400;ASH_COATED_OSMIUM;9999;11;9997;14;;;10015;10;10016;14;;;10007.5;0.0
32;14400;INTARIAN_PEPPER_ROOT;45004;9;45003;10;45000;10;45018;9;45020;5;45023;11;45011.0;0.0
32;14500;ASH_COATED_OSMIUM;9995;29;9993;12;;;10016;12;10017;11;;;10006.0;0.0
32;14500;INTARIAN_PEPPER_ROOT;45007;10;;;;;45014;9;;;;;45011.0;0.0
32;14600;ASH_COATED_OSMIUM;9990;23;;;;;10006;14;;;;;9998.0;0.0
32;14600;INTARIAN_PEPPER_ROOT;45010;10;;;;;45021;9;;;;;45016.0;0.0
32;14700;ASH_COATED_OSMIUM;9990;10;9988;11;;;10006;24;10008;13;;;9998.5;0.0
32;14700;INTARIAN_PEPPER_ROOT;45007;9;;;;;45020;21;;;;;45014.0;0.0
32;14800;ASH_COATED_OSMIUM;9987;10;9986;14;;;10003;13;10004;11;;;9995.0;0.0
32;14800;INTARIAN_PEPPER_ROOT;45009;9;45007;12;;;45025;12;45026;11;;;45017.5;0.0
32;14900;ASH_COATED_OSMIUM;9984;14;9981;14;;;10000;11;10001;11;;;9992.0;0.0
32;14900;INTARIAN_PEPPER_ROOT;45011;8;45008;20;45006;10;45023;12;45025;24;45026;10;45017.0;0.0
32;15000;ASH_COATED_OSMIUM;9985;10;9983;2;;;10001;25;10003;10;;;9993.0;0.0
32;15000;INTARIAN_PEPPER_ROOT;45008;8;45007;9;;;45022;10;45025;19;;;45015.5;0.0
32;15100;ASH_COATED_OSMIUM;9983;13;9981;27;;;10001;13;10003;28;;;9992.0;0.0
32;15100;INTARIAN_PEPPER_ROOT;45009;18;45006;10;;;45021;12;45022;9;;;45015.5;0.0
32;15200;ASH_COATED_OSMIUM;9983;10;9982;14;;;9999;7;10002;24;;;9991.0;0.0
32;15200;INTARIAN_PEPPER_ROOT;45003;8;45002;17;;;45019;12;45022;8;;;45011.5;0.0
32;15300;ASH_COATED_OSMIUM;9980;14;9979;13;;;9999;15;10001;10;;;9990.0;0.0
32;15300;INTARIAN_PEPPER_ROOT;45012;11;;;;;45025;8;;;;;45019.0;0.0
32;15400;ASH_COATED_OSMIUM;9986;12;;;;;10002;12;;;;;9994.5;0.0
32;15400;INTARIAN_PEPPER_ROOT;45008;8;45006;8;45003;8;45020;23;45022;10;45023;8;45014.5;0.0
32;15500;ASH_COATED_OSMIUM;9984;11;9982;24;;;10002;13;10004;14;;;9993.0;0.0
32;15500;INTARIAN_PEPPER_ROOT;45008;9;;;;;45025;10;;;;;45016.5;0.0
32;15600;ASH_COATED_OSMIUM;9987;11;9984;13;;;10003;15;10006;14;;;9995.0;0.0
32;15600;INTARIAN_PEPPER_ROOT;45008;8;45007;9;45006;8;45023;16;45026;11;45027;10;45015.5;0.0
32;15700;ASH_COATED_OSMIUM;9983;11;9982;12;;;9999;15;10002;13;;;9991.0;0.0
32;15700;INTARIAN_PEPPER_ROOT;45011;10;;;;;45025;10;;;;;45018.5;0.0
32;15800;ASH_COATED_OSMIUM;9985;28;9982;20;;;10004;25;10005;13;;;9994.5;0.0
32;15800;INTARIAN_PEPPER_ROOT;45013;16;;;;;45016;9;;;;;45014.5;0.0
32;15900;ASH_COATED_OSMIUM;9985;13;;;;;10001;13;;;;;9993.5;0.0
32;15900;INTARIAN_PEPPER_ROOT;45001;11;45000;9;44997;9;45019;11;45021;10;45022;8;45010.0;0.0
32;16000;ASH_COATED_OSMIUM;9985;13;9982;12;;;10001;13;10004;14;;;9993.5;0.0
32;16000;INTARIAN_PEPPER_ROOT;45010;12;45007;9;;;45023;11;45026;11;;;45016.5;0.0
32;16100;ASH_COATED_OSMIUM;9982;13;;;;;10001;10;;;;;9992.0;0.0
32;16100;INTARIAN_PEPPER_ROOT;45009;8;;;;;45020;9;;;;;45014.5;0.0
32;16200;ASH_COATED_OSMIUM;9981;25;;;;;10002;14;;;;;9991.5;0.0
32;16200;INTARIAN_PEPPER_ROOT;45012;18;45011;25;45008;15;45024;12;45025;8;45026;11;45018.5;0.0
32;16300;ASH_COATED_OSMIUM;9983;13;9981;10;;;9999;13;10001;11;;;9991.0;0.0
32;16300;INTARIAN_PEPPER_ROOT;45010;24;;;;;45023;9;;;;;45016.5;0.0
32;16400;ASH_COATED_OSMIUM;9979;13;9977;15;9976;14;9998;14;9999;23;10000;14;9989.0;0.0
32;16400;INTARIAN_PEPPER_ROOT;45012;21;45011;8;;;45024;12;45026;10;;;45018.5;0.0
32;16500;ASH_COATED_OSMIUM;9981;13;9978;10;9975;3;9997;11;9999;13;10002;12;9989.5;0.0
32;16500;INTARIAN_PEPPER_ROOT;45009;11;45006;9;;;45022;12;45023;10;;;45016.0;0.0
32;16600;ASH_COATED_OSMIUM;9982;14;;;;;9998;11;;;;;9990.5;0.0
32;16600;INTARIAN_PEPPER_ROOT;45010;9;45008;16;;;45022;10;45024;12;;;45016.5;0.0
32;16700;ASH_COATED_OSMIUM;9985;15;9984;10;;;10001;14;10002;11;;;9993.5;0.0
32;16700;INTARIAN_PEPPER_ROOT;45013;10;45012;12;;;45018;12;45021;12;;;45015.5;0.0
32;16800;ASH_COATED_OSMIUM;9982;13;9979;28;9978;11;9998;20;10001;12;10002;21;9990.5;0.0
32;16800;INTARIAN_PEPPER_ROOT;45006;12;;;;;45025;8;;;;;45015.5;0.0
32;16900;ASH_COATED_OSMIUM;9987;15;9986;12;;;10000;14;10002;10;;;9994.0;0.0
32;16900;INTARIAN_PEPPER_ROOT;45012;9;;;;;45023;12;;;;;45018.0;0.0
32;17000;ASH_COATED_OSMIUM;9984;27;9982;10;;;10003;27;10004;10;;;9994.0;0.0
32;17000;INTARIAN_PEPPER_ROOT;45012;24;45010;10;45007;9;45023;8;45026;25;45029;10;45017.5;0.0
32;17100;ASH_COATED_OSMIUM;9980;15;9978;30;9976;11;9999;13;10001;13;10002;11;9990.0;0.0
32;17100;INTARIAN_PEPPER_ROOT;45010;8;;;;;45024;8;;;;;45017.5;0.0
32;17200;ASH_COATED_OSMIUM;9984;22;;;;;10000;12;;;;;9992.5;0.0
32;17200;INTARIAN_PEPPER_ROOT;45010;11;45007;12;;;45024;11;45026;10;;;45017.5;0.0
32;17300;ASH_COATED_OSMIUM;9976;23;9973;14;9972;14;9994;14;9995;14;9996;12;9985.0;0.0
32;17300;INTARIAN_PEPPER_ROOT;45013;8;45010;9;;;45024;10;45025;9;;;45019.0;0.0
32;17400;ASH_COATED_OSMIUM;9979;20;9978;12;9975;13;9995;13;9996;23;9999;10;9987.5;0.0
32;17400;INTARIAN_PEPPER_ROOT;45013;23;;;;;45025;20;;;;;45019.5;0.0
32;17500;ASH_COATED_OSMIUM;9978;15;9977;15;;;9994;4;9996;15;;;9986.5;0.0
32;17500;INTARIAN_PEPPER_ROOT;45010;8;45007;9;;;45022;17;45023;11;;;45016.5;0.0
32;17600;ASH_COATED_OSMIUM;9984;12;;;;;10000;15;;;;;9992.0;0.0
32;17600;INTARIAN_PEPPER_ROOT;45006;8;45005;12;;;45021;10;45023;9;;;45014.0;0.0
32;17700;ASH_COATED_OSMIUM;9985;10;9984;15;9981;15;10004;13;10005;14;10007;11;9994.5;0.0
32;17700;INTARIAN_PEPPER_ROOT;45011;9;45008;10;45007;24;45032;10;45035;12;45038;11;45022.0;0.0
32;17800;ASH_COATED_OSMIUM;9990;22;;;;;10006;6;;;;;9998.5;0.0
32;17800;INTARIAN_PEPPER_ROOT;45012;8;45011;12;;;45024;9;45025;11;;;45018.0;0.0
32;17900;ASH_COATED_OSMIUM;9990;10;9989;22;9986;12;10006;21;10009;10;10012;12;9998.0;0.0
32;17900;INTARIAN_PEPPER_ROOT;45012;10;45009;12;45008;17;45026;10;45028;10;45031;8;45019.0;0.0
32;18000;ASH_COATED_OSMIUM;9994;13;;;;;10010;21;;;;;10002.0;0.0
32;18000;INTARIAN_PEPPER_ROOT;45013;9;45011;12;;;45027;11;45030;25;;;45020.0;0.0
32;18100;ASH_COATED_OSMIUM;9990;13;9987;13;;;10008;15;10009;12;;;9999.5;0.0
32;18100;INTARIAN_PEPPER_ROOT;45010;15;;;;;45021;9;;;;;45016.0;0.0
32;18200;ASH_COATED_OSMIUM;9990;15;9989;14;9986;10;10008;15;10010;14;10012;12;9999.0;0.0
32;18200;INTARIAN_PEPPER_ROOT;45016;12;45013;10;45011;9;45028;11;45029;11;45030;8;45022.5;0.0
32;18300;ASH_COATED_OSMIUM;9994;15;9993;15;9991;13;10010;14;10013;14;10014;15;10002.5;0.0
32;18300;INTARIAN_PEPPER_ROOT;45007;9;45005;11;;;45023;10;45024;9;;;45015.5;0.0
32;18400;ASH_COATED_OSMIUM;9996;22;;;;;10015;22;;;;;10006.0;0.0
32;18400;INTARIAN_PEPPER_ROOT;45012;12;;;;;45024;10;;;;;45018.0;0.0
32;18500;ASH_COATED_OSMIUM;9993;14;9990;12;;;10012;13;10013;27;;;10002.5;0.0
32;18500;INTARIAN_PEPPER_ROOT;45009;12;45006;12;45005;11;45023;8;45026;11;45027;8;45016.0;0.0
32;18600;ASH_COATED_OSMIUM;10000;13;9997;14;;;10016;14;10019;14;;;10008.5;0.0
32;18600;INTARIAN_PEPPER_ROOT;45013;10;45011;9;45010;9;45026;11;45028;18;45029;10;45019.5;0.0
32;18700;ASH_COATED_OSMIUM;9999;12;9996;23;9995;14;10015;27;10016;20;10018;23;10007.0;0.0
32;18700;INTARIAN_PEPPER_ROOT;45014;8;45012;8;;;45027;8;45028;15;;;45020.5;0.0
32;18800;ASH_COATED_OSMIUM;9997;15;9995;10;;;10016;11;10018;13;;;10007.0;0.0
32;18800;INTARIAN_PEPPER_ROOT;45012;11;45011;12;45009;16;45025;10;45028;11;45031;21;45018.5;0.0
32;18900;ASH_COATED_OSMIUM;9999;12;9996;15;9995;11;10015;12;10016;12;10019;14;10007.5;0.0
32;18900;INTARIAN_PEPPER_ROOT;45014;12;;;;;45028;9;;;;;45021.0;0.0
32;19000;ASH_COATED_OSMIUM;9988;13;;;;;10004;25;;;;;9996.5;0.0
32;19000;INTARIAN_PEPPER_ROOT;45010;9;45008;8;45007;12;45025;12;45026;11;45029;19;45018.0;0.0
32;19100;ASH_COATED_OSMIUM;9991;14;9989;22;9987;10;10007;27;10010;13;10012;10;9999.0;0.0
32;19100;INTARIAN_PEPPER_ROOT;45012;11;;;;;45025;8;;;;;45019.0;0.0
32;19200;ASH_COATED_OSMIUM;9993;28;;;;;10009;7;;;;;10001.5;0.0
32;19200;INTARIAN_PEPPER_ROOT;45006;10;45004;10;45001;12;45025;10;45028;10;45030;12;45016.0;0.0
32;19300;ASH_COATED_OSMIUM;9995;15;9993;12;9990;10;10011;25;10013;10;10015;10;10003.0;0.0
32;19300;INTARIAN_PEPPER_ROOT;45014;15;45013;10;;;45027;10;45028;12;;;45021.0;0.0
32;19400;ASH_COATED_OSMIUM;9997;12;;;;;10015;11;;;;;10006.5;0.0
32;19400;INTARIAN_PEPPER_ROOT;45011;10;;;;;45027;18;;;;;45019.0;0.0
32;19500;ASH_COATED_OSMIUM;9994;13;9993;14;9991;2;10010;25;10013;15;10014;25;10002.5;0.0
32;19500;INTARIAN_PEPPER_ROOT;45013;12;45010;8;45009;18;45028;8;45031;11;45034;9;45021.0;0.0
32;19600;ASH_COATED_OSMIUM;9992;11;9990;11;;;10008;10;10010;25;;;10000.0;0.0
32;19600;INTARIAN_PEPPER_ROOT;45011;12;45009;12;;;45025;11;45028;25;;;45018.5;0.0
32;19700;ASH_COATED_OSMIUM;9994;13;9991;11;;;10010;13;10012;14;;;10002.0;0.0
32;19700;INTARIAN_PEPPER_ROOT;45012;11;45010;10;;;45028;10;45031;11;;;45020.0;0.0
32;19800;ASH_COATED_OSMIUM;9992;11;9989;11;;;10008;12;10009;10;;;10000.0;0.0
32;19800;INTARIAN_PEPPER_ROOT;45011;10;45010;10;45008;11;45028;9;45031;12;45034;10;45020.0;0.0
32;19900;ASH_COATED_OSMIUM;9992;13;9989;13;;;10001;12;10003;14;;;9997.0;0.0
32;19900;INTARIAN_PEPPER_ROOT;45013;9;45010;17;;;45027;9;45030;10;;;45020.5;0.0
32;20000;ASH_COATED_OSMIUM;9990;12;9989;4;9988;10;10008;13;10010;14;10013;11;9999.5;0.0
32;20000;INTARIAN_PEPPER_ROOT;45015;8;;;;;45026;11;;;;;45021.0;0.0
32;20100;ASH_COATED_OSMIUM;9990;28;;;;;10006;11;;;;;9998.5;0.0
32;20100;INTARIAN_PEPPER_ROOT;45012;12;45010;10;45008;12;45026;11;45029;9;45032;9;45019.5;0.0
32;20200;ASH_COATED_OSMIUM;9989;12;9987;15;;;10005;27;10006;15;;;9997.0;0.0
32;20200;INTARIAN_PEPPER_ROOT;45010;8;45009;16;;;45026;18;45027;10;;;45018.0;0.0
32;20300;ASH_COATED_OSMIUM;9995;14;9992;11;;;10011;10;10014;27;;;10003.5;0.0
32;20300;INTARIAN_PEPPER_ROOT;45014;16;45013;20;45012;19;45027;12;45030;8;45031;12;45020.5;0.0
32;20400;ASH_COATED_OSMIUM;10001;13;9999;13;9998;12;10017;14;10018;27;10019;21;10009.5;0.0
32;20400;INTARIAN_PEPPER_ROOT;45019;10;;;;;45031;12;;;;;45025.5;0.0
32;20500;ASH_COATED_OSMIUM;9986;14;9984;11;;;10002;11;10003;13;;;9994.0;0.0
32;20500;INTARIAN_PEPPER_ROOT;45016;9;;;;;45029;10;;;;;45022.5;0.0
32;20600;ASH_COATED_OSMIUM;9992;13;9989;14;9988;15;10001;13;10003;11;10006;13;9997.0;0.0
32;20600;INTARIAN_PEPPER_ROOT;45018;10;45015;9;45012;10;45030;8;45033;11;45036;10;45024.0;0.0
32;20700;ASH_COATED_OSMIUM;9987;10;9986;13;;;10003;11;10006;27;;;9995.0;0.0
32;20700;INTARIAN_PEPPER_ROOT;45015;11;45014;19;45013;9;45027;9;45028;9;45030;16;45021.0;0.0
32;20800;ASH_COATED_OSMIUM;9986;12;9983;13;9982;5;10002;12;10004;22;10007;13;9994.0;0.0
32;20800;INTARIAN_PEPPER_ROOT;45014;8;45012;12;45011;8;45026;21;45029;21;45032;9;45020.0;0.0
32;20900;ASH_COATED_OSMIUM;9991;10;9990;10;9987;12;10007;21;10008;25;10009;14;9999.5;0.0
32;20900;INTARIAN_PEPPER_ROOT;45013;9;;;;;45028;12;;;;;45020.5;0.0
32;21000;ASH_COATED_OSMIUM;9988;13;9986;12;;;10004;13;10007;10;;;9996.5;0.0
32;21000;INTARIAN_PEPPER_ROOT;45017;9;45015;24;;;45020;10;45023;11;;;45018.5;0.0
32;21100;ASH_COATED_OSMIUM;9985;15;9982;14;9981;13;10001;13;10004;26;10006;15;9993.5;0.0
32;21100;INTARIAN_PEPPER_ROOT;45015;22;45012;10;;;45027;12;45030;9;;;45021.5;0.0
32;21200;ASH_COATED_OSMIUM;9986;14;9984;12;;;10002;11;10004;14;;;9994.0;0.0
32;21200;INTARIAN_PEPPER_ROOT;45012;19;45010;10;;;45027;9;45029;8;;;45019.5;0.0
32;21300;ASH_COATED_OSMIUM;9991;14;9990;10;9989;22;10007;14;10008;12;10010;13;9999.5;0.0
32;21300;INTARIAN_PEPPER_ROOT;45015;11;45014;8;45013;12;45032;18;45034;11;45037;12;45024.0;0.0
32;21400;ASH_COATED_OSMIUM;9992;11;9989;10;9987;12;10011;27;10012;11;10015;15;10001.5;0.0
32;21400;INTARIAN_PEPPER_ROOT;45016;11;;;;;45030;11;;;;;45023.0;0.0
32;21500;ASH_COATED_OSMIUM;9992;25;;;;;10010;10;;;;;10001.5;0.0
32;21500;INTARIAN_PEPPER_ROOT;45016;11;45015;8;45012;12;45029;9;45030;11;45031;10;45023.0;0.0
32;21600;ASH_COATED_OSMIUM;9991;11;;;;;10007;15;;;;;9999.5;0.0
32;21600;INTARIAN_PEPPER_ROOT;45016;8;;;;;45030;10;;;;;45023.0;0.0
32;21700;ASH_COATED_OSMIUM;9992;25;9991;14;;;10008;13;10011;26;;;10000.0;0.0
32;21700;INTARIAN_PEPPER_ROOT;45016;8;45015;9;45012;9;45029;24;45032;10;45034;8;45022.5;0.0
32;21800;ASH_COATED_OSMIUM;9993;15;;;;;10002;14;;;;;9998.0;0.0
32;21800;INTARIAN_PEPPER_ROOT;45020;10;45018;9;45015;9;45034;8;45036;18;45039;9;45027.0;0.0
32;21900;ASH_COATED_OSMIUM;9994;28;;;;;10010;10;;;;;10002.0;0.0
32;21900;INTARIAN_PEPPER_ROOT;45012;16;;;;;45024;9;;;;;45018.0;0.0
32;22000;ASH_COATED_OSMIUM;9992;12;9991;14;;;10008;11;10009;15;;;10000.0;0.0
32;22000;INTARIAN_PEPPER_ROOT;45017;11;;;;;45034;11;;;;;45025.5;0.0
32;22100;ASH_COATED_OSMIUM;9993;15;9992;10;;;10009;11;10010;14;;;10001.0;0.0
32;22100;INTARIAN_PEPPER_ROOT;45021;3;45020;8;;;45034;10;45035;10;;;45027.5;0.0
32;22200;ASH_COATED_OSMIUM;9990;12;9989;10;9986;15;10006;13;10008;21;10011;14;9998.5;0.0
32;22200;INTARIAN_PEPPER_ROOT;45016;8;45013;21;;;45029;9;45030;9;;;45022.5;0.0
32;22300;ASH_COATED_OSMIUM;9988;11;;;;;10004;14;;;;;9996.0;0.0
32;22300;INTARIAN_PEPPER_ROOT;45013;9;;;;;45026;11;;;;;45019.5;0.0
32;22400;ASH_COATED_OSMIUM;9990;12;9989;10;;;10006;6;10009;11;;;9998.5;0.0
32;22400;INTARIAN_PEPPER_ROOT;45017;10;;;;;45030;9;;;;;45023.5;0.0
32;22500;ASH_COATED_OSMIUM;9993;11;9992;10;;;10012;11;10015;14;;;10002.5;0.0
32;22500;INTARIAN_PEPPER_ROOT;45014;11;45013;22;;;45026;8;45028;16;;;45020.0;0.0
32;22600;ASH_COATED_OSMIUM;9999;14;9996;2;;;10008;13;10011;15;;;10004.0;0.0
32;22600;INTARIAN_PEPPER_ROOT;45015;12;;;;;45028;9;;;;;45022.0;0.0
32;22700;ASH_COATED_OSMIUM;10005;13;;;;;10023;13;;;;;10014.0;0.0
32;22700;INTARIAN_PEPPER_ROOT;45012;11;45009;9;;;45030;9;45032;11;;;45021.0;0.0
32;22800;ASH_COATED_OSMIUM;10001;12;9998;15;9995;12;10019;11;10021;15;10024;23;10010.0;0.0
32;22800;INTARIAN_PEPPER_ROOT;45020;12;45018;11;45016;11;45029;10;45032;8;45035;12;45025.0;0.0
32;22900;ASH_COATED_OSMIUM;9998;15;;;;;10014;13;;;;;10006.0;0.0
32;22900;INTARIAN_PEPPER_ROOT;45013;9;45011;22;45010;12;45029;7;45031;9;45034;6;45021.0;0.0
32;23000;ASH_COATED_OSMIUM;9996;4;9994;11;;;10012;14;10013;13;;;10004.5;0.0
32;23000;INTARIAN_PEPPER_ROOT;45023;10;45022;9;45021;8;45026;12;45027;12;45030;17;45024.5;0.0
32;23100;ASH_COATED_OSMIUM;9998;10;9997;12;9996;15;10007;11;10009;11;10011;12;10002.5;0.0
32;23100;INTARIAN_PEPPER_ROOT;45012;8;45011;10;;;45028;8;45030;7;;;45020.5;0.0
32;23200;ASH_COATED_OSMIUM;9995;13;9992;14;;;10014;12;10015;13;;;10005.0;0.0
32;23200;INTARIAN_PEPPER_ROOT;45010;11;;;;;45022;12;;;;;45016.5;0.0
32;23300;ASH_COATED_OSMIUM;9998;15;;;;;10014;12;;;;;10006.0;0.0
32;23300;INTARIAN_PEPPER_ROOT;45015;9;;;;;45027;23;;;;;45021.5;0.0
32;23400;ASH_COATED_OSMIUM;9994;11;9992;10;;;10010;10;10011;14;;;10002.5;0.0
32;23400;INTARIAN_PEPPER_ROOT;45016;22;45014;9;45012;10;45027;8;45029;10;45032;10;45022.0;0.0
32;23500;ASH_COATED_OSMIUM;9991;25;9989;15;;;10007;23;10009;13;;;9999.5;0.0
32;23500;INTARIAN_PEPPER_ROOT;45015;12;;;;;45031;10;;;;;45023.5;0.0
32;23600;ASH_COATED_OSMIUM;9989;13;9986;12;;;10005;13;10007;12;;;9997.5;0.0
32;23600;INTARIAN_PEPPER_ROOT;45019;18;45016;9;;;45030;8;45033;10;;;45024.5;0.0
32;23700;ASH_COATED_OSMIUM;9985;13;9983;15;9980;14;10004;15;10005;30;10008;10;9995.0;0.0
32;23700;INTARIAN_PEPPER_ROOT;45022;9;45021;21;45019;10;45035;12;45036;8;45037;8;45029.0;0.0
32;23800;ASH_COATED_OSMIUM;9978;11;9977;15;;;9994;13;9997;25;;;9986.0;0.0
32;23800;INTARIAN_PEPPER_ROOT;45018;12;;;;;45030;11;;;;;45024.5;0.0
32;23900;ASH_COATED_OSMIUM;9975;27;9973;11;9971;11;9993;15;9995;12;9997;12;9984.5;0.0
32;23900;INTARIAN_PEPPER_ROOT;45017;24;;;;;45030;8;;;;;45023.5;0.0
32;24000;ASH_COATED_OSMIUM;9976;14;9975;13;;;9995;12;9998;15;;;9986.0;0.0
32;24000;INTARIAN_PEPPER_ROOT;45018;11;45015;9;;;45031;10;45032;9;;;45025.0;0.0
32;24100;ASH_COATED_OSMIUM;9979;14;9976;20;;;9995;21;9997;14;;;9987.5;0.0
32;24100;INTARIAN_PEPPER_ROOT;45019;12;45018;11;;;45032;15;45035;10;;;45025.5;0.0
32;24200;ASH_COATED_OSMIUM;9980;13;9978;11;;;9996;12;9999;10;;;9988.5;0.0
32;24200;INTARIAN_PEPPER_ROOT;45016;9;;;;;45033;12;;;;;45024.5;0.0
32;24300;ASH_COATED_OSMIUM;9983;12;;;;;9999;11;;;;;9991.5;0.0
32;24300;INTARIAN_PEPPER_ROOT;45018;12;45015;8;45012;9;45029;16;45030;8;45031;10;45023.5;0.0
32;24400;ASH_COATED_OSMIUM;9988;10;;;;;10004;14;;;;;9996.5;0.0
32;24400;INTARIAN_PEPPER_ROOT;45020;10;45019;9;45017;9;45033;8;45035;12;45037;21;45027.0;0.0
32;24500;ASH_COATED_OSMIUM;9990;11;9987;13;;;9999;11;10002;14;;;9994.5;0.0
32;24500;INTARIAN_PEPPER_ROOT;45018;11;45016;19;45014;11;45030;21;45032;10;45034;8;45024.0;0.0
32;24600;ASH_COATED_OSMIUM;9982;12;9980;11;9977;12;9998;13;10001;13;10004;14;9990.0;0.0
32;24600;INTARIAN_PEPPER_ROOT;45018;11;45017;9;;;45031;12;45032;23;;;45025.0;0.0
32;24700;ASH_COATED_OSMIUM;9988;11;;;;;10004;27;;;;;9996.0;0.0
32;24700;INTARIAN_PEPPER_ROOT;45017;10;45014;9;;;45033;12;45034;12;;;45025.5;0.0
32;24800;ASH_COATED_OSMIUM;9983;15;;;;;9999;14;;;;;9991.5;0.0
32;24800;INTARIAN_PEPPER_ROOT;45020;24;45018;22;;;45033;10;45034;9;;;45027.0;0.0
32;24900;ASH_COATED_OSMIUM;9990;11;9989;15;9988;25;10008;11;10010;15;10013;15;9999.5;0.0
32;24900;INTARIAN_PEPPER_ROOT;45021;21;45019;18;;;45033;10;45036;8;;;45027.0;0.0
32;25000;ASH_COATED_OSMIUM;9991;14;;;;;10007;15;;;;;9999.0;0.0
32;25000;INTARIAN_PEPPER_ROOT;45015;12;;;;;45027;11;;;;;45021.5;0.0
32;25100;ASH_COATED_OSMIUM;9995;11;;;;;10011;11;;;;;10003.0;0.0
32;25100;INTARIAN_PEPPER_ROOT;45018;8;45016;8;;;45032;9;45034;11;;;45025.0;0.0
32;25200;ASH_COATED_OSMIUM;9993;14;9990;14;9988;11;10009;12;10012;28;10015;13;10001.5;0.0
32;25200;INTARIAN_PEPPER_ROOT;45016;8;45014;9;;;45031;11;45032;12;;;45023.5;0.0
32;25300;ASH_COATED_OSMIUM;9994;11;9991;12;9989;22;10010;11;10012;15;10014;12;10002.0;0.0
32;25300;INTARIAN_PEPPER_ROOT;45016;9;45013;25;45010;9;45033;12;45036;9;45037;9;45025.0;0.0
32;25400;ASH_COATED_OSMIUM;9990;12;9987;12;9986;11;10006;14;10008;11;10009;23;9998.0;0.0
32;25400;INTARIAN_PEPPER_ROOT;45021;6;;;;;45035;9;;;;;45028.0;0.0
32;25500;ASH_COATED_OSMIUM;9992;13;9991;10;;;10008;13;10011;14;;;10000.0;0.0
32;25500;INTARIAN_PEPPER_ROOT;45016;16;45013;23;45012;12;45027;19;45029;22;45031;11;45022.0;0.0
32;25600;ASH_COATED_OSMIUM;9989;25;9987;13;;;10005;10;10008;11;;;9997.5;0.0
32;25600;INTARIAN_PEPPER_ROOT;45017;23;;;;;45033;9;;;;;45025.0;0.0
32;25700;ASH_COATED_OSMIUM;9991;15;9990;13;;;10007;14;10010;10;;;9999.5;0.0
32;25700;INTARIAN_PEPPER_ROOT;45026;11;45025;10;;;45028;11;45029;10;;;45027.5;0.0
32;25800;ASH_COATED_OSMIUM;9992;11;9990;12;;;10008;21;10011;10;;;10000.0;0.0
32;25800;INTARIAN_PEPPER_ROOT;45019;12;45017;10;;;45031;9;45033;12;;;45025.5;0.0
32;25900;ASH_COATED_OSMIUM;9991;13;9988;26;;;10009;30;10012;13;;;10000.5;0.0
32;25900;INTARIAN_PEPPER_ROOT;45020;12;45017;11;45016;9;45032;10;45035;9;45037;10;45026.5;0.0
32;26000;ASH_COATED_OSMIUM;9998;13;9997;27;;;10014;12;10017;10;;;10006.5;0.0
32;26000;INTARIAN_PEPPER_ROOT;45019;8;;;;;45031;12;;;;;45025.0;0.0
32;26100;ASH_COATED_OSMIUM;9996;21;9995;13;;;10012;11;10013;14;;;10004.5;0.0
32;26100;INTARIAN_PEPPER_ROOT;45019;8;;;;;45030;8;;;;;45025.0;0.0
32;26200;ASH_COATED_OSMIUM;9994;22;9991;10;;;10010;13;10013;14;;;10002.0;0.0
32;26200;INTARIAN_PEPPER_ROOT;45021;9;45020;9;;;45034;8;45035;12;;;45027.5;0.0
32;26300;ASH_COATED_OSMIUM;9991;14;9988;12;9985;11;10001;5;10003;25;10006;27;9996.5;0.0
32;26300;INTARIAN_PEPPER_ROOT;45017;9;45014;20;;;45029;12;45030;8;;;45023.0;0.0
32;26400;ASH_COATED_OSMIUM;9984;11;9981;11;;;10000;5;10001;10;;;9992.0;0.0
32;26400;INTARIAN_PEPPER_ROOT;45022;11;45020;9;;;45035;11;45038;8;;;45029.0;0.0
32;26500;ASH_COATED_OSMIUM;9985;13;;;;;10001;14;;;;;9993.5;0.0
32;26500;INTARIAN_PEPPER_ROOT;45020;19;;;;;45033;9;;;;;45026.5;0.0
32;26600;ASH_COATED_OSMIUM;9990;13;9987;14;9985;15;10011;27;10013;11;10015;13;10000.5;0.0
32;26600;INTARIAN_PEPPER_ROOT;45020;10;45019;15;;;45032;9;45034;22;;;45026.0;0.0
32;26700;ASH_COATED_OSMIUM;9989;11;9988;13;;;10005;11;10006;11;;;9997.5;0.0
32;26700;INTARIAN_PEPPER_ROOT;45023;10;;;;;45036;9;;;;;45029.5;0.0
32;26800;ASH_COATED_OSMIUM;9989;10;9987;11;;;10005;10;10006;15;;;9997.0;0.0
32;26800;INTARIAN_PEPPER_ROOT;45024;11;;;;;45037;8;;;;;45031.0;0.0
32;26900;ASH_COATED_OSMIUM;9991;15;9990;11;9989;10;10004;13;10007;10;10009;15;9998.0;0.0
32;26900;INTARIAN_PEPPER_ROOT;45016;8;45015;12;45012;12;45033;17;45036;9;45038;8;45025.0;0.0
32;27000;ASH_COATED_OSMIUM;9990;13;;;;;10006;11;;;;;9998.0;0.0
32;27000;INTARIAN_PEPPER_ROOT;45019;12;45016;9;;;45031;8;45033;8;;;45025.0;0.0
32;27100;ASH_COATED_OSMIUM;9988;26;9985;15;;;10007;20;10009;13;;;9998.0;0.0
32;27100;INTARIAN_PEPPER_ROOT;45018;11;45015;12;45014;8;45031;9;45034;12;45037;9;45024.5;0.0
32;27200;ASH_COATED_OSMIUM;9994;12;9992;10;9989;10;10004;14;10006;15;10007;14;9999.0;0.0
32;27200;INTARIAN_PEPPER_ROOT;45021;10;45018;8;45017;15;45034;19;45036;8;45039;9;45028.0;0.0
32;27300;ASH_COATED_OSMIUM;9989;14;9988;26;;;10005;14;10007;13;;;9997.0;0.0
32;27300;INTARIAN_PEPPER_ROOT;45024;12;45022;8;;;45037;23;45039;8;;;45031.0;0.0
32;27400;ASH_COATED_OSMIUM;9992;12;;;;;10008;11;;;;;10000.5;0.0
32;27400;INTARIAN_PEPPER_ROOT;45021;10;45019;11;;;45033;9;45035;25;;;45027.0;0.0
32;27500;ASH_COATED_OSMIUM;9992;2;9991;12;9990;10;10011;10;10012;14;10015;10;10001.5;0.0
32;27500;INTARIAN_PEPPER_ROOT;45019;11;45018;9;45016;9;45032;9;45035;11;45036;12;45025.5;0.0
32;27600;ASH_COATED_OSMIUM;9990;13;9987;10;;;10009;12;10011;10;;;9999.5;0.0
32;27600;INTARIAN_PEPPER_ROOT;45023;11;45021;8;;;45037;11;45039;9;;;45030.0;0.0
32;27700;ASH_COATED_OSMIUM;9989;14;;;;;10005;23;;;;;9997.0;0.0
32;27700;INTARIAN_PEPPER_ROOT;45018;11;;;;;45032;11;;;;;45025.5;0.0
32;27800;ASH_COATED_OSMIUM;9989;10;;;;;10005;15;;;;;9997.0;0.0
32;27800;INTARIAN_PEPPER_ROOT;45021;12;45018;9;;;45035;24;45037;11;;;45028.5;0.0
32;27900;ASH_COATED_OSMIUM;9996;13;9994;3;;;10012;24;10013;15;;;10004.5;0.0
32;27900;INTARIAN_PEPPER_ROOT;45017;10;45016;8;;;45033;17;45035;10;;;45025.0;0.0
32;28000;ASH_COATED_OSMIUM;9995;13;9992;15;9989;14;10011;28;10012;13;10014;12;10003.5;0.0
32;28000;INTARIAN_PEPPER_ROOT;45020;12;45017;8;45015;8;45033;6;45034;20;45035;8;45027.0;0.0
32;28100;ASH_COATED_OSMIUM;9994;15;9993;14;;;10010;15;10012;14;;;10002.5;0.0
32;28100;INTARIAN_PEPPER_ROOT;45019;23;;;;;45031;8;;;;;45025.0;0.0
32;28200;ASH_COATED_OSMIUM;9999;25;9996;24;;;10018;28;10020;14;;;10008.5;0.0
32;28200;INTARIAN_PEPPER_ROOT;45018;10;45015;8;45012;6;45033;8;45035;9;45037;8;45025.5;0.0
32;28300;ASH_COATED_OSMIUM;9996;12;9994;14;9992;14;10012;15;10015;13;10018;10;10004.0;0.0
32;28300;INTARIAN_PEPPER_ROOT;45023;11;45020;9;;;45037;24;45040;8;;;45030.5;0.0
32;28400;ASH_COATED_OSMIUM;9992;15;9990;20;;;10008;12;10010;24;;;10000.5;0.0
32;28400;INTARIAN_PEPPER_ROOT;45025;9;45023;8;45020;8;45039;10;45042;9;45043;12;45032.0;0.0
32;28500;ASH_COATED_OSMIUM;9995;12;9994;29;;;10006;13;10008;2;;;10000.5;0.0
32;28500;INTARIAN_PEPPER_ROOT;45024;11;45023;10;45020;12;45037;9;45038;11;45039;19;45030.5;0.0
32;28600;ASH_COATED_OSMIUM;9989;15;9987;10;9985;15;10007;10;10010;14;10011;13;9998.5;0.0
32;28600;INTARIAN_PEPPER_ROOT;45023;10;45022;11;45020;15;45036;9;45038;10;45040;8;45030.0;0.0
32;28700;ASH_COATED_OSMIUM;9985;10;9982;10;9979;15;10004;15;10006;26;10009;10;9994.5;0.0
32;28700;INTARIAN_PEPPER_ROOT;45022;16;45021;8;45019;12;45033;10;45034;9;45037;12;45027.5;0.0
32;28800;ASH_COATED_OSMIUM;9991;13;9988;13;;;10007;14;10010;25;;;9999.5;0.0
32;28800;INTARIAN_PEPPER_ROOT;45024;10;45022;8;45019;9;45038;9;45040;12;45041;11;45031.5;0.0
32;28900;ASH_COATED_OSMIUM;9990;11;;;;;10008;11;;;;;9999.0;0.0
32;28900;INTARIAN_PEPPER_ROOT;45026;11;;;;;45028;8;;;;;45027.5;0.0
32;29000;ASH_COATED_OSMIUM;9992;12;9990;10;;;10011;28;10014;12;;;10002.0;0.0
32;29000;INTARIAN_PEPPER_ROOT;45020;11;;;;;45033;8;;;;;45026.5;0.0
32;29100;ASH_COATED_OSMIUM;9991;10;9990;11;;;10007;20;10009;10;;;9999.5;0.0
32;29100;INTARIAN_PEPPER_ROOT;45024;10;;;;;45036;12;;;;;45030.0;0.0
32;29200;ASH_COATED_OSMIUM;9991;13;9989;11;9986;5;10007;15;10009;14;10012;2;9999.0;0.0
32;29200;INTARIAN_PEPPER_ROOT;45024;10;45023;8;45022;11;45035;8;45038;12;45039;11;45030.0;0.0
32;29300;ASH_COATED_OSMIUM;10000;22;;;;;10006;13;;;;;10003.0;0.0
32;29300;INTARIAN_PEPPER_ROOT;45024;15;45021;12;;;45036;20;45038;12;;;45030.5;0.0
32;29400;ASH_COATED_OSMIUM;9994;21;9991;14;;;10010;10;10012;15;;;10002.0;0.0
32;29400;INTARIAN_PEPPER_ROOT;45022;12;45020;12;45017;8;45033;12;45035;8;45038;9;45028.0;0.0
32;29500;ASH_COATED_OSMIUM;9989;30;9986;14;;;10010;12;10012;11;;;9999.5;0.0
32;29500;INTARIAN_PEPPER_ROOT;45025;10;45024;10;;;45041;21;45042;10;;;45033.5;0.0
32;29600;ASH_COATED_OSMIUM;9994;13;9992;12;;;10010;12;10011;11;;;10002.5;0.0
32;29600;INTARIAN_PEPPER_ROOT;45023;8;45020;8;45019;22;45037;10;45039;11;45040;12;45030.0;0.0
32;29700;ASH_COATED_OSMIUM;9995;11;;;;;10011;11;;;;;10003.0;0.0
32;29700;INTARIAN_PEPPER_ROOT;45026;12;45024;8;;;45038;18;45040;12;;;45032.0;0.0
32;29800;ASH_COATED_OSMIUM;9995;22;;;;;10013;10;;;;;10004.5;0.0
32;29800;INTARIAN_PEPPER_ROOT;45023;3;;;;;45036;12;;;;;45030.0;0.0
32;29900;ASH_COATED_OSMIUM;9994;12;9992;24;9990;10;10013;13;10014;11;10015;12;10004.0;0.0
32;29900;INTARIAN_PEPPER_ROOT;45025;12;45024;9;45023;11;45038;12;45040;12;45043;10;45031.5;0.0
32;30000;ASH_COATED_OSMIUM;9996;13;9993;11;9990;13;10012;20;10013;10;10014;22;10004.0;0.0
32;30000;INTARIAN_PEPPER_ROOT;45024;23;45023;12;;;45037;10;45038;9;;;45031.0;0.0
32;30100;ASH_COATED_OSMIUM;9995;25;;;;;10013;13;;;;;10004.5;0.0
32;30100;INTARIAN_PEPPER_ROOT;45024;9;45023;11;;;45037;9;45039;12;;;45031.0;0.0
32;30200;ASH_COATED_OSMIUM;10000;13;9998;10;;;10016;13;10019;14;;;10008.0;0.0
32;30200;INTARIAN_PEPPER_ROOT;45024;16;45022;10;;;45036;11;45039;11;;;45030.0;0.0
32;30300;ASH_COATED_OSMIUM;10002;14;9999;13;9997;15;10020;14;10022;13;10024;12;10011.0;0.0
32;30300;INTARIAN_PEPPER_ROOT;45023;9;45021;10;;;45036;10;45037;16;;;45030.0;0.0
32;30400;ASH_COATED_OSMIUM;10005;10;10002;10;;;10023;15;10024;8;;;10014.0;0.0
32;30400;INTARIAN_PEPPER_ROOT;45026;12;45025;10;;;45037;9;45038;11;;;45032.0;0.0
32;30500;ASH_COATED_OSMIUM;10009;5;10008;12;10005;13;10025;25;10027;11;10029;24;10017.5;0.0
32;30500;INTARIAN_PEPPER_ROOT;45029;21;;;;;45040;10;;;;;45034.5;0.0
32;30600;ASH_COATED_OSMIUM;10008;24;10005;12;10002;10;10024;11;10025;12;10028;23;10016.0;0.0
32;30600;INTARIAN_PEPPER_ROOT;45026;8;45025;11;;;45039;9;45042;8;;;45032.5;0.0
32;30700;ASH_COATED_OSMIUM;10009;13;;;;;10025;13;;;;;10017.5;0.0
32;30700;INTARIAN_PEPPER_ROOT;45019;20;45016;21;45013;8;45031;11;45033;11;45036;10;45025.0;0.0
32;30800;ASH_COATED_OSMIUM;10004;10;;;;;10020;11;;;;;10012.0;0.0
32;30800;INTARIAN_PEPPER_ROOT;45023;10;45021;8;;;45040;8;45041;12;;;45031.5;0.0
32;30900;ASH_COATED_OSMIUM;10007;13;;;;;10023;10;;;;;10015.0;0.0
32;30900;INTARIAN_PEPPER_ROOT;45024;10;45022;15;;;45037;10;45040;19;;;45031.0;0.0
32;31000;ASH_COATED_OSMIUM;10006;27;;;;;10025;11;;;;;10015.5;0.0
32;31000;INTARIAN_PEPPER_ROOT;45024;9;45023;12;45020;10;45035;10;45038;8;45040;11;45030.0;0.0
32;31100;ASH_COATED_OSMIUM;10001;3;9999;21;9997;15;10017;15;10019;10;10022;15;10009.5;0.0
32;31100;INTARIAN_PEPPER_ROOT;45022;19;45019;9;;;45036;8;45037;10;;;45029.0;0.0
32;31200;ASH_COATED_OSMIUM;10001;14;;;;;10018;12;;;;;10009.5;0.0
32;31200;INTARIAN_PEPPER_ROOT;45026;8;45023;11;;;45040;10;45041;24;;;45033.0;0.0
32;31300;ASH_COATED_OSMIUM;10002;12;9999;12;;;10020;10;10021;15;;;10011.0;0.0
32;31300;INTARIAN_PEPPER_ROOT;45027;10;45024;11;;;45041;12;45042;9;;;45034.0;0.0
32;31400;ASH_COATED_OSMIUM;9994;11;9991;23;;;10010;12;10012;13;;;10002.0;0.0
32;31400;INTARIAN_PEPPER_ROOT;45028;10;45025;8;;;45041;8;45042;9;;;45035.0;0.0
32;31500;ASH_COATED_OSMIUM;9990;13;;;;;10009;15;;;;;9999.5;0.0
32;31500;INTARIAN_PEPPER_ROOT;45020;10;45017;12;;;45034;8;45036;12;;;45027.5;0.0
32;31600;ASH_COATED_OSMIUM;9990;10;;;;;10011;12;;;;;10000.5;0.0
32;31600;INTARIAN_PEPPER_ROOT;45027;8;;;;;45041;10;;;;;45034.5;0.0
32;31700;ASH_COATED_OSMIUM;9991;20;;;;;10010;11;;;;;10001.0;0.0
32;31700;INTARIAN_PEPPER_ROOT;45028;10;45027;8;;;45039;8;45040;12;;;45033.5;0.0
32;31800;ASH_COATED_OSMIUM;9991;5;9990;10;;;10007;12;10009;11;;;9999.5;0.0
32;31800;INTARIAN_PEPPER_ROOT;45024;8;45021;11;45020;8;45035;12;45037;9;45040;12;45029.5;0.0
32;31900;ASH_COATED_OSMIUM;9987;24;9986;10;9983;14;10003;14;10005;29;10008;10;9995.0;0.0
32;31900;INTARIAN_PEPPER_ROOT;45029;8;45026;11;;;45040;9;45043;12;;;45034.5;0.0
32;32000;ASH_COATED_OSMIUM;9995;15;;;;;10011;26;;;;;10003.0;0.0
32;32000;INTARIAN_PEPPER_ROOT;45026;15;45024;11;45021;12;45042;25;45044;15;45047;22;45034.0;0.0
32;32100;ASH_COATED_OSMIUM;9991;10;9989;13;;;10007;20;10009;14;;;9999.5;0.0
32;32100;INTARIAN_PEPPER_ROOT;45023;12;45020;8;;;45039;8;45042;8;;;45031.0;0.0
32;32200;ASH_COATED_OSMIUM;9987;15;9984;13;9981;11;10003;14;10004;13;10007;23;9995.5;0.0
32;32200;INTARIAN_PEPPER_ROOT;45025;12;;;;;45038;12;;;;;45031.5;0.0
32;32300;ASH_COATED_OSMIUM;9984;14;9983;14;;;10000;12;10003;29;;;9992.5;0.0
32;32300;INTARIAN_PEPPER_ROOT;45033;11;45032;16;;;45037;12;45038;11;;;45035.0;0.0
32;32400;ASH_COATED_OSMIUM;9987;10;9984;11;;;10003;13;10004;10;;;9995.5;0.0
32;32400;INTARIAN_PEPPER_ROOT;45030;10;;;;;45044;11;;;;;45037.0;0.0
32;32500;ASH_COATED_OSMIUM;9990;15;9987;5;9985;2;10008;14;10009;10;10010;10;9999.5;0.0
32;32500;INTARIAN_PEPPER_ROOT;45025;11;45024;11;45023;11;45038;8;45039;25;45041;11;45031.5;0.0
32;32600;ASH_COATED_OSMIUM;9996;23;9994;13;;;10012;27;10014;29;;;10004.5;0.0
32;32600;INTARIAN_PEPPER_ROOT;45024;15;;;;;45038;8;;;;;45031.5;0.0
32;32700;ASH_COATED_OSMIUM;9992;15;;;;;10008;10;;;;;10000.0;0.0
32;32700;INTARIAN_PEPPER_ROOT;45024;22;45023;11;;;45036;8;45039;10;;;45030.0;0.0
32;32800;ASH_COATED_OSMIUM;9989;14;9988;11;;;10007;15;10009;11;;;9998.0;0.0
32;32800;INTARIAN_PEPPER_ROOT;45030;11;;;;;45043;11;;;;;45037.0;0.0
32;32900;ASH_COATED_OSMIUM;9988;14;;;;;10004;30;;;;;9996.5;0.0
32;32900;INTARIAN_PEPPER_ROOT;45026;8;45024;8;;;45041;12;45044;11;;;45033.5;0.0
32;33000;ASH_COATED_OSMIUM;9986;2;9983;3;9980;10;10002;14;10003;14;10004;14;9994.0;0.0
32;33000;INTARIAN_PEPPER_ROOT;45027;17;45024;8;;;45039;12;45040;8;;;45033.0;0.0
32;33100;ASH_COATED_OSMIUM;9987;14;9984;14;9982;12;10003;12;10004;10;10006;13;9995.5;0.0
32;33100;INTARIAN_PEPPER_ROOT;45026;10;45025;10;;;45038;10;45039;9;;;45032.5;0.0
32;33200;ASH_COATED_OSMIUM;9991;20;9990;10;9989;15;9999;11;10001;10;10003;11;9995.5;0.0
32;33200;INTARIAN_PEPPER_ROOT;45026;12;45024;10;;;45038;8;45040;8;;;45032.5;0.0
32;33300;ASH_COATED_OSMIUM;9991;13;9989;13;;;10001;12;10003;26;;;9996.5;0.0
32;33300;INTARIAN_PEPPER_ROOT;45028;10;45027;8;;;45039;12;45042;9;;;45034.0;0.0
32;33400;ASH_COATED_OSMIUM;9986;29;9983;13;;;10005;11;10008;10;;;9995.5;0.0
32;33400;INTARIAN_PEPPER_ROOT;45031;10;45030;11;45029;10;45044;12;45046;10;45047;10;45038.0;0.0
32;33500;ASH_COATED_OSMIUM;9988;13;9986;29;9984;24;10004;21;10007;14;10008;26;9996.0;0.0
32;33500;INTARIAN_PEPPER_ROOT;45024;25;45021;4;;;45036;12;45039;11;;;45030.5;0.0
32;33600;ASH_COATED_OSMIUM;9987;11;9984;14;9983;27;10003;15;10006;21;10009;13;9995.0;0.0
32;33600;INTARIAN_PEPPER_ROOT;45025;21;45023;10;;;45037;12;45040;10;;;45031.5;0.0
32;33700;ASH_COATED_OSMIUM;9995;15;9993;14;;;10011;15;10013;10;;;10003.0;0.0
32;33700;INTARIAN_PEPPER_ROOT;45030;12;45027;8;45026;8;45041;15;45044;8;45045;10;45035.5;0.0
32;33800;ASH_COATED_OSMIUM;9999;13;9997;10;;;10015;11;10018;15;;;10007.5;0.0
32;33800;INTARIAN_PEPPER_ROOT;45031;10;45030;9;;;45044;10;45046;8;;;45037.5;0.0
32;33900;ASH_COATED_OSMIUM;10005;12;10003;4;10001;15;10021;2;10024;13;10025;27;10013.5;0.0
32;33900;INTARIAN_PEPPER_ROOT;45031;9;45030;10;45028;11;45043;10;45046;12;45047;11;45037.0;0.0
32;34000;ASH_COATED_OSMIUM;10001;15;;;;;10017;15;;;;;10009.5;0.0
32;34000;INTARIAN_PEPPER_ROOT;45023;8;;;;;45040;22;;;;;45032.0;0.0
32;34100;ASH_COATED_OSMIUM;9999;10;;;;;10015;13;;;;;10007.5;0.0
32;34100;INTARIAN_PEPPER_ROOT;45025;22;;;;;45040;16;;;;;45032.5;0.0
32;34200;ASH_COATED_OSMIUM;9999;12;9996;26;;;10015;28;10018;11;;;10007.5;0.0
32;34200;INTARIAN_PEPPER_ROOT;45024;10;45022;8;;;45044;8;45046;9;;;45034.0;0.0
32;34300;ASH_COATED_OSMIUM;9999;14;;;;;10009;12;;;;;10004.0;0.0
32;34300;INTARIAN_PEPPER_ROOT;45028;10;;;;;45040;8;;;;;45034.5;0.0
32;34400;ASH_COATED_OSMIUM;9994;23;;;;;10010;20;;;;;10002.5;0.0
32;34400;INTARIAN_PEPPER_ROOT;45027;8;45024;8;;;45043;5;45046;8;;;45035.5;0.0
32;34500;ASH_COATED_OSMIUM;9993;10;;;;;10009;12;;;;;10001.5;0.0
32;34500;INTARIAN_PEPPER_ROOT;45027;12;;;;;45041;10;;;;;45034.5;0.0
32;34600;ASH_COATED_OSMIUM;9989;12;9988;12;9987;15;10008;25;10010;20;10013;13;9999.0;0.0
32;34600;INTARIAN_PEPPER_ROOT;45030;16;45028;9;;;45044;8;45045;8;;;45037.0;0.0
32;34700;ASH_COATED_OSMIUM;9996;13;;;;;10005;10;;;;;10001.0;0.0
32;34700;INTARIAN_PEPPER_ROOT;45029;18;45026;8;;;45045;10;45046;12;;;45037.0;0.0
32;34800;ASH_COATED_OSMIUM;9995;13;9993;12;9991;15;10011;14;10014;12;10016;11;10003.5;0.0
32;34800;INTARIAN_PEPPER_ROOT;45030;9;45028;8;;;45043;10;45046;24;;;45036.5;0.0
32;34900;ASH_COATED_OSMIUM;9997;25;9995;13;9994;12;10015;27;10016;26;10017;12;10006.0;0.0
32;34900;INTARIAN_PEPPER_ROOT;45026;15;45024;9;;;45040;9;45041;9;;;45033.0;0.0
32;35000;ASH_COATED_OSMIUM;9998;10;9997;11;9996;15;10014;12;10016;15;10019;12;10006.0;0.0
32;35000;INTARIAN_PEPPER_ROOT;45032;9;45029;17;45027;8;45045;23;45048;12;45049;9;45039.0;0.0
32;35100;ASH_COATED_OSMIUM;9990;10;;;;;10006;13;;;;;9998.5;0.0
32;35100;INTARIAN_PEPPER_ROOT;45026;10;;;;;45040;10;;;;;45033.0;0.0
32;35200;ASH_COATED_OSMIUM;9992;21;9989;22;;;10011;14;10012;12;;;10002.0;0.0
32;35200;INTARIAN_PEPPER_ROOT;45031;11;45030;8;45027;23;45044;10;45046;24;45049;9;45037.5;0.0
32;35300;ASH_COATED_OSMIUM;9992;11;9991;11;9989;14;10008;14;10010;15;10012;10;10000.0;0.0
32;35300;INTARIAN_PEPPER_ROOT;45028;9;45027;9;;;45040;11;45042;10;;;45034.0;0.0
32;35400;ASH_COATED_OSMIUM;9992;10;9989;11;9986;10;10008;27;10010;11;10013;15;10000.5;0.0
32;35400;INTARIAN_PEPPER_ROOT;45026;8;45024;11;;;45041;12;45044;12;;;45034.0;0.0
32;35500;ASH_COATED_OSMIUM;9992;4;9989;10;9987;12;10008;10;10011;12;10013;12;10000.0;0.0
32;35500;INTARIAN_PEPPER_ROOT;45025;18;;;;;45037;8;;;;;45031.0;0.0
32;35600;ASH_COATED_OSMIUM;10000;10;9998;4;;;10019;11;10021;10;;;10009.5;0.0
32;35600;INTARIAN_PEPPER_ROOT;45028;10;45026;12;45024;8;45045;23;45046;10;45047;21;45037.0;0.0
32;35700;ASH_COATED_OSMIUM;9994;24;;;;;10013;14;;;;;10003.5;0.0
32;35700;INTARIAN_PEPPER_ROOT;45027;10;;;;;45043;22;;;;;45035.5;0.0
32;35800;ASH_COATED_OSMIUM;9995;10;9992;15;9991;15;10014;15;10015;11;10017;12;10004.5;0.0
32;35800;INTARIAN_PEPPER_ROOT;45027;15;45024;9;45021;21;45041;10;45043;9;45045;8;45034.0;0.0
32;35900;ASH_COATED_OSMIUM;9999;12;9998;4;9996;14;10015;11;10018;12;10019;10;10007.5;0.0
32;35900;INTARIAN_PEPPER_ROOT;45028;8;;;;;45043;12;;;;;45035.5;0.0
32;36000;ASH_COATED_OSMIUM;10001;15;;;;;10017;13;;;;;10009.0;0.0
32;36000;INTARIAN_PEPPER_ROOT;45027;11;45024;12;;;45046;9;45048;12;;;45036.5;0.0
32;36100;ASH_COATED_OSMIUM;9993;27;9991;15;9989;10;10009;25;10010;10;10012;10;10001.0;0.0
32;36100;INTARIAN_PEPPER_ROOT;45033;12;45031;8;;;45046;10;45049;8;;;45039.5;0.0
32;36200;ASH_COATED_OSMIUM;9997;10;9995;15;9993;12;10013;12;10016;12;10019;14;10005.0;0.0
32;36200;INTARIAN_PEPPER_ROOT;45030;8;45028;8;;;45043;20;45045;12;;;45037.0;0.0
32;36300;ASH_COATED_OSMIUM;9996;11;9993;23;9991;15;10017;14;10019;15;10020;12;10007.0;0.0
32;36300;INTARIAN_PEPPER_ROOT;45031;12;;;;;45043;12;;;;;45037.5;0.0
32;36400;ASH_COATED_OSMIUM;9993;12;9992;10;;;10011;13;10014;15;;;10002.5;0.0
32;36400;INTARIAN_PEPPER_ROOT;45030;9;;;;;45046;12;;;;;45038.0;0.0
32;36500;ASH_COATED_OSMIUM;9995;27;;;;;10011;10;;;;;10003.5;0.0
32;36500;INTARIAN_PEPPER_ROOT;45028;12;;;;;45040;12;;;;;45034.0;0.0
32;36600;ASH_COATED_OSMIUM;10000;14;9997;11;9994;15;10016;11;10019;13;10021;12;10008.0;0.0
32;36600;INTARIAN_PEPPER_ROOT;45030;21;45029;9;;;45041;11;45042;12;;;45036.0;0.0
32;36700;ASH_COATED_OSMIUM;10002;15;10001;12;10000;12;10013;14;10016;13;10017;14;10007.5;0.0
32;36700;INTARIAN_PEPPER_ROOT;45027;21;45024;12;;;45044;24;45045;8;;;45035.5;0.0
32;36800;ASH_COATED_OSMIUM;10001;30;9999;15;;;10017;13;10019;28;;;10009.0;0.0
32;36800;INTARIAN_PEPPER_ROOT;45029;11;45027;8;45024;10;45041;15;45044;10;45046;11;45035.0;0.0
32;36900;ASH_COATED_OSMIUM;9997;23;9996;12;;;10013;10;10016;11;;;10005.0;0.0
32;36900;INTARIAN_PEPPER_ROOT;45028;12;45025;19;45024;9;45040;10;45042;11;45044;8;45034.5;0.0
32;37000;ASH_COATED_OSMIUM;9991;15;9988;10;;;10007;15;10009;11;;;9999.0;0.0
32;37000;INTARIAN_PEPPER_ROOT;45025;8;;;;;45038;12;;;;;45031.5;0.0
32;37100;ASH_COATED_OSMIUM;9990;11;;;;;10001;13;;;;;9996.0;0.0
32;37100;INTARIAN_PEPPER_ROOT;45028;12;45027;10;;;45040;8;45043;12;;;45034.0;0.0
32;37200;ASH_COATED_OSMIUM;9992;14;9991;12;;;10008;15;10011;14;;;10000.0;0.0
32;37200;INTARIAN_PEPPER_ROOT;45031;9;;;;;45044;10;;;;;45037.5;0.0
32;37300;ASH_COATED_OSMIUM;9990;15;9988;23;;;10006;15;10007;15;;;9998.5;0.0
32;37300;INTARIAN_PEPPER_ROOT;45029;9;;;;;45042;8;;;;;45035.5;0.0
32;37400;ASH_COATED_OSMIUM;9984;10;9983;14;9981;27;10000;11;10002;20;10003;21;9992.5;0.0
32;37400;INTARIAN_PEPPER_ROOT;45031;11;45030;9;45029;11;45045;9;45048;22;45051;23;45038.5;0.0
32;37500;ASH_COATED_OSMIUM;9987;23;;;;;10005;12;;;;;9996.5;0.0
32;37500;INTARIAN_PEPPER_ROOT;45036;16;45033;11;;;45039;8;45042;11;;;45038.0;0.0
32;37600;ASH_COATED_OSMIUM;9988;14;;;;;10009;12;;;;;9998.5;0.0
32;37600;INTARIAN_PEPPER_ROOT;45034;11;45032;12;45030;12;45045;10;45047;11;45050;9;45039.5;0.0
32;37700;ASH_COATED_OSMIUM;9995;14;9994;24;;;10013;10;10015;13;;;10004.0;0.0
32;37700;INTARIAN_PEPPER_ROOT;45026;9;;;;;45043;8;;;;;45035.0;0.0
32;37800;ASH_COATED_OSMIUM;9998;25;9996;26;;;10014;12;10017;30;;;10006.5;0.0
32;37800;INTARIAN_PEPPER_ROOT;45031;8;;;;;45046;16;;;;;45038.5;0.0
32;37900;ASH_COATED_OSMIUM;9995;10;9993;15;9992;5;10011;14;10013;11;10015;14;10003.0;0.0
32;37900;INTARIAN_PEPPER_ROOT;45032;22;45031;8;;;45042;10;45044;6;;;45037.0;0.0
32;38000;ASH_COATED_OSMIUM;9989;15;9988;26;9986;11;10007;5;10008;12;10009;14;9998.0;0.0
32;38000;INTARIAN_PEPPER_ROOT;45031;11;45029;11;;;45043;21;45046;9;;;45037.5;0.0
32;38100;ASH_COATED_OSMIUM;9989;11;9988;10;;;10008;10;10011;13;;;9999.0;0.0
32;38100;INTARIAN_PEPPER_ROOT;45031;10;45030;25;;;45043;23;45046;12;;;45037.5;0.0
32;38200;ASH_COATED_OSMIUM;9990;10;9988;13;;;9995;25;9997;12;;;9993.0;0.0
32;38200;INTARIAN_PEPPER_ROOT;45030;10;45027;9;;;45046;10;45048;10;;;45038.0;0.0
32;38300;ASH_COATED_OSMIUM;9983;25;;;;;9999;11;;;;;9991.5;0.0
32;38300;INTARIAN_PEPPER_ROOT;45030;8;45028;10;45027;19;45043;10;45046;6;45048;3;45036.5;0.0
32;38400;ASH_COATED_OSMIUM;9985;12;9983;10;9981;13;10001;11;10004;12;10007;10;9993.5;0.0
32;38400;INTARIAN_PEPPER_ROOT;45032;8;45031;25;45028;8;45045;17;45047;8;45048;11;45039.0;0.0
32;38500;ASH_COATED_OSMIUM;9982;25;9980;14;;;10000;27;10002;13;;;9991.5;0.0
32;38500;INTARIAN_PEPPER_ROOT;45032;11;45031;9;;;45046;12;45048;11;;;45039.5;0.0
32;38600;ASH_COATED_OSMIUM;9983;15;;;;;10002;11;;;;;9992.5;0.0
32;38600;INTARIAN_PEPPER_ROOT;45032;8;45030;8;45027;10;45045;12;45047;12;45050;12;45039.0;0.0
32;38700;ASH_COATED_OSMIUM;9986;12;9983;14;9981;13;10002;10;10004;20;10006;13;9994.5;0.0
32;38700;INTARIAN_PEPPER_ROOT;45033;9;45031;12;;;45035;16;45037;11;;;45034.0;0.0
32;38800;ASH_COATED_OSMIUM;9989;23;9986;13;;;10005;30;10008;15;;;9997.0;0.0
32;38800;INTARIAN_PEPPER_ROOT;45027;11;45025;18;45024;9;45040;10;45042;8;45044;10;45033.5;0.0
32;38900;ASH_COATED_OSMIUM;9988;13;9986;11;;;10004;5;10006;15;;;9996.0;0.0
32;38900;INTARIAN_PEPPER_ROOT;45038;12;45035;11;45034;11;45050;10;45053;19;45054;11;45044.0;0.0
32;39000;ASH_COATED_OSMIUM;9990;11;9988;10;9985;12;10009;10;10010;10;10011;27;9999.5;0.0
32;39000;INTARIAN_PEPPER_ROOT;45032;21;;;;;45044;9;;;;;45038.0;0.0
32;39100;ASH_COATED_OSMIUM;9983;11;9982;15;;;9999;10;10002;11;;;9991.5;0.0
32;39100;INTARIAN_PEPPER_ROOT;45030;9;45029;17;;;45047;18;45048;8;;;45038.5;0.0
32;39200;ASH_COATED_OSMIUM;9984;11;9981;10;;;10003;11;10004;12;;;9993.5;0.0
32;39200;INTARIAN_PEPPER_ROOT;45032;9;45031;12;;;45045;8;45047;10;;;45039.0;0.0
32;39300;ASH_COATED_OSMIUM;9982;15;;;;;9992;10;;;;;9987.0;0.0
32;39300;INTARIAN_PEPPER_ROOT;45033;8;45030;10;45027;10;45046;10;45048;11;45049;12;45039.5;0.0
32;39400;ASH_COATED_OSMIUM;9975;13;9973;11;9970;15;9991;29;9992;15;9995;14;9983.0;0.0
32;39400;INTARIAN_PEPPER_ROOT;45031;11;;;;;45046;9;;;;;45039.0;0.0
32;39500;ASH_COATED_OSMIUM;9974;12;;;;;9990;15;;;;;9982.5;0.0
32;39500;INTARIAN_PEPPER_ROOT;45033;24;45030;9;;;45045;8;45047;9;;;45039.5;0.0
32;39600;ASH_COATED_OSMIUM;9982;10;9979;11;9977;13;9998;13;9999;12;10002;10;9990.0;0.0
32;39600;INTARIAN_PEPPER_ROOT;45034;8;45032;8;;;45050;9;45052;11;;;45042.5;0.0
32;39700;ASH_COATED_OSMIUM;9991;11;9990;15;;;10001;14;10003;13;;;9996.5;0.0
32;39700;INTARIAN_PEPPER_ROOT;45035;10;45033;11;45031;7;45047;8;45048;15;45051;9;45041.0;0.0
32;39800;ASH_COATED_OSMIUM;9986;12;9985;11;;;10005;10;10007;11;;;9996.0;0.0
32;39800;INTARIAN_PEPPER_ROOT;45036;8;45034;9;;;45050;9;45051;10;;;45043.0;0.0
32;39900;ASH_COATED_OSMIUM;9988;15;9986;13;9984;23;10007;14;10009;12;10010;26;9997.5;0.0
32;39900;INTARIAN_PEPPER_ROOT;45034;18;45033;8;45030;9;45050;12;45051;11;45053;11;45042.5;0.0
32;40000;ASH_COATED_OSMIUM;9990;10;9988;13;;;10001;11;10004;4;;;9996.0;0.0
32;40000;INTARIAN_PEPPER_ROOT;45032;11;;;;;45044;12;;;;;45038.5;0.0
32;40100;ASH_COATED_OSMIUM;9986;12;9984;27;;;10002;11;10004;10;;;9994.5;0.0
32;40100;INTARIAN_PEPPER_ROOT;45037;11;45034;8;;;45040;11;45042;8;;;45039.0;0.0
32;40200;ASH_COATED_OSMIUM;9990;14;9988;14;;;10006;10;10008;13;;;9998.5;0.0
32;40200;INTARIAN_PEPPER_ROOT;45031;10;;;;;45048;19;;;;;45039.5;0.0
32;40300;ASH_COATED_OSMIUM;9989;4;9986;22;;;10008;15;10009;14;;;9999.0;0.0
32;40300;INTARIAN_PEPPER_ROOT;45032;18;;;;;45046;10;;;;;45039.5;0.0
32;40400;ASH_COATED_OSMIUM;9988;15;9986;30;;;10004;11;10006;15;;;9996.5;0.0
32;40400;INTARIAN_PEPPER_ROOT;45032;19;45030;11;;;45046;11;45047;10;;;45039.0;0.0
32;40500;ASH_COATED_OSMIUM;9985;4;;;;;10003;11;;;;;9994.0;0.0
32;40500;INTARIAN_PEPPER_ROOT;45034;11;45031;12;;;45045;10;45046;12;;;45039.5;0.0
32;40600;ASH_COATED_OSMIUM;9988;2;9986;13;;;10006;13;10009;29;;;9997.0;0.0
32;40600;INTARIAN_PEPPER_ROOT;45035;9;45032;19;45031;25;45048;12;45050;12;45052;11;45042.0;0.0
32;40700;ASH_COATED_OSMIUM;9990;30;;;;;10008;12;;;;;9999.5;0.0
32;40700;INTARIAN_PEPPER_ROOT;45033;24;45032;8;45030;12;45047;11;45048;8;45049;8;45040.5;0.0
32;40800;ASH_COATED_OSMIUM;9998;15;;;;;10017;26;;;;;10008.0;0.0
32;40800;INTARIAN_PEPPER_ROOT;45036;12;45035;10;;;45049;8;45052;11;;;45042.5;0.0
32;40900;ASH_COATED_OSMIUM;9995;14;9994;15;;;10011;13;10013;5;;;10003.0;0.0
32;40900;INTARIAN_PEPPER_ROOT;45035;20;45033;12;;;45048;12;45051;12;;;45041.5;0.0
32;41000;ASH_COATED_OSMIUM;9993;12;;;;;10009;14;;;;;10001.5;0.0
32;41000;INTARIAN_PEPPER_ROOT;45033;10;45032;11;;;45044;10;45045;8;;;45039.0;0.0
32;41100;ASH_COATED_OSMIUM;9989;14;9987;13;9986;11;10005;29;10007;2;10009;15;9997.5;0.0
32;41100;INTARIAN_PEPPER_ROOT;45034;12;;;;;45047;17;;;;;45040.5;0.0
32;41200;ASH_COATED_OSMIUM;9990;15;;;;;10006;12;;;;;9998.5;0.0
32;41200;INTARIAN_PEPPER_ROOT;45037;19;;;;;45050;8;;;;;45043.5;0.0
32;41300;ASH_COATED_OSMIUM;9989;22;9988;15;9987;15;10005;14;10008;15;10010;29;9997.5;0.0
32;41300;INTARIAN_PEPPER_ROOT;45034;8;45032;12;;;45048;12;45051;22;;;45041.5;0.0
32;41400;ASH_COATED_OSMIUM;9991;25;;;;;10010;14;;;;;10001.0;0.0
32;41400;INTARIAN_PEPPER_ROOT;45032;10;45031;11;;;45049;5;45050;12;;;45041.0;0.0
32;41500;ASH_COATED_OSMIUM;9989;14;9988;10;9986;14;10008;11;10010;11;10011;20;9999.0;0.0
32;41500;INTARIAN_PEPPER_ROOT;45035;10;;;;;45048;11;;;;;45042.0;0.0
32;41600;ASH_COATED_OSMIUM;9986;13;9984;13;;;10002;11;10004;15;;;9994.5;0.0
32;41600;INTARIAN_PEPPER_ROOT;45033;8;45031;11;45030;12;45049;15;45051;5;45053;10;45041.5;0.0
32;41700;ASH_COATED_OSMIUM;9988;13;9986;15;;;10004;13;10005;12;;;9996.0;0.0
32;41700;INTARIAN_PEPPER_ROOT;45036;9;;;;;45052;8;;;;;45044.5;0.0
32;41800;ASH_COATED_OSMIUM;9995;28;;;;;10014;21;;;;;10004.5;0.0
32;41800;INTARIAN_PEPPER_ROOT;45034;8;45032;18;;;45047;10;45049;19;;;45041.0;0.0
32;41900;ASH_COATED_OSMIUM;9993;14;;;;;10009;11;;;;;10001.0;0.0
32;41900;INTARIAN_PEPPER_ROOT;45032;23;;;;;45045;10;;;;;45039.0;0.0
32;42000;ASH_COATED_OSMIUM;9994;15;;;;;10010;10;;;;;10002.0;0.0
32;42000;INTARIAN_PEPPER_ROOT;45035;2;45034;8;;;45050;10;45051;12;;;45042.5;0.0
32;42100;ASH_COATED_OSMIUM;9992;12;9989;12;;;10008;14;10010;12;;;10000.5;0.0
32;42100;INTARIAN_PEPPER_ROOT;45031;8;45030;11;45027;8;45048;8;45049;5;45052;15;45040.0;0.0
32;42200;ASH_COATED_OSMIUM;9988;4;9987;11;;;10006;15;10009;13;;;9997.5;0.0
32;42200;INTARIAN_PEPPER_ROOT;45031;8;45029;8;;;45048;10;45051;10;;;45040.0;0.0
32;42300;ASH_COATED_OSMIUM;9989;25;9986;10;;;10005;12;10008;28;;;9997.5;0.0
32;42300;INTARIAN_PEPPER_ROOT;45035;12;;;;;45048;9;;;;;45041.5;0.0
32;42400;ASH_COATED_OSMIUM;9988;14;9985;14;;;10004;11;10005;10;;;9996.0;0.0
32;42400;INTARIAN_PEPPER_ROOT;45039;8;45038;10;;;45050;11;45051;8;;;45045.0;0.0
32;42500;ASH_COATED_OSMIUM;9986;14;9984;22;;;10002;3;10003;13;;;9994.5;0.0
32;42500;INTARIAN_PEPPER_ROOT;45038;17;45037;11;;;45050;9;45051;8;;;45044.5;0.0
32;42600;ASH_COATED_OSMIUM;9984;10;9981;11;;;10000;13;10003;14;;;9992.0;0.0
32;42600;INTARIAN_PEPPER_ROOT;45035;12;45032;9;;;45047;18;45049;12;;;45041.5;0.0
32;42700;ASH_COATED_OSMIUM;9990;10;9987;27;9984;27;10006;20;10009;28;10010;11;9998.0;0.0
32;42700;INTARIAN_PEPPER_ROOT;45037;11;45036;11;;;45051;8;45053;21;;;45044.0;0.0
32;42800;ASH_COATED_OSMIUM;9993;15;;;;;10004;30;;;;;9998.5;0.0
32;42800;INTARIAN_PEPPER_ROOT;45041;10;45039;10;45036;10;45054;10;45055;10;45058;12;45048.0;0.0
32;42900;ASH_COATED_OSMIUM;9986;15;9983;15;;;10002;2;10003;10;;;9994.5;0.0
32;42900;INTARIAN_PEPPER_ROOT;45035;11;;;;;45046;12;;;;;45040.5;0.0
32;43000;ASH_COATED_OSMIUM;9983;10;;;;;10001;11;;;;;9992.5;0.0
32;43000;INTARIAN_PEPPER_ROOT;45036;11;45033;10;;;45050;10;45052;11;;;45043.5;0.0
32;43100;ASH_COATED_OSMIUM;9987;2;9986;10;9985;11;10003;7;10006;13;10009;10;9995.0;0.0
32;43100;INTARIAN_PEPPER_ROOT;45034;11;45031;10;45029;10;45046;10;45047;8;45050;8;45040.5;0.0
32;43200;ASH_COATED_OSMIUM;9988;20;9987;15;;;10004;11;10007;10;;;9996.0;0.0
32;43200;INTARIAN_PEPPER_ROOT;45032;8;;;;;45048;12;;;;;45040.5;0.0
32;43300;ASH_COATED_OSMIUM;9998;11;9996;30;;;10016;11;10018;12;;;10007.0;0.0
32;43300;INTARIAN_PEPPER_ROOT;45036;8;45033;11;;;45047;4;45050;11;;;45042.0;0.0
32;43400;ASH_COATED_OSMIUM;9995;10;;;;;10013;12;;;;;10004.0;0.0
32;43400;INTARIAN_PEPPER_ROOT;45030;12;45029;23;;;45041;8;45042;12;;;45036.0;0.0
32;43500;ASH_COATED_OSMIUM;9995;11;9993;10;9992;15;10011;14;10013;14;10016;10;10003.5;0.0
32;43500;INTARIAN_PEPPER_ROOT;45035;22;45033;8;;;45048;9;45051;9;;;45041.5;0.0
32;43600;ASH_COATED_OSMIUM;9997;10;9996;27;9995;15;10013;12;10014;14;10015;20;10005.0;0.0
32;43600;INTARIAN_PEPPER_ROOT;45038;9;45036;12;;;45051;12;45052;16;;;45044.5;0.0
32;43700;ASH_COATED_OSMIUM;9988;11;;;;;10004;25;;;;;9996.0;0.0
32;43700;INTARIAN_PEPPER_ROOT;45037;12;45036;12;;;45049;22;45051;8;;;45043.0;0.0
32;43800;ASH_COATED_OSMIUM;9984;12;9983;13;;;10000;30;10001;21;;;9992.0;0.0
32;43800;INTARIAN_PEPPER_ROOT;45037;20;45034;9;45031;11;45050;10;45051;15;45052;12;45044.0;0.0
32;43900;ASH_COATED_OSMIUM;9986;14;;;;;10002;10;;;;;9994.5;0.0
32;43900;INTARIAN_PEPPER_ROOT;45031;9;;;;;45051;9;;;;;45041.0;0.0
32;44000;ASH_COATED_OSMIUM;9988;14;9985;12;;;10004;12;10005;13;;;9996.5;0.0
32;44000;INTARIAN_PEPPER_ROOT;45038;11;;;;;45055;23;;;;;45046.5;0.0
32;44100;ASH_COATED_OSMIUM;9990;7;;;;;10006;15;;;;;9998.5;0.0
32;44100;INTARIAN_PEPPER_ROOT;45040;12;45037;8;;;45053;12;45054;11;;;45047.0;0.0
32;44200;ASH_COATED_OSMIUM;9996;11;9995;30;;;10012;10;10014;27;;;10004.5;0.0
32;44200;INTARIAN_PEPPER_ROOT;45032;10;45030;12;45027;10;45044;9;45047;12;45048;21;45038.0;0.0
32;44300;ASH_COATED_OSMIUM;9992;13;;;;;10008;10;;;;;10000.5;0.0
32;44300;INTARIAN_PEPPER_ROOT;45037;8;;;;;45050;8;;;;;45044.0;0.0
32;44400;ASH_COATED_OSMIUM;9995;14;;;;;10011;13;;;;;10003.0;0.0
32;44400;INTARIAN_PEPPER_ROOT;45038;4;45035;10;;;45051;10;45053;12;;;45045.0;0.0
32;44500;ASH_COATED_OSMIUM;9995;13;9992;5;9990;24;10002;15;10003;14;10006;13;9998.5;0.0
32;44500;INTARIAN_PEPPER_ROOT;45039;12;45037;9;45035;10;45050;12;45052;9;45053;9;45044.5;0.0
32;44600;ASH_COATED_OSMIUM;9989;15;9987;28;9984;13;10005;13;10006;11;10007;4;9997.5;0.0
32;44600;INTARIAN_PEPPER_ROOT;45036;12;45034;8;;;45053;12;45054;10;;;45044.5;0.0
32;44700;ASH_COATED_OSMIUM;9992;12;9991;12;9989;11;10010;10;10011;6;10012;12;10001.5;0.0
32;44700;INTARIAN_PEPPER_ROOT;45039;8;45037;8;;;45053;12;45055;8;;;45046.5;0.0
32;44800;ASH_COATED_OSMIUM;9989;14;9987;10;;;10002;21;10005;30;;;9996.0;0.0
32;44800;INTARIAN_PEPPER_ROOT;45039;12;;;;;45051;10;;;;;45045.0;0.0
32;44900;ASH_COATED_OSMIUM;9992;14;;;;;10008;15;;;;;10000.0;0.0
32;44900;INTARIAN_PEPPER_ROOT;45037;10;45035;12;;;45049;12;45052;12;;;45043.0;0.0
32;45000;ASH_COATED_OSMIUM;9992;11;9989;10;;;10008;12;10009;15;;;10000.0;0.0
32;45000;INTARIAN_PEPPER_ROOT;45046;10;;;;;45048;24;;;;;45047.5;0.0
32;45100;ASH_COATED_OSMIUM;9992;15;9989;14;9987;13;10008;11;10011;11;10012;25;10000.0;0.0
32;45100;INTARIAN_PEPPER_ROOT;45041;9;45038;11;;;45054;9;45057;8;;;45048.0;0.0
32;45200;ASH_COATED_OSMIUM;9992;15;9990;13;;;10008;10;10011;11;;;10000.5;0.0
32;45200;INTARIAN_PEPPER_ROOT;45037;12;45035;19;;;45053;10;45055;9;;;45045.0;0.0
32;45300;ASH_COATED_OSMIUM;9997;12;9995;25;9992;12;10016;4;10019;12;10022;15;10007.0;0.0
32;45300;INTARIAN_PEPPER_ROOT;45041;10;45038;17;45037;24;45054;12;45055;9;45057;8;45047.5;0.0
32;45400;ASH_COATED_OSMIUM;9994;14;9991;14;;;10013;12;10014;15;;;10004.0;0.0
32;45400;INTARIAN_PEPPER_ROOT;45041;11;45038;12;45036;9;45053;11;45054;10;45056;11;45047.0;0.0
32;45500;ASH_COATED_OSMIUM;9994;13;9991;30;9989;11;10010;30;10011;13;10013;13;10002.0;0.0
32;45500;INTARIAN_PEPPER_ROOT;45042;8;45041;11;45038;9;45049;11;45051;9;45053;12;45045.5;0.0
32;45600;ASH_COATED_OSMIUM;9993;27;9990;11;;;10009;10;10012;24;;;10001.0;0.0
32;45600;INTARIAN_PEPPER_ROOT;45041;24;45039;11;45037;8;45053;16;45054;9;45057;12;45047.5;0.0
32;45700;ASH_COATED_OSMIUM;9993;14;9991;26;;;10009;10;10010;15;;;10001.5;0.0
32;45700;INTARIAN_PEPPER_ROOT;45041;11;;;;;45049;12;;;;;45045.0;0.0
32;45800;ASH_COATED_OSMIUM;10001;11;9999;12;;;10017;13;10019;24;;;10009.5;0.0
32;45800;INTARIAN_PEPPER_ROOT;45037;12;;;;;45051;25;;;;;45044.0;0.0
32;45900;ASH_COATED_OSMIUM;9994;15;9993;12;;;10012;10;10015;22;;;10003.0;0.0
32;45900;INTARIAN_PEPPER_ROOT;45041;11;45039;9;;;45054;12;45055;10;;;45047.5;0.0
32;46000;ASH_COATED_OSMIUM;9992;12;;;;;10011;10;;;;;10001.5;0.0
32;46000;INTARIAN_PEPPER_ROOT;45040;9;;;;;45053;20;;;;;45046.5;0.0
32;46100;ASH_COATED_OSMIUM;9994;13;9993;10;;;10012;20;10014;12;;;10003.0;0.0
32;46100;INTARIAN_PEPPER_ROOT;45037;8;45034;12;;;45049;3;45052;8;;;45043.0;0.0
32;46200;ASH_COATED_OSMIUM;9996;14;9993;12;;;10012;12;10014;12;;;10004.0;0.0
32;46200;INTARIAN_PEPPER_ROOT;45034;9;45032;10;;;45049;19;45051;8;;;45041.5;0.0
32;46300;ASH_COATED_OSMIUM;9998;10;9995;14;;;10014;11;10017;13;;;10006.5;0.0
32;46300;INTARIAN_PEPPER_ROOT;45038;8;45036;12;;;45052;8;45055;25;;;45045.0;0.0
32;46400;ASH_COATED_OSMIUM;9998;13;9997;13;;;10014;29;10016;12;;;10006.5;0.0
32;46400;INTARIAN_PEPPER_ROOT;45040;12;45039;10;;;45054;12;45055;10;;;45047.5;0.0
32;46500;ASH_COATED_OSMIUM;10008;10;10005;10;;;10014;15;10015;11;;;10011.0;0.0
32;46500;INTARIAN_PEPPER_ROOT;45042;25;;;;;45054;9;;;;;45048.5;0.0
32;46600;ASH_COATED_OSMIUM;10004;28;10001;26;10000;14;10020;15;10023;15;10026;12;10012.0;0.0
32;46600;INTARIAN_PEPPER_ROOT;45040;20;45037;8;;;45051;12;45054;8;;;45045.5;0.0
32;46700;ASH_COATED_OSMIUM;10002;12;;;;;10018;14;;;;;10010.5;0.0
32;46700;INTARIAN_PEPPER_ROOT;45041;8;;;;;45055;10;;;;;45048.5;0.0
32;46800;ASH_COATED_OSMIUM;9999;14;9997;27;;;10017;25;10018;13;;;10008.0;0.0
32;46800;INTARIAN_PEPPER_ROOT;45040;16;45037;11;;;45054;10;45055;21;;;45047.0;0.0
32;46900;ASH_COATED_OSMIUM;9998;12;9995;12;;;10014;15;10015;26;;;10006.5;0.0
32;46900;INTARIAN_PEPPER_ROOT;45045;8;;;;;45057;12;;;;;45051.5;0.0
32;47000;ASH_COATED_OSMIUM;9992;12;9991;15;9989;11;10011;10;10013;15;10016;15;10002.0;0.0
32;47000;INTARIAN_PEPPER_ROOT;45041;10;45038;10;45035;9;45053;12;45054;9;45057;10;45047.0;0.0
32;47100;ASH_COATED_OSMIUM;9995;13;9992;14;9990;14;10013;12;10016;28;10019;12;10004.5;0.0
32;47100;INTARIAN_PEPPER_ROOT;45038;21;45036;25;;;45052;8;45054;10;;;45045.0;0.0
32;47200;ASH_COATED_OSMIUM;9995;10;9994;25;9991;20;10011;5;10013;15;10014;14;10003.0;0.0
32;47200;INTARIAN_PEPPER_ROOT;45037;9;;;;;45054;11;;;;;45046.0;0.0
32;47300;ASH_COATED_OSMIUM;9999;14;9997;12;9995;21;10017;10;10020;11;10023;12;10008.5;0.0
32;47300;INTARIAN_PEPPER_ROOT;45039;22;45038;22;;;45052;8;45055;16;;;45045.5;0.0
32;47400;ASH_COATED_OSMIUM;9997;13;9995;10;;;10013;12;10015;12;;;10005.0;0.0
32;47400;INTARIAN_PEPPER_ROOT;45037;10;;;;;45051;12;;;;;45044.0;0.0
32;47500;ASH_COATED_OSMIUM;9998;22;;;;;10017;15;;;;;10008.0;0.0
32;47500;INTARIAN_PEPPER_ROOT;45038;9;45035;12;45032;12;45054;8;45055;8;45058;19;45046.0;0.0
32;47600;ASH_COATED_OSMIUM;9994;14;9993;10;;;10010;11;10012;25;;;10002.5;0.0
32;47600;INTARIAN_PEPPER_ROOT;45046;8;45044;9;45041;11;45057;10;45058;15;45059;9;45051.5;0.0
32;47700;ASH_COATED_OSMIUM;9994;22;;;;;10007;10;;;;;10001.0;0.0
32;47700;INTARIAN_PEPPER_ROOT;45039;9;45036;9;;;45053;10;45055;11;;;45046.5;0.0
32;47800;ASH_COATED_OSMIUM;9996;15;9995;12;;;10012;15;10015;11;;;10004.0;0.0
32;47800;INTARIAN_PEPPER_ROOT;45038;12;45035;12;;;45053;8;45055;9;;;45045.5;0.0
32;47900;ASH_COATED_OSMIUM;9999;12;9996;12;9995;15;10015;12;10018;27;10021;14;10007.5;0.0
32;47900;INTARIAN_PEPPER_ROOT;45041;8;;;;;45054;8;;;;;45047.5;0.0
32;48000;ASH_COATED_OSMIUM;9996;14;;;;;10014;14;;;;;10005.5;0.0
32;48000;INTARIAN_PEPPER_ROOT;45044;19;;;;;45057;6;;;;;45051.0;0.0
32;48100;ASH_COATED_OSMIUM;9996;10;9993;21;;;10012;10;10013;12;;;10004.5;0.0
32;48100;INTARIAN_PEPPER_ROOT;45040;24;;;;;45054;11;;;;;45047.5;0.0
32;48200;ASH_COATED_OSMIUM;9997;10;9996;11;9995;13;10013;4;10014;11;10016;13;10005.5;0.0
32;48200;INTARIAN_PEPPER_ROOT;45040;12;45038;24;;;45054;8;45056;8;;;45047.5;0.0
32;48300;ASH_COATED_OSMIUM;9996;15;9993;13;9992;10;10012;14;10013;14;10015;26;10004.0;0.0
32;48300;INTARIAN_PEPPER_ROOT;45041;24;;;;;45054;10;;;;;45048.0;0.0
32;48400;ASH_COATED_OSMIUM;9999;14;9996;12;;;10012;14;10014;11;;;10006.0;0.0
32;48400;INTARIAN_PEPPER_ROOT;45043;8;45041;10;;;45056;12;45059;9;;;45049.5;0.0
32;48500;ASH_COATED_OSMIUM;9995;11;;;;;10013;28;;;;;10004.5;0.0
32;48500;INTARIAN_PEPPER_ROOT;45042;24;;;;;45056;24;;;;;45049.0;0.0
32;48600;ASH_COATED_OSMIUM;9993;15;9991;21;;;10011;10;10014;10;;;10002.5;0.0
32;48600;INTARIAN_PEPPER_ROOT;45044;24;45043;12;45040;10;45057;8;45059;17;45061;12;45050.5;0.0
32;48700;ASH_COATED_OSMIUM;9990;20;9989;24;;;10009;15;10010;10;;;10000.0;0.0
32;48700;INTARIAN_PEPPER_ROOT;45040;11;45037;10;45035;9;45054;10;45055;12;45057;10;45047.0;0.0
32;48800;ASH_COATED_OSMIUM;9991;10;;;;;10003;11;;;;;9997.0;0.0
32;48800;INTARIAN_PEPPER_ROOT;45041;10;45040;9;;;45055;22;45057;9;;;45048.5;0.0
32;48900;ASH_COATED_OSMIUM;9994;11;9993;13;;;10010;11;10013;13;;;10002.5;0.0
32;48900;INTARIAN_PEPPER_ROOT;45041;12;;;;;45055;12;;;;;45048.5;0.0
32;49000;ASH_COATED_OSMIUM;9991;14;9990;8;;;10007;15;10008;14;;;9999.5;0.0
32;49000;INTARIAN_PEPPER_ROOT;45046;19;;;;;45058;9;;;;;45052.5;0.0
32;49100;ASH_COATED_OSMIUM;9992;14;9990;29;;;10008;23;10009;25;;;10000.0;0.0
32;49100;INTARIAN_PEPPER_ROOT;45041;17;;;;;45053;10;;;;;45047.5;0.0
32;49200;ASH_COATED_OSMIUM;9996;4;9994;20;9991;25;10012;29;10014;13;10017;10;10004.5;0.0
32;49200;INTARIAN_PEPPER_ROOT;45048;17;;;;;45063;8;;;;;45055.5;0.0
32;49300;ASH_COATED_OSMIUM;9996;27;9994;11;9992;15;10012;11;10013;15;10015;11;10004.0;0.0
32;49300;INTARIAN_PEPPER_ROOT;45044;12;;;;;45055;10;;;;;45049.5;0.0
32;49400;ASH_COATED_OSMIUM;9999;15;9997;11;;;10015;8;10018;13;;;10007.5;0.0
32;49400;INTARIAN_PEPPER_ROOT;45040;10;45039;12;;;45052;10;45054;10;;;45046.0;0.0
32;49500;ASH_COATED_OSMIUM;9994;29;9991;10;9990;13;10010;26;10011;13;10014;11;10002.5;0.0
32;49500;INTARIAN_PEPPER_ROOT;45045;24;;;;;45058;10;;;;;45051.5;0.0
32;49600;ASH_COATED_OSMIUM;9991;15;9989;11;9986;22;10007;13;10009;5;10012;13;9999.0;0.0
32;49600;INTARIAN_PEPPER_ROOT;45045;19;;;;;45056;8;;;;;45050.5;0.0
32;49700;ASH_COATED_OSMIUM;9989;12;9986;12;;;10005;11;10007;11;;;9997.0;0.0
32;49700;INTARIAN_PEPPER_ROOT;45042;10;45039;9;;;45056;8;45059;9;;;45049.0;0.0
32;49800;ASH_COATED_OSMIUM;9993;23;9991;12;;;10009;10;10012;10;;;10001.0;0.0
32;49800;INTARIAN_PEPPER_ROOT;45044;10;;;;;45053;12;;;;;45048.5;0.0
32;49900;ASH_COATED_OSMIUM;9986;15;9984;15;9983;26;10002;10;10004;13;10005;15;9994.0;0.0
32;49900;INTARIAN_PEPPER_ROOT;45043;8;;;;;45058;3;;;;;45051.0;0.0
32;50000;ASH_COATED_OSMIUM;9985;13;;;;;10001;15;;;;;9993.5;0.0
32;50000;INTARIAN_PEPPER_ROOT;45038;12;45036;9;;;45050;10;45053;12;;;45044.5;0.0
32;50100;ASH_COATED_OSMIUM;9992;4;;;;;10008;10;;;;;10000.0;0.0
32;50100;INTARIAN_PEPPER_ROOT;45043;21;45040;12;;;45057;12;45060;10;;;45050.0;0.0
32;50200;ASH_COATED_OSMIUM;9999;15;;;;;10010;3;;;;;10004.5;0.0
32;50200;INTARIAN_PEPPER_ROOT;45041;17;;;;;45053;12;;;;;45047.5;0.0
32;50300;ASH_COATED_OSMIUM;9994;14;9993;15;;;10010;11;10012;2;;;10002.0;0.0
32;50300;INTARIAN_PEPPER_ROOT;45046;9;45043;8;;;45055;11;45058;9;;;45051.0;0.0
32;50400;ASH_COATED_OSMIUM;9991;10;;;;;10007;15;;;;;9999.0;0.0
32;50400;INTARIAN_PEPPER_ROOT;45039;12;45038;12;;;45056;10;45057;8;;;45047.5;0.0
32;50500;ASH_COATED_OSMIUM;9988;10;9985;12;;;10004;23;10007;12;;;9996.5;0.0
32;50500;INTARIAN_PEPPER_ROOT;45045;20;45042;10;;;45058;9;45061;10;;;45052.0;0.0
32;50600;ASH_COATED_OSMIUM;9988;12;9987;23;9984;11;9994;29;9997;14;9998;10;9991.0;0.0
32;50600;INTARIAN_PEPPER_ROOT;45042;8;;;;;45053;17;;;;;45047.5;0.0
32;50700;ASH_COATED_OSMIUM;9987;15;9985;11;9982;9;10003;3;10004;15;10005;15;9995.5;0.0
32;50700;INTARIAN_PEPPER_ROOT;45045;9;45042;6;;;45058;24;45059;15;;;45051.5;0.0
32;50800;ASH_COATED_OSMIUM;9981;10;9978;13;;;10000;10;10002;5;;;9990.5;0.0
32;50800;INTARIAN_PEPPER_ROOT;45043;23;45042;9;45039;18;45056;12;45059;9;45061;10;45049.5;0.0
32;50900;ASH_COATED_OSMIUM;9985;10;9983;14;;;10001;10;10003;3;;;9993.5;0.0
32;50900;INTARIAN_PEPPER_ROOT;45046;9;45043;11;;;45057;22;45060;10;;;45051.5;0.0
32;51000;ASH_COATED_OSMIUM;9984;10;9981;28;;;10000;30;10001;14;;;9992.5;0.0
32;51000;INTARIAN_PEPPER_ROOT;45041;10;;;;;45054;11;;;;;45047.5;0.0
32;51100;ASH_COATED_OSMIUM;9982;10;9979;13;9978;10;10000;10;10002;23;10003;2;9991.5;0.0
32;51100;INTARIAN_PEPPER_ROOT;45048;11;45045;9;45042;10;45059;10;45062;9;45065;11;45053.5;0.0
32;51200;ASH_COATED_OSMIUM;9981;14;9979;10;;;9997;21;9999;12;;;9989.5;0.0
32;51200;INTARIAN_PEPPER_ROOT;45046;12;45044;11;;;45049;10;45051;8;;;45047.5;0.0
32;51300;ASH_COATED_OSMIUM;9989;14;9987;12;9985;13;10008;10;10009;11;10011;14;9999.0;0.0
32;51300;INTARIAN_PEPPER_ROOT;45046;10;45045;10;45044;21;45060;15;45061;11;45062;8;45053.5;0.0
32;51400;ASH_COATED_OSMIUM;9987;10;9986;14;;;10003;4;10006;15;;;9995.5;0.0
32;51400;INTARIAN_PEPPER_ROOT;45046;8;45043;23;;;45059;9;45061;12;;;45053.0;0.0
32;51500;ASH_COATED_OSMIUM;9989;24;9986;10;;;10005;28;10008;14;;;9997.5;0.0
32;51500;INTARIAN_PEPPER_ROOT;45047;8;45045;10;45042;9;45058;10;45060;10;45062;25;45052.5;0.0
32;51600;ASH_COATED_OSMIUM;9990;14;9987;14;;;10011;10;10014;14;;;10000.5;0.0
32;51600;INTARIAN_PEPPER_ROOT;45049;11;45048;12;;;45062;10;45065;9;;;45055.5;0.0
32;51700;ASH_COATED_OSMIUM;9997;12;9996;12;9993;11;10013;14;10015;13;10018;13;10005.0;0.0
32;51700;INTARIAN_PEPPER_ROOT;45048;9;45046;11;;;45060;12;45062;12;;;45054.5;0.0
32;51800;ASH_COATED_OSMIUM;9996;11;9995;13;;;10012;15;10014;5;;;10004.0;0.0
32;51800;INTARIAN_PEPPER_ROOT;45043;11;;;;;45058;10;;;;;45051.0;0.0
32;51900;ASH_COATED_OSMIUM;9993;4;9991;27;9990;29;10009;11;10012;13;10013;10;10001.5;0.0
32;51900;INTARIAN_PEPPER_ROOT;45046;10;45043;8;;;45059;12;45060;8;;;45052.5;0.0
32;52000;ASH_COATED_OSMIUM;9994;10;;;;;10012;11;;;;;10003.5;0.0
32;52000;INTARIAN_PEPPER_ROOT;45041;24;;;;;45054;11;;;;;45047.5;0.0
32;52100;ASH_COATED_OSMIUM;9997;10;;;;;10004;11;;;;;10000.5;0.0
32;52100;INTARIAN_PEPPER_ROOT;45044;10;;;;;45057;11;;;;;45050.5;0.0
32;52200;ASH_COATED_OSMIUM;9990;10;9988;14;;;10006;10;10009;10;;;9998.5;0.0
32;52200;INTARIAN_PEPPER_ROOT;45044;20;45043;9;45042;11;45057;8;45058;10;45060;23;45051.0;0.0
32;52300;ASH_COATED_OSMIUM;9994;10;;;;;10010;11;;;;;10002.0;0.0
32;52300;INTARIAN_PEPPER_ROOT;45048;11;45046;8;;;45062;8;45065;8;;;45055.5;0.0
32;52400;ASH_COATED_OSMIUM;9992;11;;;;;10008;15;;;;;10000.0;0.0
32;52400;INTARIAN_PEPPER_ROOT;45044;9;45042;22;45039;8;45057;8;45060;11;45062;8;45051.0;0.0
32;52500;ASH_COATED_OSMIUM;9990;21;9987;10;9984;28;10006;14;10008;13;10009;13;9998.0;0.0
32;52500;INTARIAN_PEPPER_ROOT;45046;12;;;;;45058;8;;;;;45052.5;0.0
32;52600;ASH_COATED_OSMIUM;9994;13;;;;;10013;10;;;;;10003.5;0.0
32;52600;INTARIAN_PEPPER_ROOT;45049;21;45048;12;45046;11;45061;4;45062;11;45064;10;45055.0;0.0
32;52700;ASH_COATED_OSMIUM;9995;15;9994;14;;;10011;15;10014;26;;;10003.0;0.0
32;52700;INTARIAN_PEPPER_ROOT;45043;10;45040;12;;;45060;22;45061;12;;;45052.0;0.0
32;52800;ASH_COATED_OSMIUM;9992;12;9991;10;;;10008;13;10011;15;;;10000.0;0.0
32;52800;INTARIAN_PEPPER_ROOT;45050;8;45048;12;45045;9;45067;24;45069;9;45072;9;45058.5;0.0
32;52900;ASH_COATED_OSMIUM;9990;13;9988;30;9986;13;10006;10;10008;14;10010;13;9998.5;0.0
32;52900;INTARIAN_PEPPER_ROOT;45047;8;45044;8;45043;23;45061;12;45063;17;45066;12;45054.5;0.0
32;53000;ASH_COATED_OSMIUM;9994;11;9991;11;9988;10;10010;15;10011;25;10013;15;10002.0;0.0
32;53000;INTARIAN_PEPPER_ROOT;45043;12;45041;10;;;45059;8;45062;11;;;45051.5;0.0
32;53100;ASH_COATED_OSMIUM;10000;11;9998;14;9995;11;10016;14;10018;12;10019;29;10008.0;0.0
32;53100;INTARIAN_PEPPER_ROOT;45044;9;45041;21;;;45058;11;45059;12;;;45051.5;0.0
32;53200;ASH_COATED_OSMIUM;10004;14;10002;10;;;10020;24;10022;15;;;10012.5;0.0
32;53200;INTARIAN_PEPPER_ROOT;45046;11;;;;;45061;11;;;;;45054.0;0.0
32;53300;ASH_COATED_OSMIUM;9995;10;9993;13;9990;15;10014;14;10017;21;10020;21;10005.0;0.0
32;53300;INTARIAN_PEPPER_ROOT;45047;8;;;;;45058;12;;;;;45052.5;0.0
32;53400;ASH_COATED_OSMIUM;9990;15;;;;;10006;14;;;;;9998.0;0.0
32;53400;INTARIAN_PEPPER_ROOT;45052;16;45050;12;;;45064;10;45065;8;;;45058.0;0.0
32;53500;ASH_COATED_OSMIUM;9990;15;9987;10;;;10006;10;10007;21;;;9998.5;0.0
32;53500;INTARIAN_PEPPER_ROOT;45047;21;45045;10;;;45059;9;45062;19;;;45053.0;0.0
32;53600;ASH_COATED_OSMIUM;9985;10;;;;;10003;10;;;;;9994.0;0.0
32;53600;INTARIAN_PEPPER_ROOT;45045;10;45044;11;;;45060;25;45062;12;;;45053.0;0.0
32;53700;ASH_COATED_OSMIUM;9990;14;9988;13;9987;15;10006;11;10009;14;10011;11;9998.0;0.0
32;53700;INTARIAN_PEPPER_ROOT;45047;10;45045;9;;;45061;9;45062;10;;;45054.0;0.0
32;53800;ASH_COATED_OSMIUM;9988;11;9985;11;;;10006;13;10008;23;;;9997.0;0.0
32;53800;INTARIAN_PEPPER_ROOT;45053;12;45050;11;45047;9;45065;11;45068;10;45071;11;45059.5;0.0
32;53900;ASH_COATED_OSMIUM;9991;13;9989;10;9988;14;10001;14;10004;27;10007;14;9996.5;0.0
32;53900;INTARIAN_PEPPER_ROOT;45044;21;45042;10;;;45061;22;45064;8;;;45052.5;0.0
32;54000;ASH_COATED_OSMIUM;9993;30;9992;11;;;10009;28;10011;11;;;10001.0;0.0
32;54000;INTARIAN_PEPPER_ROOT;45046;8;;;;;45060;9;;;;;45053.0;0.0
32;54100;ASH_COATED_OSMIUM;10002;24;10000;14;;;10013;11;10014;21;;;10007.5;0.0
32;54100;INTARIAN_PEPPER_ROOT;45051;11;45050;9;;;45067;11;45068;15;;;45059.5;0.0
32;54200;ASH_COATED_OSMIUM;9999;10;9997;13;;;10020;15;10022;10;;;10010.0;0.0
32;54200;INTARIAN_PEPPER_ROOT;45049;9;;;;;45065;11;;;;;45057.0;0.0
32;54300;ASH_COATED_OSMIUM;9999;14;9996;10;9994;11;10015;26;10018;11;10020;23;10007.0;0.0
32;54300;INTARIAN_PEPPER_ROOT;45045;11;45044;10;;;45057;9;45058;10;;;45051.5;0.0
32;54400;ASH_COATED_OSMIUM;10001;12;9999;14;;;10017;11;10019;11;;;10009.0;0.0
32;54400;INTARIAN_PEPPER_ROOT;45043;10;45041;8;;;45060;24;45061;9;;;45051.5;0.0
32;54500;ASH_COATED_OSMIUM;10001;14;9999;12;;;10014;13;10015;10;;;10007.5;0.0
32;54500;INTARIAN_PEPPER_ROOT;45046;9;;;;;45058;11;;;;;45052.5;0.0
32;54600;ASH_COATED_OSMIUM;9999;12;9998;5;;;10015;26;10017;11;;;10007.5;0.0
32;54600;INTARIAN_PEPPER_ROOT;45053;12;;;;;45055;8;;;;;45054.5;0.0
32;54700;ASH_COATED_OSMIUM;9994;13;;;;;10010;10;;;;;10002.0;0.0
32;54700;INTARIAN_PEPPER_ROOT;45045;11;;;;;45062;10;;;;;45054.0;0.0
32;54800;ASH_COATED_OSMIUM;9994;11;9992;13;9991;11;10015;15;10016;30;10018;14;10005.0;0.0
32;54800;INTARIAN_PEPPER_ROOT;45051;8;;;;;45065;8;;;;;45058.5;0.0
32;54900;ASH_COATED_OSMIUM;9998;11;9995;11;;;10014;10;10017;12;;;10006.0;0.0
32;54900;INTARIAN_PEPPER_ROOT;45046;23;45044;8;;;45060;8;45061;11;;;45053.0;0.0
32;55000;ASH_COATED_OSMIUM;9998;15;9995;10;9994;10;10007;10;10010;12;10013;14;10003.0;0.0
32;55000;INTARIAN_PEPPER_ROOT;45049;8;;;;;45060;8;;;;;45055.0;0.0
32;55100;ASH_COATED_OSMIUM;9997;14;9995;22;;;10008;15;10009;12;;;10003.0;0.0
32;55100;INTARIAN_PEPPER_ROOT;45047;12;;;;;45064;9;;;;;45055.5;0.0
32;55200;ASH_COATED_OSMIUM;9985;15;9983;14;;;10003;27;10006;13;;;9994.5;0.0
32;55200;INTARIAN_PEPPER_ROOT;45050;8;45047;9;45045;11;45062;9;45064;15;45066;11;45056.0;0.0
32;55300;ASH_COATED_OSMIUM;9984;13;9982;28;;;10000;10;10002;11;;;9992.0;0.0
32;55300;INTARIAN_PEPPER_ROOT;45046;10;;;;;45064;8;;;;;45055.5;0.0
32;55400;ASH_COATED_OSMIUM;9987;12;9984;11;9983;15;10003;14;10006;12;10009;10;9995.5;0.0
32;55400;INTARIAN_PEPPER_ROOT;45050;8;45049;12;45046;9;45062;11;45064;11;45066;24;45056.5;0.0
32;55500;ASH_COATED_OSMIUM;9991;11;9989;9;;;10007;15;10008;10;;;9999.5;0.0
32;55500;INTARIAN_PEPPER_ROOT;45049;12;;;;;45063;10;;;;;45056.5;0.0
32;55600;ASH_COATED_OSMIUM;9989;14;9986;13;9983;15;10004;13;10006;20;10009;14;9996.5;0.0
32;55600;INTARIAN_PEPPER_ROOT;45051;16;;;;;45064;11;;;;;45057.5;0.0
32;55700;ASH_COATED_OSMIUM;9990;21;9987;11;;;10006;12;10008;13;;;9998.5;0.0
32;55700;INTARIAN_PEPPER_ROOT;45051;10;45048;18;;;45066;11;45068;11;;;45058.5;0.0
32;55800;ASH_COATED_OSMIUM;9986;14;9985;15;;;10002;12;10004;14;;;9994.5;0.0
32;55800;INTARIAN_PEPPER_ROOT;45050;12;45048;10;;;45062;11;45064;9;;;45056.5;0.0
32;55900;ASH_COATED_OSMIUM;9989;14;;;;;10000;10;;;;;9995.0;0.0
32;55900;INTARIAN_PEPPER_ROOT;45047;8;;;;;45058;16;;;;;45053.0;0.0
32;56000;ASH_COATED_OSMIUM;9986;14;9983;10;;;10002;11;10005;12;;;9994.5;0.0
32;56000;INTARIAN_PEPPER_ROOT;45049;10;;;;;45062;12;;;;;45055.5;0.0
32;56100;ASH_COATED_OSMIUM;9982;12;9979;21;9978;3;9998;13;10000;10;10001;30;9990.0;0.0
32;56100;INTARIAN_PEPPER_ROOT;45053;10;;;;;45065;12;;;;;45059.0;0.0
32;56200;ASH_COATED_OSMIUM;9990;10;9988;11;9987;20;9996;25;9997;15;9999;15;9993.0;0.0
32;56200;INTARIAN_PEPPER_ROOT;45052;10;45050;11;45049;25;45068;12;45071;9;45072;18;45060.0;0.0
32;56300;ASH_COATED_OSMIUM;9989;11;9986;25;;;10005;15;10006;13;;;9997.0;0.0
32;56300;INTARIAN_PEPPER_ROOT;45051;25;;;;;45067;10;;;;;45059.0;0.0
32;56400;ASH_COATED_OSMIUM;9989;20;9987;11;9985;15;10005;12;10006;25;10008;13;9997.5;0.0
32;56400;INTARIAN_PEPPER_ROOT;45054;10;45052;11;45049;8;45065;8;45068;12;45070;8;45060.0;0.0
32;56500;ASH_COATED_OSMIUM;9985;15;9982;14;9980;15;10001;14;10002;13;10005;10;9993.5;0.0
32;56500;INTARIAN_PEPPER_ROOT;45051;11;45050;8;45047;25;45065;11;45066;10;45069;11;45058.0;0.0
32;56600;ASH_COATED_OSMIUM;9987;15;9985;14;9982;12;10005;12;10007;20;10009;14;9996.5;0.0
32;56600;INTARIAN_PEPPER_ROOT;45049;3;45047;12;45044;9;45061;8;45063;11;45066;9;45055.0;0.0
32;56700;ASH_COATED_OSMIUM;9996;13;9995;14;;;10012;12;10014;14;;;10004.0;0.0
32;56700;INTARIAN_PEPPER_ROOT;45052;12;45051;8;45048;8;45067;8;45068;8;45071;12;45060.0;0.0
32;56800;ASH_COATED_OSMIUM;9997;15;9995;28;;;10013;12;10015;15;;;10005.0;0.0
32;56800;INTARIAN_PEPPER_ROOT;45048;10;45046;10;45044;8;45061;10;45062;11;45065;9;45054.5;0.0
32;56900;ASH_COATED_OSMIUM;10004;13;;;;;10009;15;;;;;10006.5;0.0
32;56900;INTARIAN_PEPPER_ROOT;45049;9;45048;12;45047;8;45064;10;45067;9;45070;9;45056.5;0.0
32;57000;ASH_COATED_OSMIUM;9995;10;;;;;10011;13;;;;;10003.5;0.0
32;57000;INTARIAN_PEPPER_ROOT;45049;8;45047;9;45045;12;45060;9;45062;11;45063;21;45055.0;0.0
32;57100;ASH_COATED_OSMIUM;10000;28;;;;;10016;20;;;;;10008.5;0.0
32;57100;INTARIAN_PEPPER_ROOT;45054;24;45052;9;;;45065;10;45068;12;;;45059.5;0.0
32;57200;ASH_COATED_OSMIUM;9999;10;9998;14;9997;10;10015;15;10016;11;10018;13;10007.0;0.0
32;57200;INTARIAN_PEPPER_ROOT;45048;18;45047;8;;;45060;8;45062;12;;;45054.0;0.0
32;57300;ASH_COATED_OSMIUM;9997;14;;;;;10013;11;;;;;10005.5;0.0
32;57300;INTARIAN_PEPPER_ROOT;45052;17;45049;8;45046;12;45063;11;45066;9;45067;9;45057.5;0.0
32;57400;ASH_COATED_OSMIUM;10000;24;9998;4;9995;12;10016;22;10018;8;10021;11;10008.5;0.0
32;57400;INTARIAN_PEPPER_ROOT;45051;15;;;;;45064;18;;;;;45057.5;0.0
32;57500;ASH_COATED_OSMIUM;9993;27;9990;11;;;10009;12;10012;15;;;10001.5;0.0
32;57500;INTARIAN_PEPPER_ROOT;45056;9;;;;;45058;11;;;;;45057.0;0.0
32;57600;ASH_COATED_OSMIUM;9994;14;9991;27;9989;15;10010;10;10013;12;10015;13;10002.5;0.0
32;57600;INTARIAN_PEPPER_ROOT;45053;9;45051;8;;;45067;10;45068;17;;;45060.0;0.0
32;57700;ASH_COATED_OSMIUM;9998;13;;;;;10007;14;;;;;10002.5;0.0
32;57700;INTARIAN_PEPPER_ROOT;45048;23;45046;11;;;45063;21;45064;8;;;45055.5;0.0
32;57800;ASH_COATED_OSMIUM;9991;15;;;;;10007;10;;;;;9999.5;0.0
32;57800;INTARIAN_PEPPER_ROOT;45050;11;45047;10;45044;8;45063;11;45066;11;45068;10;45056.5;0.0
32;57900;ASH_COATED_OSMIUM;9996;11;9994;10;;;10012;10;10014;23;;;10004.5;0.0
32;57900;INTARIAN_PEPPER_ROOT;45049;23;;;;;45062;12;;;;;45056.0;0.0
32;58000;ASH_COATED_OSMIUM;9990;21;;;;;10006;15;;;;;9998.0;0.0
32;58000;INTARIAN_PEPPER_ROOT;45048;12;45047;10;;;45061;12;45063;12;;;45055.0;0.0
32;58100;ASH_COATED_OSMIUM;9992;10;9989;4;9987;11;10008;14;10010;11;10011;14;10000.0;0.0
32;58100;INTARIAN_PEPPER_ROOT;45051;9;45050;10;;;45068;10;45069;10;;;45059.5;0.0
32;58200;ASH_COATED_OSMIUM;9989;15;9987;24;;;10005;11;10006;13;;;9997.5;0.0
32;58200;INTARIAN_PEPPER_ROOT;45060;16;45059;11;;;45063;12;45065;11;;;45062.0;0.0
32;58300;ASH_COATED_OSMIUM;9993;28;;;;;10011;11;;;;;10002.0;0.0
32;58300;INTARIAN_PEPPER_ROOT;45051;12;45049;8;45048;12;45063;12;45064;10;45067;12;45057.0;0.0
32;58400;ASH_COATED_OSMIUM;9993;10;9992;11;9991;13;10009;11;10010;12;10011;14;10001.5;0.0
32;58400;INTARIAN_PEPPER_ROOT;45051;9;45048;12;;;45063;10;45066;8;;;45057.5;0.0
32;58500;ASH_COATED_OSMIUM;9995;27;9992;15;9989;11;10011;8;10012;15;10013;13;10003.5;0.0
32;58500;INTARIAN_PEPPER_ROOT;45055;25;;;;;45068;11;;;;;45061.5;0.0
32;58600;ASH_COATED_OSMIUM;9995;26;;;;;10016;23;;;;;10005.5;0.0
32;58600;INTARIAN_PEPPER_ROOT;45049;12;45046;8;;;45062;8;45063;23;;;45055.5;0.0
32;58700;ASH_COATED_OSMIUM;9997;15;9996;25;;;10013;15;10014;13;;;10005.5;0.0
32;58700;INTARIAN_PEPPER_ROOT;45049;17;45048;11;;;45068;24;45071;9;;;45058.5;0.0
32;58800;ASH_COATED_OSMIUM;9988;15;9987;15;;;10007;4;10008;25;;;9997.5;0.0
32;58800;INTARIAN_PEPPER_ROOT;45057;12;45054;10;;;45068;10;45071;11;;;45062.5;0.0
32;58900;ASH_COATED_OSMIUM;9987;13;9985;10;;;10008;10;10009;10;;;9997.5;0.0
32;58900;INTARIAN_PEPPER_ROOT;45049;16;;;;;45065;11;;;;;45057.0;0.0
32;59000;ASH_COATED_OSMIUM;9989;14;9986;14;9985;7;10005;12;10006;30;10009;14;9997.5;0.0
32;59000;INTARIAN_PEPPER_ROOT;45052;8;45051;10;45050;8;45065;10;45068;8;45071;8;45059.0;0.0
32;59100;ASH_COATED_OSMIUM;9993;28;;;;;10009;10;;;;;10001.5;0.0
32;59100;INTARIAN_PEPPER_ROOT;45053;9;45052;17;;;45066;10;45068;12;;;45060.0;0.0
32;59200;ASH_COATED_OSMIUM;9993;14;;;;;10009;10;;;;;10001.0;0.0
32;59200;INTARIAN_PEPPER_ROOT;45058;20;45056;8;45055;10;45060;8;45063;8;45066;15;45059.5;0.0
32;59300;ASH_COATED_OSMIUM;9998;12;9996;10;;;10008;10;10011;12;;;10003.0;0.0
32;59300;INTARIAN_PEPPER_ROOT;45051;11;45049;8;;;45064;11;45066;12;;;45058.0;0.0
32;59400;ASH_COATED_OSMIUM;9996;13;9995;14;;;10012;15;10013;27;;;10004.0;0.0
32;59400;INTARIAN_PEPPER_ROOT;45054;12;45051;11;45049;11;45065;9;45066;8;45069;10;45059.5;0.0
32;59500;ASH_COATED_OSMIUM;9993;15;9990;11;;;10009;15;10011;13;;;10001.5;0.0
32;59500;INTARIAN_PEPPER_ROOT;45053;8;45052;21;;;45065;11;45066;12;;;45059.0;0.0
32;59600;ASH_COATED_OSMIUM;9995;12;9994;10;;;10011;15;10014;13;;;10003.5;0.0
32;59600;INTARIAN_PEPPER_ROOT;45052;9;45049;9;;;45065;10;45066;16;;;45059.0;0.0
32;59700;ASH_COATED_OSMIUM;9995;15;9994;13;9993;15;10011;11;10013;11;10015;14;10003.5;0.0
32;59700;INTARIAN_PEPPER_ROOT;45057;9;45055;10;45054;9;45068;8;45069;9;45071;8;45062.5;0.0
32;59800;ASH_COATED_OSMIUM;10003;14;10001;15;;;10019;15;10021;21;;;10011.5;0.0
32;59800;INTARIAN_PEPPER_ROOT;45054;8;45052;8;45051;12;45067;10;45068;9;45071;9;45060.5;0.0
32;59900;ASH_COATED_OSMIUM;10001;24;;;;;10020;21;;;;;10011.0;0.0
32;59900;INTARIAN_PEPPER_ROOT;45062;10;45059;25;45058;9;45064;12;45066;9;45068;11;45063.0;0.0
32;60000;ASH_COATED_OSMIUM;10004;20;10002;14;;;10020;10;10023;26;;;10012.5;0.0
32;60000;INTARIAN_PEPPER_ROOT;45059;11;45058;11;45057;9;45061;8;45062;12;45063;8;45060.0;0.0
32;60100;ASH_COATED_OSMIUM;10008;15;;;;;10015;11;;;;;10012.0;0.0
32;60100;INTARIAN_PEPPER_ROOT;45048;8;45045;12;;;45065;24;45068;12;;;45057.0;0.0
32;60200;ASH_COATED_OSMIUM;10004;25;10001;13;;;10020;12;10023;10;;;10012.0;0.0
32;60200;INTARIAN_PEPPER_ROOT;45053;8;;;;;45065;22;;;;;45059.0;0.0
32;60300;ASH_COATED_OSMIUM;9999;14;9996;12;9995;15;10018;22;10021;12;10024;14;10009.0;0.0
32;60300;INTARIAN_PEPPER_ROOT;45051;12;45050;10;45047;8;45067;11;45068;8;45070;10;45059.5;0.0
32;60400;ASH_COATED_OSMIUM;10000;12;9998;14;9995;10;10016;4;10018;12;10020;11;10008.5;0.0
32;60400;INTARIAN_PEPPER_ROOT;45051;9;;;;;45062;9;;;;;45057.0;0.0
32;60500;ASH_COATED_OSMIUM;9996;14;9995;15;;;10015;8;10017;12;;;10005.5;0.0
32;60500;INTARIAN_PEPPER_ROOT;45056;9;;;;;45072;8;;;;;45064.0;0.0
32;60600;ASH_COATED_OSMIUM;10000;12;9999;23;;;10016;10;10017;13;;;10008.5;0.0
32;60600;INTARIAN_PEPPER_ROOT;45052;12;;;;;45068;8;;;;;45060.0;0.0
32;60700;ASH_COATED_OSMIUM;9996;12;9995;11;9994;11;10012;13;10015;11;10016;3;10004.5;0.0
32;60700;INTARIAN_PEPPER_ROOT;45052;11;;;;;45064;10;;;;;45058.5;0.0
32;60800;ASH_COATED_OSMIUM;9991;7;9989;10;;;10007;14;10009;15;;;9999.0;0.0
32;60800;INTARIAN_PEPPER_ROOT;45058;12;45057;19;;;45071;12;45074;10;;;45064.5;0.0
32;60900;ASH_COATED_OSMIUM;9992;14;;;;;10010;29;;;;;10001.0;0.0
32;60900;INTARIAN_PEPPER_ROOT;45052;24;45051;12;45050;11;45064;8;45067;10;45070;12;45058.5;0.0
32;61000;ASH_COATED_OSMIUM;10004;15;10002;10;;;10010;11;10012;12;;;10007.5;0.0
32;61000;INTARIAN_PEPPER_ROOT;45055;19;45053;22;45052;24;45066;8;45067;12;45068;12;45060.5;0.0
32;61100;ASH_COATED_OSMIUM;9997;12;9994;2;9991;14;10013;20;10014;15;10016;14;10005.0;0.0
32;61100;INTARIAN_PEPPER_ROOT;45054;20;45051;9;;;45066;12;45067;10;;;45060.0;0.0
32;61200;ASH_COATED_OSMIUM;9991;14;9988;28;;;10007;13;10010;15;;;9999.0;0.0
32;61200;INTARIAN_PEPPER_ROOT;45054;9;;;;;45067;24;;;;;45061.0;0.0
32;61300;ASH_COATED_OSMIUM;9992;12;9990;2;;;10008;10;10009;26;;;10000.0;0.0
32;61300;INTARIAN_PEPPER_ROOT;45055;10;45052;24;;;45067;12;45069;25;;;45061.5;0.0
32;61400;ASH_COATED_OSMIUM;9998;12;;;;;10014;12;;;;;10006.0;0.0
32;61400;INTARIAN_PEPPER_ROOT;45059;8;45056;22;;;45072;8;45073;9;;;45066.0;0.0
32;61500;ASH_COATED_OSMIUM;9996;20;;;;;10012;12;;;;;10004.0;0.0
32;61500;INTARIAN_PEPPER_ROOT;45057;12;45056;11;;;45070;11;45072;12;;;45064.0;0.0
32;61600;ASH_COATED_OSMIUM;9999;15;9997;12;9995;23;10004;12;10005;15;10006;13;10002.0;0.0
32;61600;INTARIAN_PEPPER_ROOT;45057;12;45055;11;;;45069;16;45072;9;;;45063.5;0.0
32;61700;ASH_COATED_OSMIUM;9996;20;9993;14;;;10002;10;10005;23;;;9999.5;0.0
32;61700;INTARIAN_PEPPER_ROOT;45057;9;45055;10;45053;9;45069;9;45072;21;45073;9;45063.5;0.0
32;61800;ASH_COATED_OSMIUM;9987;11;9986;14;9983;12;10003;2;10006;14;10007;14;9995.5;0.0
32;61800;INTARIAN_PEPPER_ROOT;45052;16;45051;8;45050;21;45067;9;45068;11;45069;8;45059.5;0.0
32;61900;ASH_COATED_OSMIUM;9984;11;9982;20;;;10002;26;10005;21;;;9993.0;0.0
32;61900;INTARIAN_PEPPER_ROOT;45053;6;45052;9;45049;17;45065;12;45066;8;45067;8;45059.0;0.0
32;62000;ASH_COATED_OSMIUM;9985;14;;;;;10001;12;;;;;9993.0;0.0
32;62000;INTARIAN_PEPPER_ROOT;45054;10;;;;;45069;9;;;;;45062.0;0.0
32;62100;ASH_COATED_OSMIUM;9982;28;;;;;10001;14;;;;;9992.0;0.0
32;62100;INTARIAN_PEPPER_ROOT;45055;12;;;;;45069;10;;;;;45062.5;0.0
32;62200;ASH_COATED_OSMIUM;9989;15;;;;;10005;13;;;;;9997.0;0.0
32;62200;INTARIAN_PEPPER_ROOT;45059;12;45058;17;;;45071;11;45074;9;;;45065.0;0.0
32;62300;ASH_COATED_OSMIUM;9987;13;9984;10;;;10003;14;10005;22;;;9995.0;0.0
32;62300;INTARIAN_PEPPER_ROOT;45055;10;45052;21;45050;10;45071;11;45074;10;45076;9;45063.5;0.0
32;62400;ASH_COATED_OSMIUM;9989;11;9988;13;;;10008;12;10010;20;;;9998.5;0.0
32;62400;INTARIAN_PEPPER_ROOT;45056;23;45055;11;;;45073;11;45076;10;;;45065.0;0.0
32;62500;ASH_COATED_OSMIUM;9994;12;9992;23;9989;14;10010;4;10013;13;10014;12;10002.0;0.0
32;62500;INTARIAN_PEPPER_ROOT;45056;11;45053;23;45050;9;45069;8;45072;11;45073;12;45063.0;0.0
32;62600;ASH_COATED_OSMIUM;9999;15;;;;;10017;20;;;;;10008.0;0.0
32;62600;INTARIAN_PEPPER_ROOT;45056;8;;;;;45071;12;;;;;45063.5;0.0
32;62700;ASH_COATED_OSMIUM;10002;11;10001;11;;;10018;14;10020;11;;;10010.0;0.0
32;62700;INTARIAN_PEPPER_ROOT;45054;8;45051;9;;;45068;12;45070;12;;;45061.5;0.0
32;62800;ASH_COATED_OSMIUM;10000;23;;;;;10016;15;;;;;10008.5;0.0
32;62800;INTARIAN_PEPPER_ROOT;45059;11;45056;12;;;45071;9;45073;12;;;45065.5;0.0
32;62900;ASH_COATED_OSMIUM;9997;12;9994;11;;;10013;12;10015;12;;;10005.0;0.0
32;62900;INTARIAN_PEPPER_ROOT;45058;10;45055;8;;;45072;3;45075;9;;;45065.0;0.0
32;63000;ASH_COATED_OSMIUM;10000;14;9998;13;;;10016;28;10017;10;;;10008.0;0.0
32;63000;INTARIAN_PEPPER_ROOT;45058;9;45056;8;;;45072;9;45074;16;;;45065.0;0.0
32;63100;ASH_COATED_OSMIUM;9996;12;9993;15;9990;10;10012;14;10015;14;10017;15;10004.0;0.0
32;63100;INTARIAN_PEPPER_ROOT;45054;9;45051;9;;;45069;25;45070;21;;;45061.5;0.0
32;63200;ASH_COATED_OSMIUM;9998;15;9995;13;9993;11;10014;15;10016;11;10019;10;10006.0;0.0
32;63200;INTARIAN_PEPPER_ROOT;45054;10;45052;8;45051;9;45068;19;45069;11;45071;8;45061.5;0.0
32;63300;ASH_COATED_OSMIUM;9991;10;;;;;10007;10;;;;;9999.5;0.0
32;63300;INTARIAN_PEPPER_ROOT;45061;10;;;;;45073;8;;;;;45067.0;0.0
32;63400;ASH_COATED_OSMIUM;9997;4;9996;14;;;10013;30;10016;13;;;10005.0;0.0
32;63400;INTARIAN_PEPPER_ROOT;45063;8;45061;19;;;45075;11;45076;11;;;45069.0;0.0
32;63500;ASH_COATED_OSMIUM;9997;13;;;;;10015;11;;;;;10006.0;0.0
