day;timestamp;product;bid_price_1;bid_volume_1;bid_price_2;bid_volume_2;bid_price_3;bid_volume_3;ask_price_1;ask_volume_1;ask_price_2;ask_volume_2;ask_price_3;ask_volume_3;mid_price;profit_and_loss
45;0;ASH_COATED_OSMIUM;9998;11;9997;11;;;10014;10;10016;2;;;10006.5;0.0
45;0;INTARIAN_PEPPER_ROOT;57990;8;57988;8;57987;9;58003;9;58004;9;58007;9;57997.0;0.0
45;100;ASH_COATED_OSMIUM;9996;29;9995;10;;;10012;5;10013;15;;;10004.5;0.0
45;100;INTARIAN_PEPPER_ROOT;57994;21;57991;12;57988;12;58005;11;58006;21;58008;12;58000.0;0.0
45;200;ASH_COATED_OSMIUM;9996;11;;;;;10012;13;;;;;10004.5;0.0
45;200;INTARIAN_PEPPER_ROOT;57992;21;57991;11;57990;15;58007;8;58008;8;58011;12;57999.5;0.0
45;300;ASH_COATED_OSMIUM;9995;11;9992;12;;;10011;13;10014;15;;;10003.0;0.0
45;300;INTARIAN_PEPPER_ROOT;57993;11;57992;11;;;58005;24;58006;10;;;57999.5;0.0
45;400;ASH_COATED_OSMIUM;9989;14;9987;25;;;10005;10;10007;13;;;9997.5;0.0
45;400;INTARIAN_PEPPER_ROOT;57994;8;;;;;58008;18;;;;;58001.0;0.0
45;500;ASH_COATED_OSMIUM;9990;23;;;;;10008;11;;;;;9999.5;0.0
45;500;INTARIAN_PEPPER_ROOT;57991;11;;;;;58008;8;;;;;58000.0;0.0
45;600;ASH_COATED_OSMIUM;9992;15;9990;13;9989;14;10011;15;10014;4;10015;14;10001.5;0.0
45;600;INTARIAN_PEPPER_ROOT;57992;20;57991;12;;;58006;9;58009;11;;;57999.5;0.0
45;700;ASH_COATED_OSMIUM;9990;12;9988;15;9987;14;10006;11;10009;10;10011;12;9998.5;0.0
45;700;INTARIAN_PEPPER_ROOT;57994;11;;;;;58007;11;;;;;58000.5;0.0
45;800;ASH_COATED_OSMIUM;9995;10;;;;;10011;5;;;;;10003.5;0.0
45;800;INTARIAN_PEPPER_ROOT;57991;8;57989;8;;;58005;11;58006;10;;;57998.0;0.0
45;900;ASH_COATED_OSMIUM;9989;3;9987;11;;;10008;13;10011;12;;;9999.0;0.0
45;900;INTARIAN_PEPPER_ROOT;57998;9;57995;10;;;58012;9;58015;12;;;58005.0;0.0
45;1000;ASH_COATED_OSMIUM;9992;10;9990;10;;;10013;10;10014;10;;;10002.5;0.0
45;1000;INTARIAN_PEPPER_ROOT;57997;12;57996;8;57993;11;58008;12;58009;8;58012;19;58002.5;0.0
45;1100;ASH_COATED_OSMIUM;9995;10;9993;13;;;10011;27;10013;10;;;10003.0;0.0
45;1100;INTARIAN_PEPPER_ROOT;57996;11;;;;;58009;12;;;;;58003.0;0.0
45;1200;ASH_COATED_OSMIUM;9997;12;9996;12;;;10008;23;10009;26;;;10002.5;0.0
45;1200;INTARIAN_PEPPER_ROOT;57996;10;57993;23;;;58007;9;58008;8;;;58002.0;0.0
45;1300;ASH_COATED_OSMIUM;9989;11;9986;14;9983;12;10007;27;10009;15;10010;26;9998.5;0.0
45;1300;INTARIAN_PEPPER_ROOT;57994;10;57991;9;;;58005;12;58008;8;;;57999.5;0.0
45;1400;ASH_COATED_OSMIUM;9988;26;9985;15;9984;14;10006;12;10009;11;10011;14;9997.0;0.0
45;1400;INTARIAN_PEPPER_ROOT;57994;8;57992;17;57991;8;58008;8;58011;8;58014;15;58001.0;0.0
45;1500;ASH_COATED_OSMIUM;9984;11;9982;14;9980;2;10000;10;10003;13;10006;13;9992.5;0.0
45;1500;INTARIAN_PEPPER_ROOT;57991;8;;;;;58007;9;;;;;57999.0;0.0
45;1600;ASH_COATED_OSMIUM;9988;12;9986;13;;;10007;4;10009;21;;;9997.5;0.0
45;1600;INTARIAN_PEPPER_ROOT;57994;11;;;;;58008;19;;;;;58001.0;0.0
45;1700;ASH_COATED_OSMIUM;9987;10;9986;14;;;10003;15;10005;11;;;9995.0;0.0
45;1700;INTARIAN_PEPPER_ROOT;57996;9;57994;12;57991;25;58010;9;58012;11;58013;10;58003.0;0.0
45;1800;ASH_COATED_OSMIUM;9989;27;9986;14;;;10005;11;10007;14;;;9997.5;0.0
45;1800;INTARIAN_PEPPER_ROOT;58001;12;57999;9;;;58004;12;58006;18;;;58002.5;0.0
45;1900;ASH_COATED_OSMIUM;9989;13;;;;;10005;12;;;;;9997.0;0.0
45;1900;INTARIAN_PEPPER_ROOT;58000;8;57998;12;;;58012;12;58015;8;;;58006.0;0.0
45;2000;ASH_COATED_OSMIUM;9990;13;;;;;10009;13;;;;;10000.0;0.0
45;2000;INTARIAN_PEPPER_ROOT;57998;16;57996;9;;;58010;12;58012;12;;;58004.5;0.0
45;2100;ASH_COATED_OSMIUM;9992;12;;;;;10008;11;;;;;10000.5;0.0
45;2100;INTARIAN_PEPPER_ROOT;57995;8;57994;25;57991;12;58008;17;58010;9;58011;9;58001.5;0.0
45;2200;ASH_COATED_OSMIUM;9992;22;;;;;10011;14;;;;;10001.5;0.0
45;2200;INTARIAN_PEPPER_ROOT;57996;12;;;;;58008;11;;;;;58002.5;0.0
45;2300;ASH_COATED_OSMIUM;9989;11;;;;;10008;22;;;;;9998.5;0.0
45;2300;INTARIAN_PEPPER_ROOT;57994;11;;;;;58007;8;;;;;58000.5;0.0
45;2400;ASH_COATED_OSMIUM;9990;14;9989;29;9987;15;10009;24;10012;24;10013;14;9999.5;0.0
45;2400;INTARIAN_PEPPER_ROOT;57996;10;;;;;58009;5;;;;;58003.0;0.0
45;2500;ASH_COATED_OSMIUM;9989;10;9986;15;9985;6;10008;14;10010;14;10012;28;9998.5;0.0
45;2500;INTARIAN_PEPPER_ROOT;57995;10;57992;10;;;58009;17;58012;9;;;58002.5;0.0
45;2600;ASH_COATED_OSMIUM;9993;4;9990;14;;;10009;15;10011;11;;;10001.5;0.0
45;2600;INTARIAN_PEPPER_ROOT;57999;11;57998;9;57995;11;58012;11;58014;11;58015;10;58006.0;0.0
45;2700;ASH_COATED_OSMIUM;9993;12;9991;13;;;10011;15;10013;14;;;10002.0;0.0
45;2700;INTARIAN_PEPPER_ROOT;57998;12;57996;9;57995;10;58013;8;58014;25;58016;8;58005.5;0.0
45;2800;ASH_COATED_OSMIUM;9995;15;9992;10;;;10011;13;10012;15;;;10003.0;0.0
45;2800;INTARIAN_PEPPER_ROOT;57998;12;57997;11;;;58010;12;58013;9;;;58004.0;0.0
45;2900;ASH_COATED_OSMIUM;9998;10;9996;5;9994;10;10014;15;10015;20;10018;28;10006.5;0.0
45;2900;INTARIAN_PEPPER_ROOT;57995;12;;;;;58007;8;;;;;58001.5;0.0
45;3000;ASH_COATED_OSMIUM;9998;10;9995;13;9994;12;10014;10;10016;14;10018;14;10006.0;0.0
45;3000;INTARIAN_PEPPER_ROOT;57998;10;57997;18;;;58010;11;58011;12;;;58004.0;0.0
45;3100;ASH_COATED_OSMIUM;10000;10;9998;14;;;10006;12;10009;11;;;10003.5;0.0
45;3100;INTARIAN_PEPPER_ROOT;57992;8;57990;11;;;58004;10;58005;10;;;57998.5;0.0
45;3200;ASH_COATED_OSMIUM;9993;15;;;;;10009;15;;;;;10001.5;0.0
45;3200;INTARIAN_PEPPER_ROOT;57995;12;57994;11;;;58011;11;58014;11;;;58003.5;0.0
45;3300;ASH_COATED_OSMIUM;9996;15;;;;;10012;15;;;;;10004.5;0.0
45;3300;INTARIAN_PEPPER_ROOT;58000;11;57999;8;57996;9;58013;10;58015;10;58017;8;58006.5;0.0
45;3400;ASH_COATED_OSMIUM;10000;13;9998;4;;;10012;10;10015;14;;;10006.0;0.0
45;3400;INTARIAN_PEPPER_ROOT;57994;8;57993;8;;;58007;12;58008;17;;;58001.0;0.0
45;3500;ASH_COATED_OSMIUM;9991;12;;;;;10007;11;;;;;9999.5;0.0
45;3500;INTARIAN_PEPPER_ROOT;57998;11;57995;8;57992;10;58009;8;58010;15;58011;8;58004.0;0.0
45;3600;ASH_COATED_OSMIUM;9987;13;9984;23;;;10003;5;10006;14;;;9995.5;0.0
45;3600;INTARIAN_PEPPER_ROOT;57996;8;;;;;58007;9;;;;;58001.5;0.0
45;3700;ASH_COATED_OSMIUM;9982;15;9980;10;;;9998;26;10000;12;;;9990.5;0.0
45;3700;INTARIAN_PEPPER_ROOT;57999;9;57998;12;;;58013;9;58015;8;;;58006.0;0.0
45;3800;ASH_COATED_OSMIUM;9980;14;9979;26;9978;12;9996;12;9999;15;10000;24;9988.0;0.0
45;3800;INTARIAN_PEPPER_ROOT;57998;8;57995;10;57994;8;58011;11;58013;11;58014;12;58004.5;0.0
45;3900;ASH_COATED_OSMIUM;9976;12;;;;;9992;12;;;;;9984.5;0.0
45;3900;INTARIAN_PEPPER_ROOT;57993;11;57990;9;57989;10;58008;10;58010;10;58012;9;58001.0;0.0
45;4000;ASH_COATED_OSMIUM;9974;29;;;;;9990;11;;;;;9982.5;0.0
45;4000;INTARIAN_PEPPER_ROOT;58001;8;57999;12;;;58013;8;58016;12;;;58007.5;0.0
45;4100;ASH_COATED_OSMIUM;9978;15;9976;11;9974;13;9994;24;9997;21;9998;14;9986.5;0.0
45;4100;INTARIAN_PEPPER_ROOT;57997;8;57994;11;57993;11;58012;10;58015;8;58018;4;58005.0;0.0
45;4200;ASH_COATED_OSMIUM;9988;11;9987;12;9986;12;9998;24;10001;13;10004;22;9993.5;0.0
45;4200;INTARIAN_PEPPER_ROOT;57996;12;57994;10;57993;10;58013;12;58015;11;58016;10;58004.5;0.0
45;4300;ASH_COATED_OSMIUM;9989;14;9987;27;;;10005;13;10008;10;;;9997.0;0.0
45;4300;INTARIAN_PEPPER_ROOT;57996;8;;;;;58010;11;;;;;58003.5;0.0
45;4400;ASH_COATED_OSMIUM;9991;13;;;;;10007;15;;;;;9999.0;0.0
45;4400;INTARIAN_PEPPER_ROOT;57997;11;;;;;58010;8;;;;;58003.5;0.0
45;4500;ASH_COATED_OSMIUM;9999;12;9997;28;;;10006;11;10008;15;;;10002.5;0.0
45;4500;INTARIAN_PEPPER_ROOT;57995;8;57994;10;57992;8;58009;12;58010;11;58012;9;58002.5;0.0
45;4600;ASH_COATED_OSMIUM;9988;10;;;;;10007;15;;;;;9998.0;0.0
45;4600;INTARIAN_PEPPER_ROOT;57998;23;57995;10;;;58012;9;58014;10;;;58005.0;0.0
45;4700;ASH_COATED_OSMIUM;9986;11;9984;21;;;10005;12;10007;13;;;9995.5;0.0
45;4700;INTARIAN_PEPPER_ROOT;57997;8;57995;12;57993;11;58010;21;58012;10;58014;11;58004.0;0.0
45;4800;ASH_COATED_OSMIUM;9991;14;9989;13;;;10007;5;10008;10;;;9999.0;0.0
45;4800;INTARIAN_PEPPER_ROOT;58001;10;;;;;58014;15;;;;;58007.5;0.0
45;4900;ASH_COATED_OSMIUM;9996;14;9995;11;;;10012;12;10015;28;;;10004.0;0.0
45;4900;INTARIAN_PEPPER_ROOT;57999;11;57997;12;57996;8;58011;10;58013;11;58016;18;58005.0;0.0
45;5000;ASH_COATED_OSMIUM;9990;12;;;;;10006;10;;;;;9998.0;0.0
45;5000;INTARIAN_PEPPER_ROOT;57999;11;57998;9;;;58012;9;58014;8;;;58005.5;0.0
45;5100;ASH_COATED_OSMIUM;9996;21;9995;11;;;10014;11;10017;22;;;10005.0;0.0
45;5100;INTARIAN_PEPPER_ROOT;57998;17;57995;11;57993;12;58010;10;58013;10;58014;12;58004.0;0.0
45;5200;ASH_COATED_OSMIUM;10000;15;9998;21;;;10016;10;10017;26;;;10008.0;0.0
45;5200;INTARIAN_PEPPER_ROOT;57996;10;;;;;58012;16;;;;;58004.5;0.0
45;5300;ASH_COATED_OSMIUM;10006;23;;;;;10016;11;;;;;10011.0;0.0
45;5300;INTARIAN_PEPPER_ROOT;57997;8;57994;9;;;58009;7;58012;8;;;58003.5;0.0
45;5400;ASH_COATED_OSMIUM;10010;27;;;;;10020;10;;;;;10015.0;0.0
45;5400;INTARIAN_PEPPER_ROOT;57997;24;57994;12;57993;11;58011;9;58013;18;58015;8;58004.0;0.0
45;5500;ASH_COATED_OSMIUM;10001;10;9999;15;;;10017;12;10019;10;;;10009.0;0.0
45;5500;INTARIAN_PEPPER_ROOT;57996;11;;;;;58009;12;;;;;58003.0;0.0
45;5600;ASH_COATED_OSMIUM;9995;10;9994;15;9993;11;10013;15;10014;15;10017;15;10004.5;0.0
45;5600;INTARIAN_PEPPER_ROOT;58000;11;;;;;58011;16;;;;;58006.0;0.0
45;5700;ASH_COATED_OSMIUM;10002;15;10000;15;9999;10;10018;11;10020;12;10021;13;10010.5;0.0
45;5700;INTARIAN_PEPPER_ROOT;57999;25;;;;;58012;10;;;;;58006.0;0.0
45;5800;ASH_COATED_OSMIUM;10000;12;9997;13;;;10018;14;10021;23;;;10009.0;0.0
45;5800;INTARIAN_PEPPER_ROOT;58000;8;;;;;58011;12;;;;;58005.5;0.0
45;5900;ASH_COATED_OSMIUM;9997;10;9994;13;;;10013;11;10015;15;;;10005.0;0.0
45;5900;INTARIAN_PEPPER_ROOT;58000;10;57998;9;57995;8;58014;8;58017;11;58020;12;58007.5;0.0
45;6000;ASH_COATED_OSMIUM;9998;14;9997;15;9995;14;10014;11;10017;10;10018;13;10006.5;0.0
45;6000;INTARIAN_PEPPER_ROOT;57997;10;57994;11;57992;12;58013;10;58014;12;58017;16;58005.0;0.0
45;6100;ASH_COATED_OSMIUM;9997;12;9994;14;;;10013;11;10015;24;;;10005.5;0.0
45;6100;INTARIAN_PEPPER_ROOT;58003;8;58002;12;58000;12;58014;9;58017;16;58018;11;58009.0;0.0
45;6200;ASH_COATED_OSMIUM;9990;12;;;;;10006;13;;;;;9998.0;0.0
45;6200;INTARIAN_PEPPER_ROOT;57999;9;57996;8;;;58018;11;58020;10;;;58008.5;0.0
45;6300;ASH_COATED_OSMIUM;9992;14;;;;;10008;5;;;;;10000.5;0.0
45;6300;INTARIAN_PEPPER_ROOT;57997;11;57994;10;57993;23;58011;15;58014;10;58015;15;58004.5;0.0
45;6400;ASH_COATED_OSMIUM;9991;15;9989;11;9986;26;10007;20;10008;13;10009;15;9999.5;0.0
45;6400;INTARIAN_PEPPER_ROOT;57998;10;57997;8;;;58011;12;58013;12;;;58005.0;0.0
45;6500;ASH_COATED_OSMIUM;9990;14;9988;12;;;10006;13;10009;15;;;9998.5;0.0
45;6500;INTARIAN_PEPPER_ROOT;57999;12;57998;9;57995;11;58012;9;58015;11;58018;12;58005.5;0.0
45;6600;ASH_COATED_OSMIUM;9988;29;9987;15;9986;11;10004;10;10007;9;10008;11;9996.0;0.0
45;6600;INTARIAN_PEPPER_ROOT;58000;11;;;;;58016;11;;;;;58008.0;0.0
45;6700;ASH_COATED_OSMIUM;9990;14;;;;;10008;15;;;;;9999.0;0.0
45;6700;INTARIAN_PEPPER_ROOT;58001;18;57999;10;;;58012;11;58013;10;;;58006.5;0.0
45;6800;ASH_COATED_OSMIUM;9988;13;9986;11;;;10004;13;10005;10;;;9996.0;0.0
45;6800;INTARIAN_PEPPER_ROOT;58000;9;57998;9;;;58014;11;58016;11;;;58007.5;0.0
45;6900;ASH_COATED_OSMIUM;9989;25;9987;10;9985;10;10008;13;10010;11;10013;10;9998.5;0.0
45;6900;INTARIAN_PEPPER_ROOT;58000;11;57999;12;;;58011;12;58012;8;;;58005.5;0.0
45;7000;ASH_COATED_OSMIUM;9991;12;9989;15;;;10009;15;10011;29;;;10000.0;0.0
45;7000;INTARIAN_PEPPER_ROOT;58000;10;57998;9;;;58015;10;58017;17;;;58008.0;0.0
45;7100;ASH_COATED_OSMIUM;9985;22;9984;28;;;10001;12;10003;29;;;9993.5;0.0
45;7100;INTARIAN_PEPPER_ROOT;58000;12;57997;9;57994;11;58016;10;58018;12;58019;10;58008.0;0.0
45;7200;ASH_COATED_OSMIUM;9985;14;;;;;10001;12;;;;;9993.5;0.0
45;7200;INTARIAN_PEPPER_ROOT;58009;11;58007;12;;;58011;8;58014;9;;;58010.0;0.0
45;7300;ASH_COATED_OSMIUM;9993;10;9990;11;9988;10;10011;10;10014;14;10016;26;10002.0;0.0
45;7300;INTARIAN_PEPPER_ROOT;58001;10;58000;9;57998;9;58019;8;58021;12;58024;11;58010.0;0.0
45;7400;ASH_COATED_OSMIUM;9992;11;9990;11;;;10008;28;10009;13;;;10000.0;0.0
45;7400;INTARIAN_PEPPER_ROOT;57998;25;;;;;58013;18;;;;;58005.5;0.0
45;7500;ASH_COATED_OSMIUM;9994;13;9991;14;9988;12;10010;2;10012;13;10014;15;10002.0;0.0
45;7500;INTARIAN_PEPPER_ROOT;58000;12;57998;11;57996;15;58014;11;58016;6;58017;8;58007.5;0.0
45;7600;ASH_COATED_OSMIUM;9995;12;9994;11;;;10013;15;10015;11;;;10004.0;0.0
45;7600;INTARIAN_PEPPER_ROOT;58001;10;;;;;58017;11;;;;;58009.0;0.0
45;7700;ASH_COATED_OSMIUM;10000;12;9998;10;;;10006;14;10008;23;;;10003.5;0.0
45;7700;INTARIAN_PEPPER_ROOT;58003;10;58001;9;;;58018;23;58019;8;;;58011.0;0.0
45;7800;ASH_COATED_OSMIUM;9994;14;9992;13;9991;12;10010;13;10011;11;10014;14;10002.0;0.0
45;7800;INTARIAN_PEPPER_ROOT;58002;21;;;;;58018;9;;;;;58010.0;0.0
45;7900;ASH_COATED_OSMIUM;10000;15;;;;;10016;25;;;;;10008.0;0.0
45;7900;INTARIAN_PEPPER_ROOT;58003;10;58001;10;;;58019;8;58020;12;;;58011.0;0.0
45;8000;ASH_COATED_OSMIUM;9995;6;9992;14;;;10011;24;10013;14;;;10003.5;0.0
45;8000;INTARIAN_PEPPER_ROOT;58006;9;58003;10;58000;10;58018;23;58021;9;58023;9;58012.5;0.0
45;8100;ASH_COATED_OSMIUM;9997;15;9996;13;;;10015;30;10017;12;;;10006.5;0.0
45;8100;INTARIAN_PEPPER_ROOT;57997;10;57995;9;57994;12;58013;10;58014;11;58016;12;58005.5;0.0
45;8200;ASH_COATED_OSMIUM;9994;24;9993;12;9992;14;10013;15;10014;10;10015;12;10003.5;0.0
45;8200;INTARIAN_PEPPER_ROOT;58005;10;;;;;58016;11;;;;;58010.5;0.0
45;8300;ASH_COATED_OSMIUM;9991;29;9989;10;;;10012;12;10013;10;;;10002.0;0.0
45;8300;INTARIAN_PEPPER_ROOT;58003;11;58002;11;;;58018;8;58020;12;;;58011.0;0.0
45;8400;ASH_COATED_OSMIUM;9989;10;9988;10;;;10005;12;10008;11;;;9997.5;0.0
45;8400;INTARIAN_PEPPER_ROOT;58002;11;;;;;58014;9;;;;;58008.0;0.0
45;8500;ASH_COATED_OSMIUM;9983;12;;;;;10002;14;;;;;9993.0;0.0
45;8500;INTARIAN_PEPPER_ROOT;58004;12;58003;8;;;58018;22;58019;22;;;58011.5;0.0
45;8600;ASH_COATED_OSMIUM;9986;12;9983;12;9980;15;10004;15;10005;11;10006;12;9995.0;0.0
45;8600;INTARIAN_PEPPER_ROOT;58005;12;58004;10;;;58017;12;58018;8;;;58011.0;0.0
45;8700;ASH_COATED_OSMIUM;9988;13;9986;11;9984;3;10007;10;10010;14;10011;12;9998.0;0.0
45;8700;INTARIAN_PEPPER_ROOT;58003;18;58000;9;;;58015;12;58016;8;;;58009.0;0.0
45;8800;ASH_COATED_OSMIUM;9992;10;9990;15;;;10008;30;10011;15;;;10000.0;0.0
45;8800;INTARIAN_PEPPER_ROOT;58003;8;58001;23;57999;10;58015;19;58018;9;58020;12;58009.0;0.0
45;8900;ASH_COATED_OSMIUM;9992;10;;;;;10002;12;;;;;9997.5;0.0
45;8900;INTARIAN_PEPPER_ROOT;58001;10;;;;;58016;8;;;;;58008.5;0.0
45;9000;ASH_COATED_OSMIUM;9991;14;9988;11;;;10007;11;10008;24;;;9999.5;0.0
45;9000;INTARIAN_PEPPER_ROOT;58000;8;57999;8;;;58011;8;58012;9;;;58006.0;0.0
45;9100;ASH_COATED_OSMIUM;9986;11;9984;15;;;10004;10;10005;27;;;9995.5;0.0
45;9100;INTARIAN_PEPPER_ROOT;57999;12;57998;9;57997;11;58012;9;58015;11;58018;8;58006.0;0.0
45;9200;ASH_COATED_OSMIUM;9991;13;;;;;10007;14;;;;;9999.5;0.0
45;9200;INTARIAN_PEPPER_ROOT;58007;11;58004;9;58001;8;58021;10;58023;10;58026;10;58014.5;0.0
45;9300;ASH_COATED_OSMIUM;9989;12;9986;20;;;10007;11;10008;4;;;9998.5;0.0
45;9300;INTARIAN_PEPPER_ROOT;58001;10;57999;15;57998;12;58015;10;58016;12;58017;10;58008.0;0.0
45;9400;ASH_COATED_OSMIUM;9985;11;9984;24;9982;14;10001;14;10003;10;10004;4;9993.0;0.0
45;9400;INTARIAN_PEPPER_ROOT;58001;8;;;;;58013;10;;;;;58007.5;0.0
45;9500;ASH_COATED_OSMIUM;9987;10;9986;15;;;10003;11;10005;10;;;9995.0;0.0
45;9500;INTARIAN_PEPPER_ROOT;58004;16;58003;9;58000;12;58021;9;58024;10;58025;10;58013.0;0.0
45;9600;ASH_COATED_OSMIUM;9987;10;9985;15;9984;26;10003;12;10004;12;10005;10;9995.5;0.0
45;9600;INTARIAN_PEPPER_ROOT;58004;10;;;;;58016;5;;;;;58010.0;0.0
45;9700;ASH_COATED_OSMIUM;9988;13;9987;14;;;10004;13;10005;5;;;9996.0;0.0
45;9700;INTARIAN_PEPPER_ROOT;58003;11;58002;21;;;58014;9;58015;9;;;58009.0;0.0
45;9800;ASH_COATED_OSMIUM;9988;14;9987;12;9984;12;10004;15;10005;12;10007;26;9996.0;0.0
45;9800;INTARIAN_PEPPER_ROOT;57999;9;57998;10;;;58014;9;58015;20;;;58007.0;0.0
45;9900;ASH_COATED_OSMIUM;9989;15;;;;;10007;29;;;;;9998.5;0.0
45;9900;INTARIAN_PEPPER_ROOT;58002;9;;;;;58019;9;;;;;58011.0;0.0
45;10000;ASH_COATED_OSMIUM;9988;4;9985;15;9982;26;10004;10;10007;15;10008;12;9996.0;0.0
45;10000;INTARIAN_PEPPER_ROOT;58002;8;58000;18;;;58016;9;58018;11;;;58009.5;0.0
45;10100;ASH_COATED_OSMIUM;9983;20;;;;;10004;15;;;;;9994.0;0.0
45;10100;INTARIAN_PEPPER_ROOT;58010;25;58009;20;;;58022;9;58023;9;;;58016.0;0.0
45;10200;ASH_COATED_OSMIUM;9993;10;9992;15;;;9999;28;10000;15;;;9996.5;0.0
45;10200;INTARIAN_PEPPER_ROOT;58008;10;58005;10;;;58011;18;58014;11;;;58010.0;0.0
45;10300;ASH_COATED_OSMIUM;9989;8;9988;14;9986;14;10005;14;10006;13;10009;15;9997.0;0.0
45;10300;INTARIAN_PEPPER_ROOT;58001;11;58000;8;;;58015;11;58018;11;;;58008.0;0.0
45;10400;ASH_COATED_OSMIUM;9992;13;;;;;10008;15;;;;;10000.0;0.0
45;10400;INTARIAN_PEPPER_ROOT;58002;18;;;;;58016;8;;;;;58009.5;0.0
45;10500;ASH_COATED_OSMIUM;9993;20;;;;;10009;10;;;;;10001.0;0.0
45;10500;INTARIAN_PEPPER_ROOT;58005;8;58004;5;;;58016;11;58019;8;;;58010.5;0.0
45;10600;ASH_COATED_OSMIUM;9994;11;;;;;10010;11;;;;;10002.0;0.0
45;10600;INTARIAN_PEPPER_ROOT;58006;12;;;;;58018;12;;;;;58012.0;0.0
45;10700;ASH_COATED_OSMIUM;9998;12;9995;27;;;10014;10;10016;12;;;10006.0;0.0
45;10700;INTARIAN_PEPPER_ROOT;58005;16;58004;18;;;58016;10;58018;11;;;58011.0;0.0
45;10800;ASH_COATED_OSMIUM;9998;15;9995;15;;;10014;15;10016;11;;;10006.0;0.0
45;10800;INTARIAN_PEPPER_ROOT;58003;11;58000;9;57997;8;58016;8;58019;9;58020;11;58009.5;0.0
45;10900;ASH_COATED_OSMIUM;10003;14;10001;14;9998;14;10019;12;10022;5;10025;15;10011.5;0.0
45;10900;INTARIAN_PEPPER_ROOT;58006;8;58005;11;;;58018;10;58019;12;;;58012.5;0.0
45;11000;ASH_COATED_OSMIUM;9999;15;9997;12;;;10015;10;10018;13;;;10007.5;0.0
45;11000;INTARIAN_PEPPER_ROOT;58005;19;58002;9;;;58017;10;58020;9;;;58011.0;0.0
45;11100;ASH_COATED_OSMIUM;9997;12;9994;27;9993;13;10006;4;10007;14;10009;22;10002.0;0.0
45;11100;INTARIAN_PEPPER_ROOT;58004;9;;;;;58018;10;;;;;58011.0;0.0
45;11200;ASH_COATED_OSMIUM;9996;11;9993;14;;;10012;11;10013;24;;;10004.0;0.0
45;11200;INTARIAN_PEPPER_ROOT;58005;9;58004;8;58001;12;58017;8;58020;9;58022;9;58011.0;0.0
45;11300;ASH_COATED_OSMIUM;9992;14;9989;11;;;10003;11;10005;22;;;9997.5;0.0
45;11300;INTARIAN_PEPPER_ROOT;58008;12;58006;9;58004;12;58020;8;58021;11;58024;12;58014.0;0.0
45;11400;ASH_COATED_OSMIUM;9985;11;9982;12;9980;14;10004;15;10005;12;10008;13;9994.5;0.0
45;11400;INTARIAN_PEPPER_ROOT;58004;15;58001;9;;;58018;11;58021;8;;;58011.5;0.0
45;11500;ASH_COATED_OSMIUM;9990;13;9988;10;;;10006;14;10009;12;;;9998.0;0.0
45;11500;INTARIAN_PEPPER_ROOT;58003;11;58000;9;;;58019;11;58020;8;;;58011.0;0.0
45;11600;ASH_COATED_OSMIUM;9985;14;9984;12;;;10001;12;10004;15;;;9993.5;0.0
45;11600;INTARIAN_PEPPER_ROOT;58002;10;58001;11;;;58018;9;58021;9;;;58010.0;0.0
45;11700;ASH_COATED_OSMIUM;9992;13;9991;10;;;10002;10;10004;13;;;9997.0;0.0
45;11700;INTARIAN_PEPPER_ROOT;58003;11;58001;22;;;58016;10;58017;9;;;58009.5;0.0
45;11800;ASH_COATED_OSMIUM;9977;11;;;;;9995;10;;;;;9986.5;0.0
45;11800;INTARIAN_PEPPER_ROOT;58003;11;58002;12;;;58019;8;58022;16;;;58011.0;0.0
45;11900;ASH_COATED_OSMIUM;9984;30;9981;10;9978;29;9989;15;9992;28;9993;11;9987.0;0.0
45;11900;INTARIAN_PEPPER_ROOT;58001;12;57998;8;;;58018;9;58020;11;;;58009.5;0.0
45;12000;ASH_COATED_OSMIUM;9980;14;9979;13;9976;14;9999;12;10001;11;10003;13;9990.0;0.0
45;12000;INTARIAN_PEPPER_ROOT;58006;21;58005;11;;;58018;8;58021;9;;;58012.5;0.0
45;12100;ASH_COATED_OSMIUM;9987;15;9985;13;9984;11;10003;12;10006;11;10008;14;9995.5;0.0
45;12100;INTARIAN_PEPPER_ROOT;58004;10;58002;8;;;58020;9;58022;9;;;58012.5;0.0
45;12200;ASH_COATED_OSMIUM;9992;14;9991;15;;;10010;23;10013;15;;;10001.5;0.0
45;12200;INTARIAN_PEPPER_ROOT;58008;9;;;;;58013;10;;;;;58010.5;0.0
45;12300;ASH_COATED_OSMIUM;9989;14;9988;13;9985;12;10007;15;10010;15;10011;30;9998.5;0.0
45;12300;INTARIAN_PEPPER_ROOT;58005;10;58004;8;58002;12;58016;10;58018;8;58021;10;58011.0;0.0
45;12400;ASH_COATED_OSMIUM;9995;12;9994;14;9993;12;10014;28;10016;10;10017;13;10004.5;0.0
45;12400;INTARIAN_PEPPER_ROOT;58003;10;58000;8;;;58018;12;58019;10;;;58011.0;0.0
45;12500;ASH_COATED_OSMIUM;9998;13;;;;;10009;11;;;;;10003.5;0.0
45;12500;INTARIAN_PEPPER_ROOT;58004;12;58003;11;58002;8;58018;8;58021;8;58024;9;58011.0;0.0
45;12600;ASH_COATED_OSMIUM;9992;15;9989;14;9988;12;10008;15;10009;15;10012;11;10000.5;0.0
45;12600;INTARIAN_PEPPER_ROOT;58002;23;58000;10;57998;8;58017;8;58020;6;58023;8;58010.0;0.0
45;12700;ASH_COATED_OSMIUM;9994;3;9993;14;9990;14;10010;23;10013;10;10016;13;10002.5;0.0
45;12700;INTARIAN_PEPPER_ROOT;58007;11;58006;12;58003;10;58021;9;58024;8;58026;8;58014.0;0.0
45;12800;ASH_COATED_OSMIUM;9998;12;9996;13;;;10008;21;10010;10;;;10003.0;0.0
45;12800;INTARIAN_PEPPER_ROOT;58006;12;58004;9;;;58020;9;58022;16;;;58013.5;0.0
45;12900;ASH_COATED_OSMIUM;9986;15;9984;25;;;10004;15;10007;14;;;9995.5;0.0
45;12900;INTARIAN_PEPPER_ROOT;58009;10;58007;21;58005;12;58022;12;58023;10;58025;9;58015.5;0.0
45;13000;ASH_COATED_OSMIUM;9990;10;;;;;10006;12;;;;;9998.0;0.0
45;13000;INTARIAN_PEPPER_ROOT;58004;9;58002;12;58000;8;58016;12;58019;10;58020;10;58010.5;0.0
45;13100;ASH_COATED_OSMIUM;9986;28;9983;12;9981;5;10002;27;10003;11;10005;13;9994.0;0.0
45;13100;INTARIAN_PEPPER_ROOT;58006;17;;;;;58020;8;;;;;58013.0;0.0
45;13200;ASH_COATED_OSMIUM;9992;15;9990;14;9989;13;10011;13;10014;12;10017;11;10001.5;0.0
45;13200;INTARIAN_PEPPER_ROOT;58004;9;58003;12;58000;11;58018;10;58020;9;58022;9;58011.0;0.0
45;13300;ASH_COATED_OSMIUM;9989;10;;;;;10008;23;;;;;9998.5;0.0
45;13300;INTARIAN_PEPPER_ROOT;58010;16;;;;;58023;11;;;;;58017.0;0.0
45;13400;ASH_COATED_OSMIUM;9988;24;9985;12;;;10004;11;10006;12;;;9996.5;0.0
45;13400;INTARIAN_PEPPER_ROOT;58005;4;58002;10;;;58018;8;58019;9;;;58011.5;0.0
45;13500;ASH_COATED_OSMIUM;9987;13;9986;29;;;9995;15;9997;10;;;9991.0;0.0
45;13500;INTARIAN_PEPPER_ROOT;58006;11;;;;;58020;8;;;;;58013.0;0.0
45;13600;ASH_COATED_OSMIUM;9985;12;9983;10;9981;21;10001;13;10002;11;10003;15;9993.0;0.0
45;13600;INTARIAN_PEPPER_ROOT;58009;8;;;;;58021;10;;;;;58015.5;0.0
45;13700;ASH_COATED_OSMIUM;9989;14;;;;;10005;11;;;;;9997.5;0.0
45;13700;INTARIAN_PEPPER_ROOT;58006;17;58003;18;;;58019;20;58022;9;;;58013.0;0.0
45;13800;ASH_COATED_OSMIUM;9995;28;;;;;10011;14;;;;;10003.0;0.0
45;13800;INTARIAN_PEPPER_ROOT;58011;11;58010;11;;;58016;12;58018;17;;;58013.5;0.0
45;13900;ASH_COATED_OSMIUM;9992;14;;;;;10001;15;;;;;9997.0;0.0
45;13900;INTARIAN_PEPPER_ROOT;58010;20;58008;25;58007;9;58021;11;58023;9;58025;8;58016.0;0.0
45;14000;ASH_COATED_OSMIUM;9987;15;9984;10;9982;14;10003;2;10005;14;10008;25;9995.0;0.0
45;14000;INTARIAN_PEPPER_ROOT;58004;10;58002;12;;;58017;12;58020;10;;;58011.0;0.0
45;14100;ASH_COATED_OSMIUM;9990;11;9989;10;9987;12;10009;11;10011;7;10014;13;9999.5;0.0
45;14100;INTARIAN_PEPPER_ROOT;58005;10;58003;12;58000;10;58020;11;58022;8;58025;9;58013.0;0.0
45;14200;ASH_COATED_OSMIUM;9991;15;9990;12;9989;15;10009;10;10012;25;10015;23;10000.5;0.0
45;14200;INTARIAN_PEPPER_ROOT;58007;10;;;;;58020;11;;;;;58013.5;0.0
45;14300;ASH_COATED_OSMIUM;9993;12;;;;;10009;14;;;;;10001.0;0.0
45;14300;INTARIAN_PEPPER_ROOT;58004;9;58003;11;58002;22;58018;11;58020;9;58021;15;58011.0;0.0
45;14400;ASH_COATED_OSMIUM;9997;13;;;;;10013;10;;;;;10005.5;0.0
45;14400;INTARIAN_PEPPER_ROOT;58003;9;;;;;58017;10;;;;;58010.0;0.0
45;14500;ASH_COATED_OSMIUM;10002;12;10000;11;;;10018;14;10020;20;;;10010.0;0.0
45;14500;INTARIAN_PEPPER_ROOT;58010;12;58008;11;58006;10;58022;12;58024;11;58025;10;58016.0;0.0
45;14600;ASH_COATED_OSMIUM;9993;15;9992;12;;;10009;10;10012;12;;;10001.5;0.0
45;14600;INTARIAN_PEPPER_ROOT;58007;8;58006;12;58005;9;58021;11;58023;10;58024;24;58014.5;0.0
45;14700;ASH_COATED_OSMIUM;9993;11;9992;13;9990;14;10009;10;10010;13;10013;13;10001.5;0.0
45;14700;INTARIAN_PEPPER_ROOT;58012;12;;;;;58023;5;;;;;58018.0;0.0
45;14800;ASH_COATED_OSMIUM;9993;24;9991;14;9988;13;10012;10;10014;14;10017;13;10002.5;0.0
45;14800;INTARIAN_PEPPER_ROOT;58005;25;58004;9;58003;16;58021;9;58023;11;58025;9;58013.5;0.0
45;14900;ASH_COATED_OSMIUM;9992;10;9991;10;;;10008;2;10011;4;;;10000.0;0.0
45;14900;INTARIAN_PEPPER_ROOT;58011;19;;;;;58025;10;;;;;58018.5;0.0
45;15000;ASH_COATED_OSMIUM;9988;15;9986;11;;;10006;15;10007;29;;;9997.5;0.0
45;15000;INTARIAN_PEPPER_ROOT;58005;8;58003;8;;;58019;20;58022;10;;;58012.5;0.0
45;15100;ASH_COATED_OSMIUM;9990;23;9989;10;;;10006;10;10008;30;;;9998.0;0.0
45;15100;INTARIAN_PEPPER_ROOT;58008;23;58007;10;;;58021;10;58023;10;;;58015.0;0.0
45;15200;ASH_COATED_OSMIUM;9989;10;9988;28;;;10000;15;10002;15;;;9995.0;0.0
45;15200;INTARIAN_PEPPER_ROOT;58001;9;;;;;58018;21;;;;;58010.0;0.0
45;15300;ASH_COATED_OSMIUM;9985;27;9984;15;;;10001;14;10004;12;;;9993.5;0.0
45;15300;INTARIAN_PEPPER_ROOT;58006;11;58004;16;;;58023;8;58026;12;;;58014.5;0.0
45;15400;ASH_COATED_OSMIUM;9990;15;9989;13;;;10006;15;10009;11;;;9998.5;0.0
45;15400;INTARIAN_PEPPER_ROOT;58013;8;58010;9;;;58024;12;58026;10;;;58018.5;0.0
45;15500;ASH_COATED_OSMIUM;9988;10;;;;;10007;10;;;;;9997.5;0.0
45;15500;INTARIAN_PEPPER_ROOT;58011;12;58009;10;;;58024;20;58027;9;;;58017.5;0.0
45;15600;ASH_COATED_OSMIUM;9990;12;9987;13;9986;13;10009;22;10011;15;10013;15;9999.5;0.0
45;15600;INTARIAN_PEPPER_ROOT;58008;11;58005;9;58002;11;58020;9;58022;11;58023;8;58014.0;0.0
45;15700;ASH_COATED_OSMIUM;9989;11;9988;2;9985;5;10007;15;10008;21;10011;15;9998.5;0.0
45;15700;INTARIAN_PEPPER_ROOT;58013;12;;;;;58024;11;;;;;58019.0;0.0
45;15800;ASH_COATED_OSMIUM;9990;10;9987;11;;;10009;12;10012;15;;;10000.0;0.0
45;15800;INTARIAN_PEPPER_ROOT;58011;23;58009;9;;;58025;12;58027;11;;;58018.5;0.0
45;15900;ASH_COATED_OSMIUM;9992;11;;;;;10013;15;;;;;10003.0;0.0
45;15900;INTARIAN_PEPPER_ROOT;58015;12;58014;10;58011;10;58021;12;58024;19;58025;11;58018.0;0.0
45;16000;ASH_COATED_OSMIUM;9991;26;9990;10;;;10007;12;10008;26;;;9999.0;0.0
45;16000;INTARIAN_PEPPER_ROOT;58008;6;;;;;58023;11;;;;;58015.5;0.0
45;16100;ASH_COATED_OSMIUM;9990;15;;;;;10006;27;;;;;9998.0;0.0
45;16100;INTARIAN_PEPPER_ROOT;58014;11;58013;21;58011;8;58017;9;58020;8;58023;10;58016.0;0.0
45;16200;ASH_COATED_OSMIUM;9990;14;9989;14;9987;11;10008;13;10009;12;10010;11;9999.5;0.0
45;16200;INTARIAN_PEPPER_ROOT;58008;23;;;;;58023;12;;;;;58016.0;0.0
45;16300;ASH_COATED_OSMIUM;9991;13;9988;11;9985;14;10007;14;10009;14;10012;14;9999.0;0.0
45;16300;INTARIAN_PEPPER_ROOT;58012;11;58009;8;58006;9;58026;9;58028;19;58029;8;58019.0;0.0
45;16400;ASH_COATED_OSMIUM;9990;11;9987;21;9985;4;10006;11;10009;11;10010;10;9998.0;0.0
45;16400;INTARIAN_PEPPER_ROOT;58009;11;58007;8;58004;10;58024;11;58025;10;58027;11;58016.5;0.0
45;16500;ASH_COATED_OSMIUM;9992;10;9990;11;;;10008;15;10009;22;;;10000.5;0.0
45;16500;INTARIAN_PEPPER_ROOT;58009;11;58007;12;58006;12;58022;8;58025;12;58026;11;58016.0;0.0
45;16600;ASH_COATED_OSMIUM;9994;12;9991;23;;;10010;13;10011;13;;;10002.0;0.0
45;16600;INTARIAN_PEPPER_ROOT;58012;8;58010;8;;;58025;9;58026;8;;;58018.5;0.0
45;16700;ASH_COATED_OSMIUM;9991;20;9990;13;;;10007;11;10008;12;;;9999.0;0.0
45;16700;INTARIAN_PEPPER_ROOT;58007;8;;;;;58025;8;;;;;58016.5;0.0
45;16800;ASH_COATED_OSMIUM;9988;10;9986;11;9983;13;10004;24;10005;13;10008;14;9996.0;0.0
45;16800;INTARIAN_PEPPER_ROOT;58014;10;58012;20;58010;15;58026;23;58027;11;58028;11;58020.0;0.0
45;16900;ASH_COATED_OSMIUM;9996;20;9993;15;9992;14;10012;11;10014;7;10015;10;10004.5;0.0
45;16900;INTARIAN_PEPPER_ROOT;58008;8;;;;;58025;10;;;;;58016.5;0.0
45;17000;ASH_COATED_OSMIUM;9992;11;9991;11;9990;15;10008;14;10011;12;10012;15;10000.0;0.0
45;17000;INTARIAN_PEPPER_ROOT;58009;8;;;;;58022;8;;;;;58015.5;0.0
45;17100;ASH_COATED_OSMIUM;9989;15;9988;21;;;10005;11;10008;13;;;9997.5;0.0
45;17100;INTARIAN_PEPPER_ROOT;58009;22;58007;3;58005;23;58020;11;58021;11;58022;8;58014.5;0.0
45;17200;ASH_COATED_OSMIUM;9995;12;9993;12;;;10011;12;10013;11;;;10003.5;0.0
45;17200;INTARIAN_PEPPER_ROOT;58010;9;58008;12;;;58023;25;58025;22;;;58016.5;0.0
45;17300;ASH_COATED_OSMIUM;10001;27;9999;13;;;10017;10;10018;13;;;10009.5;0.0
45;17300;INTARIAN_PEPPER_ROOT;58012;11;58011;19;58008;24;58026;10;58029;9;58030;10;58019.5;0.0
45;17400;ASH_COATED_OSMIUM;9993;20;9991;14;;;10012;10;10015;14;;;10003.0;0.0
45;17400;INTARIAN_PEPPER_ROOT;58013;18;58012;16;;;58025;10;58027;8;;;58019.0;0.0
45;17500;ASH_COATED_OSMIUM;9996;10;9993;15;;;10012;4;10015;11;;;10004.5;0.0
45;17500;INTARIAN_PEPPER_ROOT;58010;8;58007;9;58004;21;58024;8;58026;9;58028;19;58017.5;0.0
45;17600;ASH_COATED_OSMIUM;9992;10;9989;11;9988;24;10011;13;10013;15;10014;13;10002.0;0.0
45;17600;INTARIAN_PEPPER_ROOT;58007;25;58005;9;;;58022;9;58024;10;;;58015.0;0.0
45;17700;ASH_COATED_OSMIUM;9995;10;9992;15;;;10011;15;10013;30;;;10003.0;0.0
45;17700;INTARIAN_PEPPER_ROOT;58012;11;58010;10;58009;12;58025;12;58026;11;58028;8;58019.0;0.0
45;17800;ASH_COATED_OSMIUM;9993;22;9990;20;;;10009;12;10012;23;;;10001.5;0.0
45;17800;INTARIAN_PEPPER_ROOT;58010;10;58008;8;;;58023;12;58026;12;;;58017.0;0.0
45;17900;ASH_COATED_OSMIUM;9988;10;9986;15;;;10004;11;10005;14;;;9996.5;0.0
45;17900;INTARIAN_PEPPER_ROOT;58008;12;58006;9;;;58020;15;58023;25;;;58014.0;0.0
45;18000;ASH_COATED_OSMIUM;9987;22;9985;11;;;10006;11;10009;15;;;9997.0;0.0
45;18000;INTARIAN_PEPPER_ROOT;58014;8;58011;21;58008;12;58026;19;58027;10;58030;10;58020.0;0.0
45;18100;ASH_COATED_OSMIUM;9990;15;9988;20;;;10009;12;10010;11;;;10000.0;0.0
45;18100;INTARIAN_PEPPER_ROOT;58011;12;58010;11;58007;10;58028;11;58031;12;58034;19;58019.5;0.0
45;18200;ASH_COATED_OSMIUM;9993;10;9992;15;;;9998;12;9999;23;;;9995.5;0.0
45;18200;INTARIAN_PEPPER_ROOT;58010;8;58007;10;;;58028;8;58030;8;;;58019.0;0.0
45;18300;ASH_COATED_OSMIUM;9987;15;9986;13;9985;15;10003;14;10006;14;10009;30;9995.0;0.0
45;18300;INTARIAN_PEPPER_ROOT;58008;8;58006;8;;;58022;12;58025;10;;;58015.5;0.0
45;18400;ASH_COATED_OSMIUM;9988;14;;;;;10004;13;;;;;9996.5;0.0
45;18400;INTARIAN_PEPPER_ROOT;58012;10;58011;11;58009;8;58028;25;58031;11;58034;9;58020.5;0.0
45;18500;ASH_COATED_OSMIUM;9984;13;;;;;10003;11;;;;;9994.0;0.0
45;18500;INTARIAN_PEPPER_ROOT;58015;11;58012;9;;;58029;18;58032;8;;;58022.0;0.0
45;18600;ASH_COATED_OSMIUM;9992;27;9989;10;9986;10;10011;12;10014;11;10015;10;10001.5;0.0
45;18600;INTARIAN_PEPPER_ROOT;58015;12;58012;9;;;58028;8;58031;11;;;58021.5;0.0
45;18700;ASH_COATED_OSMIUM;9993;11;;;;;10009;10;;;;;10001.0;0.0
45;18700;INTARIAN_PEPPER_ROOT;58012;8;58009;12;;;58023;8;58026;16;;;58017.5;0.0
45;18800;ASH_COATED_OSMIUM;9990;28;9988;13;;;10006;10;10008;14;;;9998.0;0.0
45;18800;INTARIAN_PEPPER_ROOT;58014;12;;;;;58025;11;;;;;58020.0;0.0
45;18900;ASH_COATED_OSMIUM;9983;15;9980;14;9978;10;10001;12;10003;10;10006;15;9992.5;0.0
45;18900;INTARIAN_PEPPER_ROOT;58012;8;58011;9;58009;17;58024;25;58025;11;58026;10;58018.0;0.0
45;19000;ASH_COATED_OSMIUM;9982;10;9980;15;9979;10;9998;14;10000;21;10001;14;9990.0;0.0
45;19000;INTARIAN_PEPPER_ROOT;58015;12;58012;24;58009;11;58028;17;58030;24;58032;9;58022.0;0.0
45;19100;ASH_COATED_OSMIUM;9986;12;9983;12;;;10002;12;10005;11;;;9994.0;0.0
45;19100;INTARIAN_PEPPER_ROOT;58010;10;58009;8;;;58027;12;58028;10;;;58019.0;0.0
45;19200;ASH_COATED_OSMIUM;9989;11;;;;;10005;11;;;;;9997.0;0.0
45;19200;INTARIAN_PEPPER_ROOT;58007;12;58004;9;;;58020;9;58021;20;;;58014.0;0.0
45;19300;ASH_COATED_OSMIUM;9991;11;9990;12;;;10007;24;10010;29;;;9999.5;0.0
45;19300;INTARIAN_PEPPER_ROOT;58014;10;;;;;58027;24;;;;;58021.0;0.0
45;19400;ASH_COATED_OSMIUM;9996;26;9994;11;;;10012;11;10015;14;;;10004.0;0.0
45;19400;INTARIAN_PEPPER_ROOT;58015;8;;;;;58027;9;;;;;58021.0;0.0
45;19500;ASH_COATED_OSMIUM;9995;12;;;;;10014;13;;;;;10005.0;0.0
45;19500;INTARIAN_PEPPER_ROOT;58009;11;58006;11;58003;10;58022;21;58025;11;58027;8;58015.5;0.0
45;19600;ASH_COATED_OSMIUM;9996;15;;;;;10015;15;;;;;10005.5;0.0
45;19600;INTARIAN_PEPPER_ROOT;58011;10;58010;9;;;58024;23;58026;8;;;58017.5;0.0
45;19700;ASH_COATED_OSMIUM;9995;14;9992;24;9990;23;10014;15;10015;27;10017;12;10005.0;0.0
45;19700;INTARIAN_PEPPER_ROOT;58015;11;58013;11;;;58028;9;58031;11;;;58022.0;0.0
45;19800;ASH_COATED_OSMIUM;9990;12;;;;;10011;13;;;;;10000.5;0.0
45;19800;INTARIAN_PEPPER_ROOT;58010;12;;;;;58023;12;;;;;58017.0;0.0
45;19900;ASH_COATED_OSMIUM;9989;20;9986;14;9985;12;10005;15;10008;12;10009;11;9997.0;0.0
45;19900;INTARIAN_PEPPER_ROOT;58013;8;58011;10;58010;12;58028;11;58029;8;58031;9;58021.0;0.0
45;20000;ASH_COATED_OSMIUM;9990;14;9988;12;;;10006;13;10009;13;;;9998.5;0.0
45;20000;INTARIAN_PEPPER_ROOT;58017;8;58016;11;;;58028;10;58030;10;;;58023.0;0.0
45;20100;ASH_COATED_OSMIUM;9992;10;9991;14;;;10011;29;10012;23;;;10002.0;0.0
45;20100;INTARIAN_PEPPER_ROOT;58015;10;58012;12;58010;12;58028;11;58031;12;58034;9;58021.5;0.0
45;20200;ASH_COATED_OSMIUM;9998;13;;;;;10014;12;;;;;10006.0;0.0
45;20200;INTARIAN_PEPPER_ROOT;58016;16;58015;11;;;58029;23;58031;9;;;58022.5;0.0
45;20300;ASH_COATED_OSMIUM;9997;20;9996;10;9993;14;10013;10;10015;27;10016;12;10005.0;0.0
45;20300;INTARIAN_PEPPER_ROOT;58014;12;;;;;58027;8;;;;;58021.0;0.0
45;20400;ASH_COATED_OSMIUM;9999;24;9996;14;9993;10;10015;10;10017;10;10018;22;10007.0;0.0
45;20400;INTARIAN_PEPPER_ROOT;58018;12;58015;25;;;58021;10;58024;12;;;58019.5;0.0
45;20500;ASH_COATED_OSMIUM;9994;14;;;;;10010;13;;;;;10002.5;0.0
45;20500;INTARIAN_PEPPER_ROOT;58010;9;58008;12;;;58024;8;58026;17;;;58017.0;0.0
45;20600;ASH_COATED_OSMIUM;9992;14;;;;;10008;27;;;;;10000.0;0.0
45;20600;INTARIAN_PEPPER_ROOT;58017;12;58016;11;58015;12;58028;9;58031;24;58033;11;58022.5;0.0
45;20700;ASH_COATED_OSMIUM;9989;11;;;;;10005;11;;;;;9997.5;0.0
45;20700;INTARIAN_PEPPER_ROOT;58011;9;58010;11;58007;10;58026;12;58028;8;58029;9;58019.0;0.0
45;20800;ASH_COATED_OSMIUM;9985;20;9982;30;;;10001;11;10003;13;;;9993.5;0.0
45;20800;INTARIAN_PEPPER_ROOT;58014;8;58012;20;;;58028;19;58031;9;;;58021.0;0.0
45;20900;ASH_COATED_OSMIUM;9992;21;9991;12;;;10008;15;10009;14;;;10000.0;0.0
45;20900;INTARIAN_PEPPER_ROOT;58017;8;;;;;58031;9;;;;;58024.5;0.0
45;21000;ASH_COATED_OSMIUM;9993;12;;;;;10009;13;;;;;10001.5;0.0
45;21000;INTARIAN_PEPPER_ROOT;58013;10;;;;;58025;7;;;;;58019.5;0.0
45;21100;ASH_COATED_OSMIUM;9995;10;9992;10;;;10004;26;10006;13;;;10000.0;0.0
45;21100;INTARIAN_PEPPER_ROOT;58010;8;58008;8;58005;8;58026;9;58027;9;58030;20;58018.5;0.0
45;21200;ASH_COATED_OSMIUM;9988;24;;;;;9995;12;;;;;9991.5;0.0
45;21200;INTARIAN_PEPPER_ROOT;58011;10;;;;;58024;11;;;;;58017.5;0.0
45;21300;ASH_COATED_OSMIUM;9985;13;9984;11;;;9991;11;9994;29;;;9988.5;0.0
45;21300;INTARIAN_PEPPER_ROOT;58015;12;58013;10;;;58028;11;58031;8;;;58022.0;0.0
45;21400;ASH_COATED_OSMIUM;9981;13;9978;12;;;9997;15;10000;12;;;9989.5;0.0
45;21400;INTARIAN_PEPPER_ROOT;58020;12;;;;;58033;10;;;;;58026.5;0.0
45;21500;ASH_COATED_OSMIUM;9980;27;9977;13;;;9998;27;10001;12;;;9989.0;0.0
45;21500;INTARIAN_PEPPER_ROOT;58015;8;;;;;58028;8;;;;;58022.0;0.0
45;21600;ASH_COATED_OSMIUM;9978;12;9977;15;;;9994;30;9997;10;;;9986.5;0.0
45;21600;INTARIAN_PEPPER_ROOT;58021;10;58018;8;;;58033;9;58034;15;;;58027.5;0.0
45;21700;ASH_COATED_OSMIUM;9978;10;;;;;9996;14;;;;;9987.5;0.0
45;21700;INTARIAN_PEPPER_ROOT;58010;9;;;;;58026;12;;;;;58018.5;0.0
45;21800;ASH_COATED_OSMIUM;9979;14;;;;;9997;20;;;;;9988.0;0.0
45;21800;INTARIAN_PEPPER_ROOT;58013;10;58010;9;58008;11;58025;9;58028;8;58031;10;58019.5;0.0
45;21900;ASH_COATED_OSMIUM;9981;14;9980;14;9979;15;9997;13;9999;10;10001;10;9989.0;0.0
45;21900;INTARIAN_PEPPER_ROOT;58021;8;;;;;58028;18;;;;;58025.0;0.0
45;22000;ASH_COATED_OSMIUM;9984;15;9981;12;9980;12;10000;13;10002;11;10005;20;9992.0;0.0
45;22000;INTARIAN_PEPPER_ROOT;58016;11;58014;9;;;58028;8;58031;12;;;58022.0;0.0
45;22100;ASH_COATED_OSMIUM;9987;15;9986;13;;;10006;14;10007;11;;;9996.5;0.0
45;22100;INTARIAN_PEPPER_ROOT;58015;9;58013;10;;;58028;22;58029;10;;;58021.5;0.0
45;22200;ASH_COATED_OSMIUM;9995;13;;;;;10011;15;;;;;10003.0;0.0
45;22200;INTARIAN_PEPPER_ROOT;58017;7;;;;;58030;9;;;;;58024.0;0.0
45;22300;ASH_COATED_OSMIUM;9992;5;;;;;10010;13;;;;;10001.5;0.0
45;22300;INTARIAN_PEPPER_ROOT;58016;10;58014;10;58012;11;58027;10;58030;11;58031;9;58021.5;0.0
45;22400;ASH_COATED_OSMIUM;9983;11;9982;13;;;10002;12;10003;14;;;9992.5;0.0
45;22400;INTARIAN_PEPPER_ROOT;58017;11;58014;20;;;58031;9;58034;22;;;58024.0;0.0
45;22500;ASH_COATED_OSMIUM;9992;11;;;;;10008;14;;;;;10000.0;0.0
45;22500;INTARIAN_PEPPER_ROOT;58017;15;58014;12;58013;12;58028;8;58030;8;58032;9;58023.0;0.0
45;22600;ASH_COATED_OSMIUM;9998;12;9996;14;;;10014;23;10017;13;;;10006.5;0.0
45;22600;INTARIAN_PEPPER_ROOT;58013;11;58011;8;;;58029;10;58030;12;;;58021.0;0.0
45;22700;ASH_COATED_OSMIUM;9995;12;9993;13;;;10014;12;10017;15;;;10004.5;0.0
45;22700;INTARIAN_PEPPER_ROOT;58016;10;58014;8;;;58030;12;58033;10;;;58023.5;0.0
45;22800;ASH_COATED_OSMIUM;9996;13;;;;;10012;26;;;;;10004.0;0.0
45;22800;INTARIAN_PEPPER_ROOT;58013;22;;;;;58028;10;;;;;58021.0;0.0
45;22900;ASH_COATED_OSMIUM;9995;10;9992;15;9990;24;10011;10;10014;14;10016;10;10003.0;0.0
45;22900;INTARIAN_PEPPER_ROOT;58020;8;58018;10;;;58023;3;58025;10;;;58022.0;0.0
45;23000;ASH_COATED_OSMIUM;9995;2;;;;;10011;12;;;;;10003.5;0.0
45;23000;INTARIAN_PEPPER_ROOT;58018;10;58016;12;58015;11;58031;12;58033;10;58036;24;58024.5;0.0
45;23100;ASH_COATED_OSMIUM;9993;11;;;;;10012;10;;;;;10003.0;0.0
45;23100;INTARIAN_PEPPER_ROOT;58014;8;58013;11;;;58031;8;58032;8;;;58022.5;0.0
45;23200;ASH_COATED_OSMIUM;9992;14;9989;15;;;10008;15;10009;15;;;10000.5;0.0
45;23200;INTARIAN_PEPPER_ROOT;58017;12;58016;15;;;58030;10;58031;10;;;58023.5;0.0
45;23300;ASH_COATED_OSMIUM;9993;13;;;;;10012;12;;;;;10002.5;0.0
45;23300;INTARIAN_PEPPER_ROOT;58017;12;;;;;58033;8;;;;;58025.5;0.0
45;23400;ASH_COATED_OSMIUM;9998;21;;;;;10014;12;;;;;10006.0;0.0
45;23400;INTARIAN_PEPPER_ROOT;58016;11;;;;;58029;8;;;;;58022.5;0.0
45;23500;ASH_COATED_OSMIUM;9994;12;9992;11;;;10010;11;10012;15;;;10002.5;0.0
45;23500;INTARIAN_PEPPER_ROOT;58018;9;58015;8;;;58031;22;58034;12;;;58024.5;0.0
45;23600;ASH_COATED_OSMIUM;9995;11;9994;5;9992;14;10011;26;10014;10;10015;12;10003.0;0.0
45;23600;INTARIAN_PEPPER_ROOT;58016;19;;;;;58032;8;;;;;58024.5;0.0
45;23700;ASH_COATED_OSMIUM;10001;13;;;;;10017;15;;;;;10009.0;0.0
45;23700;INTARIAN_PEPPER_ROOT;58019;9;;;;;58031;12;;;;;58025.5;0.0
45;23800;ASH_COATED_OSMIUM;10001;15;;;;;10017;13;;;;;10009.5;0.0
45;23800;INTARIAN_PEPPER_ROOT;58015;8;58012;8;58010;8;58027;17;58029;8;58030;23;58021.5;0.0
45;23900;ASH_COATED_OSMIUM;9997;10;9995;15;9994;14;10013;15;10015;28;10018;14;10005.5;0.0
45;23900;INTARIAN_PEPPER_ROOT;58015;12;58014;9;;;58030;12;58033;8;;;58022.5;0.0
45;24000;ASH_COATED_OSMIUM;9995;13;9992;15;9990;13;10011;12;10014;12;10015;13;10003.5;0.0
45;24000;INTARIAN_PEPPER_ROOT;58020;11;58017;23;;;58027;9;58028;25;;;58024.0;0.0
45;24100;ASH_COATED_OSMIUM;9996;14;;;;;10012;12;;;;;10004.5;0.0
45;24100;INTARIAN_PEPPER_ROOT;58012;9;58010;9;;;58029;8;58030;9;;;58021.0;0.0
45;24200;ASH_COATED_OSMIUM;10003;11;10000;12;9997;10;10021;14;10024;15;10026;14;10012.5;0.0
45;24200;INTARIAN_PEPPER_ROOT;58017;25;;;;;58030;11;;;;;58023.5;0.0
45;24300;ASH_COATED_OSMIUM;9996;5;9994;20;;;10012;4;10014;10;;;10004.5;0.0
45;24300;INTARIAN_PEPPER_ROOT;58019;12;58018;11;;;58031;10;58034;11;;;58025.0;0.0
45;24400;ASH_COATED_OSMIUM;9992;14;9991;13;;;10008;12;10011;12;;;10000.0;0.0
45;24400;INTARIAN_PEPPER_ROOT;58015;11;58014;12;;;58027;11;58030;8;;;58021.5;0.0
45;24500;ASH_COATED_OSMIUM;9993;11;9992;23;;;10011;13;10014;22;;;10002.5;0.0
45;24500;INTARIAN_PEPPER_ROOT;58023;11;58021;17;;;58037;8;58039;9;;;58030.0;0.0
45;24600;ASH_COATED_OSMIUM;9991;10;9988;11;;;10010;11;10012;15;;;10000.5;0.0
45;24600;INTARIAN_PEPPER_ROOT;58018;12;58016;9;;;58032;10;58035;5;;;58025.5;0.0
45;24700;ASH_COATED_OSMIUM;9989;12;;;;;10007;14;;;;;9998.0;0.0
45;24700;INTARIAN_PEPPER_ROOT;58022;9;58021;12;;;58035;8;58037;11;;;58029.0;0.0
45;24800;ASH_COATED_OSMIUM;9991;15;9989;10;;;10010;21;10012;15;;;10000.5;0.0
45;24800;INTARIAN_PEPPER_ROOT;58020;8;58018;11;;;58034;11;58036;8;;;58027.0;0.0
45;24900;ASH_COATED_OSMIUM;9996;13;;;;;10012;10;;;;;10004.5;0.0
45;24900;INTARIAN_PEPPER_ROOT;58018;11;58015;12;;;58032;11;58033;12;;;58025.0;0.0
45;25000;ASH_COATED_OSMIUM;9996;14;;;;;10012;11;;;;;10004.0;0.0
45;25000;INTARIAN_PEPPER_ROOT;58018;10;58015;8;;;58032;8;58035;10;;;58025.5;0.0
45;25100;ASH_COATED_OSMIUM;9994;12;9992;29;9990;12;10010;23;10013;14;10015;14;10002.5;0.0
45;25100;INTARIAN_PEPPER_ROOT;58022;22;;;;;58034;8;;;;;58028.5;0.0
45;25200;ASH_COATED_OSMIUM;9992;13;9990;11;9989;8;10008;12;10009;12;10012;21;10000.0;0.0
45;25200;INTARIAN_PEPPER_ROOT;58019;9;58018;15;58017;8;58033;11;58036;9;58038;22;58026.0;0.0
45;25300;ASH_COATED_OSMIUM;9989;15;9987;13;;;10005;13;10007;10;;;9997.0;0.0
45;25300;INTARIAN_PEPPER_ROOT;58019;12;58018;8;;;58032;12;58035;8;;;58026.0;0.0
45;25400;ASH_COATED_OSMIUM;9991;15;9988;15;;;10010;12;10012;11;;;10001.0;0.0
45;25400;INTARIAN_PEPPER_ROOT;58019;8;58018;12;;;58030;10;58033;9;;;58024.5;0.0
45;25500;ASH_COATED_OSMIUM;9991;13;9989;2;9987;12;10007;11;10010;14;10011;20;9999.5;0.0
45;25500;INTARIAN_PEPPER_ROOT;58020;10;;;;;58032;12;;;;;58026.5;0.0
45;25600;ASH_COATED_OSMIUM;9989;13;9987;24;;;10005;12;10008;11;;;9997.0;0.0
45;25600;INTARIAN_PEPPER_ROOT;58020;10;58017;9;58015;10;58035;18;58036;11;58038;19;58027.5;0.0
45;25700;ASH_COATED_OSMIUM;9992;10;9990;15;;;10002;15;10004;13;;;9997.5;0.0
45;25700;INTARIAN_PEPPER_ROOT;58018;9;;;;;58031;20;;;;;58024.5;0.0
45;25800;ASH_COATED_OSMIUM;9992;14;9990;12;9988;15;10010;15;10011;11;10012;30;10001.0;0.0
45;25800;INTARIAN_PEPPER_ROOT;58022;8;58019;11;58017;10;58034;9;58036;11;58039;11;58028.0;0.0
45;25900;ASH_COATED_OSMIUM;9987;14;;;;;10003;14;;;;;9995.5;0.0
45;25900;INTARIAN_PEPPER_ROOT;58018;9;58015;16;;;58033;9;58036;8;;;58026.0;0.0
45;26000;ASH_COATED_OSMIUM;9992;14;;;;;10011;30;;;;;10002.0;0.0
45;26000;INTARIAN_PEPPER_ROOT;58018;9;;;;;58030;12;;;;;58024.0;0.0
45;26100;ASH_COATED_OSMIUM;9988;15;9985;10;;;10007;14;10010;12;;;9997.5;0.0
45;26100;INTARIAN_PEPPER_ROOT;58018;8;58015;9;58013;12;58032;11;58034;10;58035;10;58025.5;0.0
45;26200;ASH_COATED_OSMIUM;9993;12;9990;13;;;10009;15;10012;13;;;10001.0;0.0
45;26200;INTARIAN_PEPPER_ROOT;58017;19;58016;11;58013;8;58029;11;58031;12;58034;19;58023.0;0.0
45;26300;ASH_COATED_OSMIUM;9998;12;;;;;10014;15;;;;;10006.5;0.0
45;26300;INTARIAN_PEPPER_ROOT;58015;25;;;;;58034;8;;;;;58025.0;0.0
45;26400;ASH_COATED_OSMIUM;9994;11;9993;15;;;10012;22;10014;11;;;10003.0;0.0
45;26400;INTARIAN_PEPPER_ROOT;58020;12;58019;12;58016;8;58032;12;58033;8;58034;11;58026.5;0.0
45;26500;ASH_COATED_OSMIUM;10003;25;;;;;10013;10;;;;;10008.0;0.0
45;26500;INTARIAN_PEPPER_ROOT;58023;10;58020;9;58019;9;58032;10;58033;12;58036;12;58027.5;0.0
45;26600;ASH_COATED_OSMIUM;9998;14;9997;24;;;10014;11;10015;4;;;10006.5;0.0
45;26600;INTARIAN_PEPPER_ROOT;58020;8;;;;;58036;10;;;;;58028.5;0.0
45;26700;ASH_COATED_OSMIUM;9998;14;9997;14;;;10009;11;10011;20;;;10004.0;0.0
45;26700;INTARIAN_PEPPER_ROOT;58018;9;58017;25;;;58031;10;58034;11;;;58025.0;0.0
45;26800;ASH_COATED_OSMIUM;9994;27;;;;;10010;25;;;;;10002.5;0.0
45;26800;INTARIAN_PEPPER_ROOT;58022;23;;;;;58033;9;;;;;58028.0;0.0
45;26900;ASH_COATED_OSMIUM;9994;10;9992;15;9989;14;10000;11;10003;13;10006;14;9997.0;0.0
45;26900;INTARIAN_PEPPER_ROOT;58022;25;;;;;58030;8;;;;;58026.0;0.0
45;27000;ASH_COATED_OSMIUM;9992;14;9991;20;;;10008;15;10010;11;;;10000.0;0.0
45;27000;INTARIAN_PEPPER_ROOT;58017;16;;;;;58034;9;;;;;58026.0;0.0
45;27100;ASH_COATED_OSMIUM;9998;26;9997;24;9996;28;10014;14;10015;29;10017;11;10006.0;0.0
45;27100;INTARIAN_PEPPER_ROOT;58021;9;;;;;58033;10;;;;;58027.5;0.0
45;27200;ASH_COATED_OSMIUM;9989;13;9988;12;9986;15;10007;13;10008;10;10010;29;9998.0;0.0
45;27200;INTARIAN_PEPPER_ROOT;58021;8;58018;10;;;58035;12;58037;11;;;58028.0;0.0
45;27300;ASH_COATED_OSMIUM;9987;13;;;;;10003;2;;;;;9995.0;0.0
45;27300;INTARIAN_PEPPER_ROOT;58021;11;58019;8;;;58033;8;58034;8;;;58027.0;0.0
45;27400;ASH_COATED_OSMIUM;9984;15;9982;14;;;10002;22;10004;13;;;9993.0;0.0
45;27400;INTARIAN_PEPPER_ROOT;58021;8;58019;12;;;58032;12;58033;10;;;58027.0;0.0
45;27500;ASH_COATED_OSMIUM;9985;15;9984;10;;;10001;15;10004;20;;;9993.5;0.0
45;27500;INTARIAN_PEPPER_ROOT;58014;8;58011;11;58009;10;58029;12;58031;12;58033;17;58021.5;0.0
45;27600;ASH_COATED_OSMIUM;9989;23;9987;12;9986;14;10005;14;10007;15;10008;23;9997.0;0.0
45;27600;INTARIAN_PEPPER_ROOT;58018;15;58015;11;;;58032;20;58035;12;;;58025.0;0.0
45;27700;ASH_COATED_OSMIUM;9997;15;9996;14;;;10008;24;10011;10;;;10003.0;0.0
45;27700;INTARIAN_PEPPER_ROOT;58022;12;58021;21;58019;11;58036;12;58039;9;58040;10;58029.5;0.0
45;27800;ASH_COATED_OSMIUM;9991;15;9990;28;9987;14;10009;14;10011;13;10013;13;10000.5;0.0
45;27800;INTARIAN_PEPPER_ROOT;58016;11;58013;5;58011;12;58029;8;58032;10;58033;9;58023.0;0.0
45;27900;ASH_COATED_OSMIUM;9992;25;9989;11;9988;11;10008;15;10010;11;10012;14;10000.0;0.0
45;27900;INTARIAN_PEPPER_ROOT;58020;20;58017;12;;;58032;12;58035;18;;;58026.5;0.0
45;28000;ASH_COATED_OSMIUM;9999;10;;;;;10009;14;;;;;10004.5;0.0
45;28000;INTARIAN_PEPPER_ROOT;58022;8;58021;22;;;58034;8;58035;12;;;58028.0;0.0
45;28100;ASH_COATED_OSMIUM;9992;14;;;;;10008;24;;;;;10000.0;0.0
45;28100;INTARIAN_PEPPER_ROOT;58023;8;;;;;58035;9;;;;;58029.5;0.0
45;28200;ASH_COATED_OSMIUM;9998;14;9996;13;;;10016;14;10017;14;;;10007.0;0.0
45;28200;INTARIAN_PEPPER_ROOT;58020;22;58019;12;58018;12;58034;9;58037;11;58040;11;58027.5;0.0
45;28300;ASH_COATED_OSMIUM;9998;24;9995;25;;;10014;13;10017;11;;;10006.0;0.0
45;28300;INTARIAN_PEPPER_ROOT;58023;8;;;;;58036;8;;;;;58029.5;0.0
45;28400;ASH_COATED_OSMIUM;9993;10;9991;21;9988;11;10012;11;10015;15;10017;15;10002.5;0.0
45;28400;INTARIAN_PEPPER_ROOT;58021;10;58018;8;58017;11;58033;9;58035;8;58036;12;58027.5;0.0
45;28500;ASH_COATED_OSMIUM;9992;13;;;;;10011;11;;;;;10001.5;0.0
45;28500;INTARIAN_PEPPER_ROOT;58027;9;58025;12;58023;9;58029;8;58030;17;58031;9;58028.5;0.0
45;28600;ASH_COATED_OSMIUM;10000;5;9999;14;9996;14;10016;12;10018;15;10021;29;10008.5;0.0
45;28600;INTARIAN_PEPPER_ROOT;58025;11;;;;;58038;9;;;;;58031.5;0.0
45;28700;ASH_COATED_OSMIUM;10001;15;9999;21;9998;15;10017;11;10018;21;10020;13;10009.5;0.0
45;28700;INTARIAN_PEPPER_ROOT;58020;11;58019;10;58018;8;58037;12;58040;10;58043;10;58029.0;0.0
45;28800;ASH_COATED_OSMIUM;10000;15;;;;;10016;4;;;;;10008.0;0.0
45;28800;INTARIAN_PEPPER_ROOT;58026;10;58023;8;;;58038;4;58039;22;;;58032.0;0.0
45;28900;ASH_COATED_OSMIUM;9998;11;9996;13;;;10014;12;10017;11;;;10006.5;0.0
45;28900;INTARIAN_PEPPER_ROOT;58022;17;58019;12;58017;12;58037;8;58038;23;58040;18;58030.0;0.0
45;29000;ASH_COATED_OSMIUM;9993;14;9990;13;;;10009;11;10011;14;;;10001.5;0.0
45;29000;INTARIAN_PEPPER_ROOT;58020;12;58017;8;;;58033;12;58034;9;;;58026.5;0.0
45;29100;ASH_COATED_OSMIUM;9991;14;;;;;10009;11;;;;;10000.0;0.0
45;29100;INTARIAN_PEPPER_ROOT;58019;10;58018;12;;;58035;9;58038;22;;;58027.0;0.0
45;29200;ASH_COATED_OSMIUM;9989;10;9986;11;;;10005;14;10008;14;;;9997.0;0.0
45;29200;INTARIAN_PEPPER_ROOT;58017;12;58014;12;;;58033;9;58034;8;;;58025.5;0.0
45;29300;ASH_COATED_OSMIUM;9994;12;9993;24;;;10010;10;10011;12;;;10002.0;0.0
45;29300;INTARIAN_PEPPER_ROOT;58019;12;58016;12;;;58035;18;58036;20;;;58027.5;0.0
45;29400;ASH_COATED_OSMIUM;9995;28;9994;10;;;10011;12;10013;12;;;10003.0;0.0
45;29400;INTARIAN_PEPPER_ROOT;58021;9;58020;12;;;58034;8;58035;10;;;58027.5;0.0
45;29500;ASH_COATED_OSMIUM;9997;11;;;;;10013;11;;;;;10005.5;0.0
45;29500;INTARIAN_PEPPER_ROOT;58019;8;;;;;58032;17;;;;;58026.0;0.0
45;29600;ASH_COATED_OSMIUM;9999;10;9996;14;9995;10;10015;10;10018;29;10019;21;10007.5;0.0
45;29600;INTARIAN_PEPPER_ROOT;58021;11;58019;11;;;58034;9;58035;11;;;58028.0;0.0
45;29700;ASH_COATED_OSMIUM;9996;14;;;;;10012;15;;;;;10004.0;0.0
45;29700;INTARIAN_PEPPER_ROOT;58023;10;;;;;58035;15;;;;;58029.5;0.0
45;29800;ASH_COATED_OSMIUM;9994;13;;;;;10010;13;;;;;10002.5;0.0
45;29800;INTARIAN_PEPPER_ROOT;58025;12;58022;11;;;58040;12;58043;11;;;58033.0;0.0
45;29900;ASH_COATED_OSMIUM;9996;12;;;;;10012;10;;;;;10004.0;0.0
45;29900;INTARIAN_PEPPER_ROOT;58021;11;58019;11;58018;9;58035;10;58038;9;58040;24;58028.0;0.0
45;30000;ASH_COATED_OSMIUM;9998;12;9996;15;9993;15;10014;11;10015;10;10016;15;10006.0;0.0
45;30000;INTARIAN_PEPPER_ROOT;58028;11;58027;9;;;58039;9;58040;9;;;58034.0;0.0
45;30100;ASH_COATED_OSMIUM;9996;13;9994;2;9992;12;10014;15;10016;10;10018;24;10005.0;0.0
45;30100;INTARIAN_PEPPER_ROOT;58022;8;58020;10;;;58036;12;58038;25;;;58029.5;0.0
45;30200;ASH_COATED_OSMIUM;9995;13;;;;;10013;11;;;;;10004.0;0.0
45;30200;INTARIAN_PEPPER_ROOT;58022;8;;;;;58039;21;;;;;58030.5;0.0
45;30300;ASH_COATED_OSMIUM;9988;10;9986;13;9984;25;10006;12;10009;5;10012;23;9997.0;0.0
45;30300;INTARIAN_PEPPER_ROOT;58022;11;;;;;58038;21;;;;;58030.5;0.0
45;30400;ASH_COATED_OSMIUM;9983;11;9981;13;;;9999;13;10001;15;;;9991.0;0.0
45;30400;INTARIAN_PEPPER_ROOT;58021;11;58019;8;58018;22;58037;4;58038;8;58040;8;58029.0;0.0
45;30500;ASH_COATED_OSMIUM;9982;11;9979;13;9977;13;9998;15;10000;13;10001;14;9990.5;0.0
45;30500;INTARIAN_PEPPER_ROOT;58022;8;58019;11;58018;9;58035;10;58037;9;58040;12;58029.0;0.0
45;30600;ASH_COATED_OSMIUM;9983;14;9982;14;;;9999;13;10000;10;;;9991.5;0.0
45;30600;INTARIAN_PEPPER_ROOT;58026;8;58025;23;58024;12;58042;10;58044;12;58046;4;58034.0;0.0
45;30700;ASH_COATED_OSMIUM;9980;15;9977;15;;;9996;27;9999;12;;;9988.5;0.0
45;30700;INTARIAN_PEPPER_ROOT;58021;8;58019;10;;;58039;10;58041;8;;;58030.0;0.0
45;30800;ASH_COATED_OSMIUM;9982;14;;;;;10001;20;;;;;9992.0;0.0
45;30800;INTARIAN_PEPPER_ROOT;58028;10;;;;;58041;8;;;;;58035.0;0.0
45;30900;ASH_COATED_OSMIUM;9982;10;;;;;9998;12;;;;;9990.0;0.0
45;30900;INTARIAN_PEPPER_ROOT;58030;11;58028;18;;;58043;11;58044;12;;;58036.5;0.0
45;31000;ASH_COATED_OSMIUM;9988;22;9987;15;9986;10;10004;15;10006;13;10008;14;9996.0;0.0
45;31000;INTARIAN_PEPPER_ROOT;58026;10;58023;9;58022;10;58040;9;58041;8;58042;8;58033.0;0.0
45;31100;ASH_COATED_OSMIUM;9989;15;9988;13;9985;13;10005;5;10007;11;10008;10;9997.5;0.0
45;31100;INTARIAN_PEPPER_ROOT;58023;10;58022;11;;;58039;12;58041;12;;;58031.5;0.0
45;31200;ASH_COATED_OSMIUM;9991;15;9989;15;;;10009;10;10011;15;;;10000.0;0.0
45;31200;INTARIAN_PEPPER_ROOT;58023;12;58021;9;;;58036;12;58037;10;;;58029.5;0.0
45;31300;ASH_COATED_OSMIUM;9992;14;9991;22;9989;13;10011;10;10014;15;10015;14;10002.0;0.0
45;31300;INTARIAN_PEPPER_ROOT;58023;11;;;;;58034;19;;;;;58029.0;0.0
45;31400;ASH_COATED_OSMIUM;9996;12;;;;;10002;13;;;;;9999.5;0.0
45;31400;INTARIAN_PEPPER_ROOT;58025;11;;;;;58039;12;;;;;58032.5;0.0
45;31500;ASH_COATED_OSMIUM;9988;25;9985;26;;;10004;15;10007;24;;;9996.0;0.0
45;31500;INTARIAN_PEPPER_ROOT;58023;24;;;;;58035;10;;;;;58029.5;0.0
45;31600;ASH_COATED_OSMIUM;9994;13;9992;13;9990;10;10010;14;10011;11;10013;14;10002.5;0.0
45;31600;INTARIAN_PEPPER_ROOT;58028;8;58026;8;;;58040;11;58042;9;;;58034.0;0.0
45;31700;ASH_COATED_OSMIUM;9995;14;9994;10;9993;15;10013;24;10014;13;10015;10;10004.0;0.0
45;31700;INTARIAN_PEPPER_ROOT;58025;11;58022;11;58020;9;58038;12;58040;9;58042;12;58031.5;0.0
45;31800;ASH_COATED_OSMIUM;9994;13;9992;3;;;10010;13;10011;13;;;10002.0;0.0
45;31800;INTARIAN_PEPPER_ROOT;58025;10;;;;;58036;18;;;;;58031.0;0.0
45;31900;ASH_COATED_OSMIUM;9997;22;9995;29;;;10013;11;10016;14;;;10005.5;0.0
45;31900;INTARIAN_PEPPER_ROOT;58027;10;58026;8;;;58038;11;58041;12;;;58032.5;0.0
45;32000;ASH_COATED_OSMIUM;9995;13;9993;12;;;10013;12;10014;14;;;10004.5;0.0
45;32000;INTARIAN_PEPPER_ROOT;58024;9;;;;;58036;12;;;;;58030.5;0.0
45;32100;ASH_COATED_OSMIUM;9995;15;;;;;10011;12;;;;;10003.0;0.0
45;32100;INTARIAN_PEPPER_ROOT;58022;16;;;;;58034;11;;;;;58028.5;0.0
45;32200;ASH_COATED_OSMIUM;9999;11;9996;11;;;10015;12;10016;10;;;10007.5;0.0
45;32200;INTARIAN_PEPPER_ROOT;58022;10;;;;;58036;12;;;;;58029.5;0.0
45;32300;ASH_COATED_OSMIUM;10001;25;;;;;10017;30;;;;;10009.0;0.0
45;32300;INTARIAN_PEPPER_ROOT;58021;11;58018;22;;;58035;12;58036;9;;;58028.5;0.0
45;32400;ASH_COATED_OSMIUM;9999;13;;;;;10015;10;;;;;10007.0;0.0
45;32400;INTARIAN_PEPPER_ROOT;58029;9;58028;8;;;58042;11;58043;22;;;58036.0;0.0
45;32500;ASH_COATED_OSMIUM;9996;11;9994;11;;;10017;12;10019;13;;;10006.5;0.0
45;32500;INTARIAN_PEPPER_ROOT;58023;10;58020;9;58019;9;58037;21;58039;10;58040;9;58030.0;0.0
45;32600;ASH_COATED_OSMIUM;10003;15;10000;10;9999;12;10021;12;10024;15;10026;15;10012.5;0.0
45;32600;INTARIAN_PEPPER_ROOT;58027;8;58026;11;;;58040;10;58041;8;;;58033.5;0.0
45;32700;ASH_COATED_OSMIUM;10006;11;10005;10;10003;11;10024;13;10025;13;10026;13;10015.0;0.0
45;32700;INTARIAN_PEPPER_ROOT;58028;23;;;;;58042;8;;;;;58035.0;0.0
45;32800;ASH_COATED_OSMIUM;10001;11;;;;;10017;10;;;;;10009.5;0.0
45;32800;INTARIAN_PEPPER_ROOT;58032;16;58031;12;58029;11;58035;11;58037;9;58038;9;58033.5;0.0
45;32900;ASH_COATED_OSMIUM;9998;12;9995;15;9992;11;10017;12;10018;3;10020;10;10008.0;0.0
45;32900;INTARIAN_PEPPER_ROOT;58028;7;;;;;58040;9;;;;;58034.0;0.0
45;33000;ASH_COATED_OSMIUM;10001;14;9999;13;9997;11;10022;14;10025;11;10028;7;10012.0;0.0
45;33000;INTARIAN_PEPPER_ROOT;58026;16;58025;19;;;58039;17;58041;12;;;58033.0;0.0
45;33100;ASH_COATED_OSMIUM;10002;15;9999;13;9996;10;10018;14;10021;10;10023;21;10010.0;0.0
45;33100;INTARIAN_PEPPER_ROOT;58033;12;58031;10;58030;22;58044;11;58047;11;58048;16;58038.5;0.0
45;33200;ASH_COATED_OSMIUM;10003;25;;;;;10022;12;;;;;10013.0;0.0
45;33200;INTARIAN_PEPPER_ROOT;58028;10;58026;10;;;58042;19;58043;8;;;58035.0;0.0
45;33300;ASH_COATED_OSMIUM;10001;12;;;;;10020;10;;;;;10011.0;0.0
45;33300;INTARIAN_PEPPER_ROOT;58032;16;58031;8;;;58045;10;58048;11;;;58039.0;0.0
45;33400;ASH_COATED_OSMIUM;10002;11;9999;14;;;10023;14;10024;12;;;10012.5;0.0
45;33400;INTARIAN_PEPPER_ROOT;58028;9;58027;12;58025;20;58040;12;58041;21;58044;10;58034.5;0.0
45;33500;ASH_COATED_OSMIUM;10002;12;9999;10;;;10018;10;10021;29;;;10010.5;0.0
45;33500;INTARIAN_PEPPER_ROOT;58027;8;58026;11;58024;9;58038;11;58039;12;58040;12;58032.5;0.0
45;33600;ASH_COATED_OSMIUM;10008;13;;;;;10018;12;;;;;10013.0;0.0
45;33600;INTARIAN_PEPPER_ROOT;58026;20;58023;10;;;58039;9;58042;10;;;58032.5;0.0
45;33700;ASH_COATED_OSMIUM;9999;2;;;;;10014;12;;;;;10006.5;0.0
45;33700;INTARIAN_PEPPER_ROOT;58024;12;;;;;58040;10;;;;;58032.0;0.0
45;33800;ASH_COATED_OSMIUM;9997;15;;;;;10013;12;;;;;10005.5;0.0
45;33800;INTARIAN_PEPPER_ROOT;58032;8;58031;10;;;58035;11;58036;9;;;58034.0;0.0
45;33900;ASH_COATED_OSMIUM;9988;13;;;;;10004;13;;;;;9996.5;0.0
45;33900;INTARIAN_PEPPER_ROOT;58032;11;58029;8;58026;11;58044;12;58045;10;58046;10;58038.5;0.0
45;34000;ASH_COATED_OSMIUM;9988;14;9986;2;;;10004;28;10005;14;;;9996.5;0.0
45;34000;INTARIAN_PEPPER_ROOT;58030;8;58028;10;;;58045;24;58048;9;;;58037.5;0.0
45;34100;ASH_COATED_OSMIUM;9992;10;9989;30;;;10008;13;10010;10;;;10000.5;0.0
45;34100;INTARIAN_PEPPER_ROOT;58026;8;58024;9;58022;8;58043;12;58046;8;58049;12;58035.0;0.0
45;34200;ASH_COATED_OSMIUM;9997;11;9996;15;9995;12;10013;15;10015;14;10016;14;10005.0;0.0
45;34200;INTARIAN_PEPPER_ROOT;58030;11;58027;8;;;58041;9;58044;9;;;58036.0;0.0
45;34300;ASH_COATED_OSMIUM;9993;4;9991;29;;;10011;11;10014;23;;;10002.5;0.0
45;34300;INTARIAN_PEPPER_ROOT;58025;10;58024;12;;;58038;11;58039;10;;;58032.0;0.0
45;34400;ASH_COATED_OSMIUM;9989;10;9986;12;;;10007;12;10010;11;;;9998.0;0.0
45;34400;INTARIAN_PEPPER_ROOT;58027;4;58026;10;58025;25;58039;12;58040;9;58042;9;58033.5;0.0
45;34500;ASH_COATED_OSMIUM;9991;14;9988;13;;;10007;10;10008;12;;;9999.5;0.0
45;34500;INTARIAN_PEPPER_ROOT;58031;8;58028;12;;;58042;12;58045;23;;;58036.5;0.0
45;34600;ASH_COATED_OSMIUM;9994;12;;;;;10005;15;;;;;10000.0;0.0
45;34600;INTARIAN_PEPPER_ROOT;58030;12;58028;20;;;58042;18;58045;10;;;58036.0;0.0
45;34700;ASH_COATED_OSMIUM;9986;11;9983;12;;;10007;12;10010;13;;;9996.5;0.0
45;34700;INTARIAN_PEPPER_ROOT;58026;12;58024;11;58023;9;58039;10;58041;16;58044;8;58032.5;0.0
45;34800;ASH_COATED_OSMIUM;9992;10;9991;12;;;10008;14;10009;10;;;10000.0;0.0
45;34800;INTARIAN_PEPPER_ROOT;58028;12;58026;10;;;58040;12;58042;11;;;58034.5;0.0
45;34900;ASH_COATED_OSMIUM;10001;12;9999;11;;;10011;11;10012;13;;;10006.5;0.0
45;34900;INTARIAN_PEPPER_ROOT;58031;9;;;;;58034;9;;;;;58032.5;0.0
45;35000;ASH_COATED_OSMIUM;9996;11;9994;13;;;10014;13;10016;13;;;10005.0;0.0
45;35000;INTARIAN_PEPPER_ROOT;58028;23;58025;10;;;58042;12;58044;12;;;58035.0;0.0
45;35100;ASH_COATED_OSMIUM;9994;28;9992;11;;;10010;5;10012;11;;;10002.5;0.0
45;35100;INTARIAN_PEPPER_ROOT;58031;9;;;;;58045;12;;;;;58038.5;0.0
45;35200;ASH_COATED_OSMIUM;9997;11;;;;;10013;10;;;;;10005.5;0.0
45;35200;INTARIAN_PEPPER_ROOT;58026;9;58023;9;;;58043;10;58044;11;;;58034.5;0.0
45;35300;ASH_COATED_OSMIUM;9991;13;;;;;10010;14;;;;;10001.0;0.0
45;35300;INTARIAN_PEPPER_ROOT;58027;10;58024;19;;;58040;8;58042;12;;;58033.5;0.0
45;35400;ASH_COATED_OSMIUM;9995;10;9994;15;;;10013;11;10016;10;;;10004.0;0.0
45;35400;INTARIAN_PEPPER_ROOT;58028;16;58025;9;58024;18;58041;8;58042;11;58043;10;58035.0;0.0
45;35500;ASH_COATED_OSMIUM;9998;13;;;;;10016;15;;;;;10007.0;0.0
45;35500;INTARIAN_PEPPER_ROOT;58024;11;58022;10;;;58038;11;58041;21;;;58031.5;0.0
45;35600;ASH_COATED_OSMIUM;9994;30;9993;13;9991;15;10013;11;10016;10;10019;30;10003.5;0.0
45;35600;INTARIAN_PEPPER_ROOT;58029;15;58027;11;58024;12;58040;12;58042;10;58043;8;58034.5;0.0
45;35700;ASH_COATED_OSMIUM;9997;13;9995;13;9994;13;10013;23;10015;15;10016;24;10005.0;0.0
45;35700;INTARIAN_PEPPER_ROOT;58026;10;;;;;58038;10;;;;;58032.0;0.0
45;35800;ASH_COATED_OSMIUM;9996;12;9995;13;;;10014;14;10016;11;;;10005.0;0.0
45;35800;INTARIAN_PEPPER_ROOT;58030;10;58029;12;58026;9;58046;12;58047;8;58048;22;58038.5;0.0
45;35900;ASH_COATED_OSMIUM;9997;10;9994;23;;;10013;12;10015;15;;;10005.0;0.0
45;35900;INTARIAN_PEPPER_ROOT;58029;9;58028;10;58025;9;58045;10;58047;12;58048;10;58037.5;0.0
45;36000;ASH_COATED_OSMIUM;9990;23;;;;;10006;15;;;;;9998.5;0.0
45;36000;INTARIAN_PEPPER_ROOT;58032;11;;;;;58046;12;;;;;58039.5;0.0
45;36100;ASH_COATED_OSMIUM;9992;25;9990;11;;;10008;14;10009;27;;;10000.0;0.0
45;36100;INTARIAN_PEPPER_ROOT;58032;12;58031;10;58030;11;58043;10;58045;11;58048;21;58037.5;0.0
45;36200;ASH_COATED_OSMIUM;9991;4;9989;25;;;10007;13;10009;10;;;9999.5;0.0
45;36200;INTARIAN_PEPPER_ROOT;58027;10;58025;8;58024;22;58040;11;58041;10;58044;8;58033.5;0.0
45;36300;ASH_COATED_OSMIUM;9987;15;9984;12;9983;11;10008;14;10010;10;10013;15;9998.0;0.0
45;36300;INTARIAN_PEPPER_ROOT;58023;11;58020;10;;;58041;11;58042;10;;;58032.5;0.0
45;36400;ASH_COATED_OSMIUM;9994;11;9992;21;;;10005;22;10007;14;;;10000.0;0.0
45;36400;INTARIAN_PEPPER_ROOT;58031;23;;;;;58043;18;;;;;58037.0;0.0
45;36500;ASH_COATED_OSMIUM;9987;12;;;;;10005;28;;;;;9996.0;0.0
45;36500;INTARIAN_PEPPER_ROOT;58033;9;;;;;58045;8;;;;;58039.5;0.0
45;36600;ASH_COATED_OSMIUM;9994;14;;;;;10010;10;;;;;10002.0;0.0
45;36600;INTARIAN_PEPPER_ROOT;58031;12;58028;12;;;58044;8;58046;21;;;58038.0;0.0
45;36700;ASH_COATED_OSMIUM;9991;30;;;;;10007;22;;;;;9999.5;0.0
45;36700;INTARIAN_PEPPER_ROOT;58030;8;;;;;58042;11;;;;;58036.0;0.0
45;36800;ASH_COATED_OSMIUM;9991;14;;;;;10007;13;;;;;9999.5;0.0
45;36800;INTARIAN_PEPPER_ROOT;58031;9;;;;;58044;10;;;;;58037.5;0.0
45;36900;ASH_COATED_OSMIUM;9999;12;9997;13;9995;11;10015;14;10018;29;10021;15;10007.0;0.0
45;36900;INTARIAN_PEPPER_ROOT;58030;8;58027;12;;;58041;9;58043;10;;;58035.5;0.0
45;37000;ASH_COATED_OSMIUM;9993;11;;;;;10009;13;;;;;10001.0;0.0
45;37000;INTARIAN_PEPPER_ROOT;58030;18;58029;11;58028;8;58046;15;58049;5;58051;8;58038.0;0.0
45;37100;ASH_COATED_OSMIUM;9993;10;9992;24;;;10009;14;10012;13;;;10001.0;0.0
45;37100;INTARIAN_PEPPER_ROOT;58031;17;;;;;58045;8;;;;;58038.0;0.0
45;37200;ASH_COATED_OSMIUM;9992;15;9990;14;;;10008;15;10009;3;;;10000.0;0.0
45;37200;INTARIAN_PEPPER_ROOT;58027;10;58024;8;58022;9;58043;12;58046;24;58049;24;58035.0;0.0
45;37300;ASH_COATED_OSMIUM;9994;14;9993;11;;;10010;7;10013;15;;;10002.0;0.0
45;37300;INTARIAN_PEPPER_ROOT;58032;8;58029;9;;;58047;12;58050;17;;;58039.5;0.0
45;37400;ASH_COATED_OSMIUM;9995;20;9993;12;;;10001;11;10004;5;;;9998.5;0.0
45;37400;INTARIAN_PEPPER_ROOT;58028;11;;;;;58039;11;;;;;58034.0;0.0
45;37500;ASH_COATED_OSMIUM;9993;24;;;;;10009;26;;;;;10001.5;0.0
45;37500;INTARIAN_PEPPER_ROOT;58032;19;58030;10;;;58044;10;58046;21;;;58038.5;0.0
45;37600;ASH_COATED_OSMIUM;9984;12;;;;;10000;11;;;;;9992.5;0.0
45;37600;INTARIAN_PEPPER_ROOT;58027;10;;;;;58040;9;;;;;58034.0;0.0
45;37700;ASH_COATED_OSMIUM;9985;13;;;;;10001;14;;;;;9993.5;0.0
45;37700;INTARIAN_PEPPER_ROOT;58037;10;;;;;58048;17;;;;;58042.5;0.0
45;37800;ASH_COATED_OSMIUM;9989;15;;;;;10005;14;;;;;9997.5;0.0
45;37800;INTARIAN_PEPPER_ROOT;58032;11;58031;10;58030;10;58047;10;58050;10;58053;17;58040.0;0.0
45;37900;ASH_COATED_OSMIUM;9988;14;9985;21;;;10004;14;10005;5;;;9996.0;0.0
45;37900;INTARIAN_PEPPER_ROOT;58032;10;;;;;58045;10;;;;;58039.0;0.0
45;38000;ASH_COATED_OSMIUM;9987;11;;;;;10003;10;;;;;9995.0;0.0
45;38000;INTARIAN_PEPPER_ROOT;58033;10;58031;12;58028;16;58044;10;58047;9;58049;12;58038.5;0.0
45;38100;ASH_COATED_OSMIUM;9983;26;9982;15;;;10001;15;10004;12;;;9992.0;0.0
45;38100;INTARIAN_PEPPER_ROOT;58029;8;;;;;58046;11;;;;;58037.5;0.0
45;38200;ASH_COATED_OSMIUM;9987;6;;;;;10003;11;;;;;9995.5;0.0
45;38200;INTARIAN_PEPPER_ROOT;58032;21;58031;10;58029;9;58046;11;58047;12;58050;23;58039.0;0.0
45;38300;ASH_COATED_OSMIUM;9987;12;9985;29;9982;11;10003;12;10005;14;10007;5;9995.0;0.0
45;38300;INTARIAN_PEPPER_ROOT;58033;12;58032;9;;;58044;12;58045;11;;;58039.0;0.0
45;38400;ASH_COATED_OSMIUM;9993;13;9991;12;;;10009;12;10011;10;;;10001.0;0.0
45;38400;INTARIAN_PEPPER_ROOT;58035;8;58032;20;;;58038;10;58039;12;;;58037.0;0.0
45;38500;ASH_COATED_OSMIUM;10001;22;;;;;10008;14;;;;;10005.0;0.0
45;38500;INTARIAN_PEPPER_ROOT;58030;9;;;;;58047;12;;;;;58039.0;0.0
45;38600;ASH_COATED_OSMIUM;10000;27;9997;11;;;10016;10;10019;4;;;10008.5;0.0
45;38600;INTARIAN_PEPPER_ROOT;58032;12;58030;9;58028;8;58048;25;58049;6;58050;11;58040.0;0.0
45;38700;ASH_COATED_OSMIUM;9997;11;9994;15;9993;14;10013;24;10014;12;10016;14;10005.5;0.0
45;38700;INTARIAN_PEPPER_ROOT;58029;10;58027;8;58024;9;58042;12;58044;11;58045;10;58035.5;0.0
45;38800;ASH_COATED_OSMIUM;9997;5;;;;;10015;12;;;;;10006.5;0.0
45;38800;INTARIAN_PEPPER_ROOT;58030;11;;;;;58043;11;;;;;58037.0;0.0
45;38900;ASH_COATED_OSMIUM;10002;13;9999;12;;;10008;14;10010;5;;;10005.0;0.0
45;38900;INTARIAN_PEPPER_ROOT;58032;12;;;;;58051;11;;;;;58041.5;0.0
45;39000;ASH_COATED_OSMIUM;9996;10;9993;12;;;10015;15;10016;14;;;10005.5;0.0
45;39000;INTARIAN_PEPPER_ROOT;58035;23;58033;10;58032;9;58048;11;58050;12;58051;8;58041.5;0.0
45;39100;ASH_COATED_OSMIUM;10000;12;9999;14;;;10016;11;10018;14;;;10008.0;0.0
45;39100;INTARIAN_PEPPER_ROOT;58029;8;;;;;58042;8;;;;;58035.5;0.0
45;39200;ASH_COATED_OSMIUM;9995;27;;;;;10005;30;;;;;10000.0;0.0
45;39200;INTARIAN_PEPPER_ROOT;58041;15;58040;12;;;58044;12;58047;8;;;58042.5;0.0
45;39300;ASH_COATED_OSMIUM;9993;20;9990;14;9987;12;10011;23;10014;13;10015;15;10002.0;0.0
45;39300;INTARIAN_PEPPER_ROOT;58030;10;58028;12;;;58043;11;58045;11;;;58036.5;0.0
45;39400;ASH_COATED_OSMIUM;9991;10;9988;12;9987;12;10010;11;10013;12;10015;27;10000.5;0.0
45;39400;INTARIAN_PEPPER_ROOT;58029;8;58027;12;;;58042;21;58045;23;;;58036.0;0.0
45;39500;ASH_COATED_OSMIUM;9992;13;;;;;10008;12;;;;;10000.5;0.0
45;39500;INTARIAN_PEPPER_ROOT;58034;12;58033;8;58032;9;58046;10;58048;12;58050;9;58040.0;0.0
45;39600;ASH_COATED_OSMIUM;9990;15;9989;14;;;10006;10;10007;14;;;9998.5;0.0
45;39600;INTARIAN_PEPPER_ROOT;58028;9;;;;;58043;10;;;;;58035.5;0.0
45;39700;ASH_COATED_OSMIUM;9992;11;9991;23;;;10008;10;10010;13;;;10000.5;0.0
45;39700;INTARIAN_PEPPER_ROOT;58031;12;;;;;58043;11;;;;;58037.0;0.0
45;39800;ASH_COATED_OSMIUM;9988;27;9986;11;9984;14;10001;11;10002;24;10003;13;9995.0;0.0
45;39800;INTARIAN_PEPPER_ROOT;58037;8;58035;15;;;58049;10;58052;10;;;58043.5;0.0
45;39900;ASH_COATED_OSMIUM;9994;10;9991;13;;;10010;11;10011;11;;;10002.0;0.0
45;39900;INTARIAN_PEPPER_ROOT;58036;10;;;;;58049;10;;;;;58042.5;0.0
45;40000;ASH_COATED_OSMIUM;9989;10;9988;12;;;10007;15;10009;13;;;9998.0;0.0
45;40000;INTARIAN_PEPPER_ROOT;58038;8;58035;9;;;58050;8;58051;11;;;58044.0;0.0
45;40100;ASH_COATED_OSMIUM;9985;13;9984;11;;;10006;30;10009;10;;;9996.0;0.0
45;40100;INTARIAN_PEPPER_ROOT;58031;7;58029;18;58028;12;58043;20;58044;11;58047;11;58037.5;0.0
45;40200;ASH_COATED_OSMIUM;9989;15;9988;11;;;10005;10;10007;11;;;9997.0;0.0
45;40200;INTARIAN_PEPPER_ROOT;58034;8;58031;10;;;58048;9;58051;9;;;58041.0;0.0
45;40300;ASH_COATED_OSMIUM;9987;15;9985;23;;;10003;15;10004;25;;;9995.0;0.0
45;40300;INTARIAN_PEPPER_ROOT;58032;11;58029;12;;;58045;12;58046;9;;;58039.0;0.0
45;40400;ASH_COATED_OSMIUM;9982;10;9979;13;;;9998;24;9999;27;;;9990.5;0.0
45;40400;INTARIAN_PEPPER_ROOT;58038;12;58037;8;58035;10;58041;21;58043;10;58045;19;58040.0;0.0
45;40500;ASH_COATED_OSMIUM;9983;23;9982;11;9981;15;9999;11;10001;14;10002;15;9991.0;0.0
45;40500;INTARIAN_PEPPER_ROOT;58036;8;58033;8;;;58049;12;58051;10;;;58042.5;0.0
45;40600;ASH_COATED_OSMIUM;9988;12;;;;;10009;10;;;;;9998.5;0.0
45;40600;INTARIAN_PEPPER_ROOT;58032;8;58030;12;;;58046;25;58047;10;;;58039.5;0.0
45;40700;ASH_COATED_OSMIUM;9984;15;9982;11;;;10000;11;10001;12;;;9992.0;0.0
45;40700;INTARIAN_PEPPER_ROOT;58033;10;;;;;58046;19;;;;;58040.0;0.0
45;40800;ASH_COATED_OSMIUM;9990;14;9989;10;9986;11;10006;13;10008;11;10011;12;9998.5;0.0
45;40800;INTARIAN_PEPPER_ROOT;58032;11;;;;;58049;15;;;;;58040.5;0.0
45;40900;ASH_COATED_OSMIUM;9987;25;;;;;10003;10;;;;;9995.0;0.0
45;40900;INTARIAN_PEPPER_ROOT;58029;12;58027;24;;;58045;9;58046;10;;;58037.5;0.0
45;41000;ASH_COATED_OSMIUM;9985;14;9984;12;9981;14;10003;12;10004;11;10007;11;9994.0;0.0
45;41000;INTARIAN_PEPPER_ROOT;58038;9;58037;11;;;58051;9;58053;18;;;58045.0;0.0
45;41100;ASH_COATED_OSMIUM;9995;15;9993;28;9990;10;10016;11;10017;15;10019;13;10005.5;0.0
45;41100;INTARIAN_PEPPER_ROOT;58033;11;58031;12;58028;15;58046;24;58049;12;58051;11;58040.0;0.0
45;41200;ASH_COATED_OSMIUM;9998;12;9997;14;9995;14;10017;12;10019;10;10020;13;10008.0;0.0
45;41200;INTARIAN_PEPPER_ROOT;58039;21;58036;8;;;58051;11;58052;17;;;58045.0;0.0
45;41300;ASH_COATED_OSMIUM;9996;23;9993;12;9991;14;10012;14;10014;14;10017;11;10004.0;0.0
45;41300;INTARIAN_PEPPER_ROOT;58030;11;;;;;58042;12;;;;;58036.5;0.0
45;41400;ASH_COATED_OSMIUM;9991;12;9989;21;;;10010;10;10011;27;;;10001.0;0.0
45;41400;INTARIAN_PEPPER_ROOT;58035;10;58032;8;;;58048;12;58051;9;;;58042.0;0.0
45;41500;ASH_COATED_OSMIUM;9990;13;;;;;10006;14;;;;;9998.0;0.0
45;41500;INTARIAN_PEPPER_ROOT;58034;12;58031;9;58028;23;58047;10;58048;19;58051;9;58041.0;0.0
45;41600;ASH_COATED_OSMIUM;9985;12;9984;13;9981;11;10001;14;10003;26;10006;12;9993.5;0.0
45;41600;INTARIAN_PEPPER_ROOT;58039;12;58038;12;58036;12;58051;11;58054;12;58055;10;58045.0;0.0
45;41700;ASH_COATED_OSMIUM;9988;10;9987;10;;;10006;14;10008;11;;;9997.5;0.0
45;41700;INTARIAN_PEPPER_ROOT;58037;11;58034;12;58032;8;58048;8;58051;9;58053;11;58043.0;0.0
45;41800;ASH_COATED_OSMIUM;9988;15;;;;;10007;13;;;;;9998.0;0.0
45;41800;INTARIAN_PEPPER_ROOT;58036;16;;;;;58048;10;;;;;58042.0;0.0
45;41900;ASH_COATED_OSMIUM;9991;13;9989;20;9987;12;10007;11;10010;13;10013;11;9999.5;0.0
45;41900;INTARIAN_PEPPER_ROOT;58033;10;58031;10;;;58047;8;58048;9;;;58040.0;0.0
45;42000;ASH_COATED_OSMIUM;9990;28;;;;;10006;14;;;;;9998.5;0.0
45;42000;INTARIAN_PEPPER_ROOT;58033;12;;;;;58046;11;;;;;58039.5;0.0
45;42100;ASH_COATED_OSMIUM;9992;10;;;;;10008;23;;;;;10000.5;0.0
45;42100;INTARIAN_PEPPER_ROOT;58037;12;58036;10;58035;11;58053;11;58056;11;58057;8;58045.5;0.0
45;42200;ASH_COATED_OSMIUM;9988;14;9985;13;9984;10;10007;11;10009;12;10011;15;9997.5;0.0
45;42200;INTARIAN_PEPPER_ROOT;58037;9;58034;9;58032;8;58050;12;58052;11;58053;8;58043.5;0.0
45;42300;ASH_COATED_OSMIUM;9995;11;9994;12;9991;12;10014;21;10016;15;10019;15;10005.0;0.0
45;42300;INTARIAN_PEPPER_ROOT;58033;10;;;;;58048;10;;;;;58041.0;0.0
45;42400;ASH_COATED_OSMIUM;9995;11;9994;27;9991;12;10014;15;10016;15;10017;12;10004.5;0.0
45;42400;INTARIAN_PEPPER_ROOT;58037;19;;;;;58049;12;;;;;58043.5;0.0
45;42500;ASH_COATED_OSMIUM;9993;10;;;;;10009;15;;;;;10001.5;0.0
45;42500;INTARIAN_PEPPER_ROOT;58039;9;58036;12;;;58052;10;58053;25;;;58046.0;0.0
45;42600;ASH_COATED_OSMIUM;9998;29;9996;11;;;10007;13;10009;11;;;10002.5;0.0
45;42600;INTARIAN_PEPPER_ROOT;58036;8;58034;10;58032;24;58049;8;58050;8;58052;11;58043.0;0.0
45;42700;ASH_COATED_OSMIUM;9993;11;9992;11;;;10009;13;10010;14;;;10001.5;0.0
45;42700;INTARIAN_PEPPER_ROOT;58033;10;58030;25;;;58047;9;58050;12;;;58040.0;0.0
45;42800;ASH_COATED_OSMIUM;9996;14;;;;;10012;13;;;;;10004.5;0.0
45;42800;INTARIAN_PEPPER_ROOT;58036;8;58034;23;58032;12;58049;8;58051;9;58053;8;58043.0;0.0
45;42900;ASH_COATED_OSMIUM;9994;15;9991;26;;;10010;14;10013;14;;;10002.0;0.0
45;42900;INTARIAN_PEPPER_ROOT;58033;10;;;;;58050;12;;;;;58042.0;0.0
45;43000;ASH_COATED_OSMIUM;9986;13;;;;;10002;10;;;;;9994.5;0.0
45;43000;INTARIAN_PEPPER_ROOT;58032;10;;;;;58046;19;;;;;58039.5;0.0
45;43100;ASH_COATED_OSMIUM;9985;11;9982;11;9981;12;10001;11;10003;14;10006;30;9993.5;0.0
45;43100;INTARIAN_PEPPER_ROOT;58038;20;58037;11;58036;11;58050;10;58053;11;58055;8;58044.0;0.0
45;43200;ASH_COATED_OSMIUM;9980;30;9979;14;;;9999;14;10000;11;;;9990.0;0.0
45;43200;INTARIAN_PEPPER_ROOT;58037;10;58035;10;58033;10;58051;9;58052;11;58054;9;58044.0;0.0
45;43300;ASH_COATED_OSMIUM;9985;10;9984;13;;;10001;14;10003;12;;;9993.0;0.0
45;43300;INTARIAN_PEPPER_ROOT;58038;8;58037;8;58035;12;58056;11;58058;9;58061;12;58047.5;0.0
45;43400;ASH_COATED_OSMIUM;9991;15;9989;12;9988;15;10007;11;10008;10;10011;13;9999.0;0.0
45;43400;INTARIAN_PEPPER_ROOT;58036;9;58033;11;;;58047;8;58048;5;;;58042.0;0.0
45;43500;ASH_COATED_OSMIUM;9992;21;9990;11;;;10008;12;10010;15;;;10000.0;0.0
45;43500;INTARIAN_PEPPER_ROOT;58040;9;58037;23;;;58054;12;58057;9;;;58047.0;0.0
45;43600;ASH_COATED_OSMIUM;9992;14;;;;;10010;10;;;;;10001.0;0.0
45;43600;INTARIAN_PEPPER_ROOT;58038;15;58037;8;;;58050;12;58051;22;;;58044.5;0.0
45;43700;ASH_COATED_OSMIUM;9995;12;9994;10;9992;27;10014;10;10017;27;10020;10;10004.5;0.0
45;43700;INTARIAN_PEPPER_ROOT;58033;10;58031;8;;;58045;11;58046;11;;;58039.5;0.0
45;43800;ASH_COATED_OSMIUM;9999;13;;;;;10017;15;;;;;10008.5;0.0
45;43800;INTARIAN_PEPPER_ROOT;58038;12;58036;11;;;58051;11;58053;8;;;58044.5;0.0
45;43900;ASH_COATED_OSMIUM;10006;12;10005;13;10003;13;10022;14;10025;12;10028;14;10014.0;0.0
45;43900;INTARIAN_PEPPER_ROOT;58035;18;58034;22;;;58051;11;58053;11;;;58043.0;0.0
45;44000;ASH_COATED_OSMIUM;10002;13;;;;;10018;14;;;;;10010.0;0.0
45;44000;INTARIAN_PEPPER_ROOT;58042;10;58040;15;;;58053;10;58056;12;;;58047.5;0.0
45;44100;ASH_COATED_OSMIUM;10004;13;10003;11;;;10020;14;10023;10;;;10012.0;0.0
45;44100;INTARIAN_PEPPER_ROOT;58039;10;58036;10;58033;15;58053;11;58056;12;58059;8;58046.5;0.0
45;44200;ASH_COATED_OSMIUM;10000;11;9997;15;9994;12;10016;27;10017;21;10019;13;10008.5;0.0
45;44200;INTARIAN_PEPPER_ROOT;58036;16;58033;11;58031;11;58049;17;58051;10;58052;10;58042.5;0.0
45;44300;ASH_COATED_OSMIUM;9999;11;;;;;10015;12;;;;;10007.5;0.0
45;44300;INTARIAN_PEPPER_ROOT;58039;10;58037;8;58034;15;58051;10;58052;12;58055;12;58045.5;0.0
45;44400;ASH_COATED_OSMIUM;9996;15;9994;2;;;10012;13;10014;14;;;10004.0;0.0
45;44400;INTARIAN_PEPPER_ROOT;58037;12;58035;12;58033;11;58053;11;58055;12;58057;12;58045.0;0.0
45;44500;ASH_COATED_OSMIUM;9989;10;9986;12;;;10005;10;10007;11;;;9997.5;0.0
45;44500;INTARIAN_PEPPER_ROOT;58037;9;58034;8;;;58046;8;58047;10;;;58042.0;0.0
45;44600;ASH_COATED_OSMIUM;9991;15;9989;10;9986;13;10007;12;10010;11;10011;12;9999.5;0.0
45;44600;INTARIAN_PEPPER_ROOT;58041;12;;;;;58055;9;;;;;58048.5;0.0
45;44700;ASH_COATED_OSMIUM;9988;10;;;;;10004;26;;;;;9996.0;0.0
45;44700;INTARIAN_PEPPER_ROOT;58037;12;58036;21;;;58052;8;58054;8;;;58044.5;0.0
45;44800;ASH_COATED_OSMIUM;9989;27;9987;13;9984;14;10005;15;10007;15;10010;11;9997.0;0.0
45;44800;INTARIAN_PEPPER_ROOT;58035;8;58033;11;;;58048;17;58051;16;;;58041.5;0.0
45;44900;ASH_COATED_OSMIUM;9981;12;;;;;9997;12;;;;;9989.5;0.0
45;44900;INTARIAN_PEPPER_ROOT;58037;10;58036;11;58033;8;58049;12;58050;8;58053;24;58043.0;0.0
45;45000;ASH_COATED_OSMIUM;9978;13;;;;;9994;12;;;;;9986.5;0.0
45;45000;INTARIAN_PEPPER_ROOT;58043;10;58041;11;;;58053;9;58054;9;;;58048.0;0.0
45;45100;ASH_COATED_OSMIUM;9983;11;;;;;9999;12;;;;;9991.5;0.0
45;45100;INTARIAN_PEPPER_ROOT;58039;10;58037;12;;;58052;10;58055;10;;;58046.0;0.0
45;45200;ASH_COATED_OSMIUM;9985;15;;;;;10001;27;;;;;9993.5;0.0
45;45200;INTARIAN_PEPPER_ROOT;58042;11;58039;9;;;58055;8;58057;10;;;58048.5;0.0
45;45300;ASH_COATED_OSMIUM;9987;28;9985;5;;;10003;10;10006;12;;;9995.5;0.0
45;45300;INTARIAN_PEPPER_ROOT;58041;25;;;;;58053;10;;;;;58047.5;0.0
45;45400;ASH_COATED_OSMIUM;9994;11;;;;;10003;22;;;;;9999.0;0.0
45;45400;INTARIAN_PEPPER_ROOT;58039;17;58036;12;;;58050;12;58053;12;;;58045.0;0.0
45;45500;ASH_COATED_OSMIUM;9990;10;9988;14;;;10006;11;10008;13;;;9998.5;0.0
45;45500;INTARIAN_PEPPER_ROOT;58036;10;58035;11;58033;11;58052;11;58054;23;58057;24;58044.0;0.0
45;45600;ASH_COATED_OSMIUM;9989;13;;;;;10007;12;;;;;9998.5;0.0
45;45600;INTARIAN_PEPPER_ROOT;58038;12;;;;;58049;9;;;;;58043.5;0.0
45;45700;ASH_COATED_OSMIUM;9988;13;;;;;10004;15;;;;;9996.0;0.0
45;45700;INTARIAN_PEPPER_ROOT;58036;22;58033;22;;;58053;12;58055;10;;;58045.0;0.0
45;45800;ASH_COATED_OSMIUM;9989;10;9988;11;;;10005;10;10006;12;;;9997.0;0.0
45;45800;INTARIAN_PEPPER_ROOT;58037;12;58035;18;58033;12;58053;9;58055;8;58056;10;58045.0;0.0
45;45900;ASH_COATED_OSMIUM;9981;11;9978;13;;;9997;13;10000;11;;;9989.0;0.0
45;45900;INTARIAN_PEPPER_ROOT;58036;8;58034;8;;;58049;10;58051;9;;;58043.0;0.0
45;46000;ASH_COATED_OSMIUM;9978;11;;;;;9996;15;;;;;9987.5;0.0
45;46000;INTARIAN_PEPPER_ROOT;58035;10;;;;;58047;8;;;;;58041.0;0.0
45;46100;ASH_COATED_OSMIUM;9982;10;;;;;9998;25;;;;;9990.0;0.0
45;46100;INTARIAN_PEPPER_ROOT;58038;17;;;;;58051;8;;;;;58045.0;0.0
45;46200;ASH_COATED_OSMIUM;9985;14;;;;;10004;20;;;;;9995.0;0.0
45;46200;INTARIAN_PEPPER_ROOT;58040;11;58037;9;;;58056;5;58057;10;;;58048.0;0.0
45;46300;ASH_COATED_OSMIUM;9988;11;9985;14;9983;14;10004;15;10007;14;10009;15;9996.5;0.0
45;46300;INTARIAN_PEPPER_ROOT;58035;8;58034;9;58031;11;58049;8;58050;20;58052;9;58042.0;0.0
45;46400;ASH_COATED_OSMIUM;9987;13;9985;26;;;10003;10;10004;11;;;9995.5;0.0
45;46400;INTARIAN_PEPPER_ROOT;58038;15;58036;11;;;58050;10;58051;10;;;58044.0;0.0
45;46500;ASH_COATED_OSMIUM;9987;12;;;;;10003;13;;;;;9995.0;0.0
45;46500;INTARIAN_PEPPER_ROOT;58034;23;;;;;58051;12;;;;;58043.0;0.0
45;46600;ASH_COATED_OSMIUM;9988;27;9985;4;;;10004;13;10007;12;;;9996.0;0.0
45;46600;INTARIAN_PEPPER_ROOT;58044;11;58043;10;;;58055;11;58057;8;;;58050.0;0.0
45;46700;ASH_COATED_OSMIUM;9994;10;9993;12;;;10004;11;10006;11;;;9999.5;0.0
45;46700;INTARIAN_PEPPER_ROOT;58040;9;58039;12;;;58054;11;58056;17;;;58047.0;0.0
45;46800;ASH_COATED_OSMIUM;9988;15;9987;23;;;10009;21;10012;14;;;9998.5;0.0
45;46800;INTARIAN_PEPPER_ROOT;58045;12;58043;15;58041;10;58057;10;58059;12;58061;22;58051.0;0.0
45;46900;ASH_COATED_OSMIUM;9988;15;9987;15;;;10007;11;10010;14;;;9997.5;0.0
45;46900;INTARIAN_PEPPER_ROOT;58040;9;;;;;58052;9;;;;;58046.5;0.0
45;47000;ASH_COATED_OSMIUM;9983;11;9980;11;9977;14;10001;12;10004;10;10005;14;9992.0;0.0
45;47000;INTARIAN_PEPPER_ROOT;58038;9;;;;;58055;10;;;;;58046.5;0.0
45;47100;ASH_COATED_OSMIUM;9987;10;9985;12;;;10003;13;10005;12;;;9995.0;0.0
45;47100;INTARIAN_PEPPER_ROOT;58042;12;58039;11;;;58053;12;58054;10;;;58048.0;0.0
45;47200;ASH_COATED_OSMIUM;9986;12;9984;10;;;10005;13;10007;15;;;9995.5;0.0
45;47200;INTARIAN_PEPPER_ROOT;58040;10;58037;8;58034;9;58055;10;58056;10;58059;9;58047.5;0.0
45;47300;ASH_COATED_OSMIUM;9987;14;9985;25;;;10003;12;10006;14;;;9995.0;0.0
45;47300;INTARIAN_PEPPER_ROOT;58041;11;;;;;58055;10;;;;;58048.0;0.0
45;47400;ASH_COATED_OSMIUM;9984;25;9981;12;;;10003;14;10005;15;;;9994.0;0.0
45;47400;INTARIAN_PEPPER_ROOT;58040;15;58037;11;58035;12;58052;8;58055;11;58056;20;58046.5;0.0
45;47500;ASH_COATED_OSMIUM;9986;10;9985;12;9983;11;10002;11;10003;12;10006;13;9994.5;0.0
45;47500;INTARIAN_PEPPER_ROOT;58036;11;58033;10;58031;8;58050;9;58052;11;58054;12;58043.5;0.0
45;47600;ASH_COATED_OSMIUM;9983;11;9981;14;9979;13;10001;10;10002;10;10004;22;9992.0;0.0
45;47600;INTARIAN_PEPPER_ROOT;58041;11;58040;18;58038;8;58052;19;58053;12;58056;10;58047.0;0.0
45;47700;ASH_COATED_OSMIUM;9983;11;;;;;9999;25;;;;;9991.0;0.0
45;47700;INTARIAN_PEPPER_ROOT;58042;11;58040;18;;;58054;8;58055;11;;;58048.0;0.0
45;47800;ASH_COATED_OSMIUM;9980;13;9979;11;9978;15;9999;10;10002;11;10005;15;9989.5;0.0
45;47800;INTARIAN_PEPPER_ROOT;58038;12;58037;12;58035;11;58052;8;58054;8;58057;20;58045.0;0.0
45;47900;ASH_COATED_OSMIUM;9985;14;;;;;10001;11;;;;;9993.5;0.0
45;47900;INTARIAN_PEPPER_ROOT;58040;11;58038;12;;;58054;11;58055;21;;;58047.0;0.0
45;48000;ASH_COATED_OSMIUM;9985;15;9984;10;;;10001;10;10002;10;;;9993.0;0.0
45;48000;INTARIAN_PEPPER_ROOT;58041;12;;;;;58054;10;;;;;58048.0;0.0
45;48100;ASH_COATED_OSMIUM;9984;26;;;;;10000;11;;;;;9992.5;0.0
45;48100;INTARIAN_PEPPER_ROOT;58038;11;58035;11;;;58052;11;58053;10;;;58045.5;0.0
45;48200;ASH_COATED_OSMIUM;9988;11;;;;;10004;15;;;;;9996.5;0.0
45;48200;INTARIAN_PEPPER_ROOT;58040;12;;;;;58053;12;;;;;58046.5;0.0
45;48300;ASH_COATED_OSMIUM;9993;26;9991;14;;;10002;11;10005;13;;;9997.5;0.0
45;48300;INTARIAN_PEPPER_ROOT;58045;11;;;;;58057;10;;;;;58051.0;0.0
45;48400;ASH_COATED_OSMIUM;9995;15;9993;10;;;10001;14;10004;15;;;9998.0;0.0
45;48400;INTARIAN_PEPPER_ROOT;58034;25;;;;;58049;9;;;;;58042.0;0.0
45;48500;ASH_COATED_OSMIUM;9991;14;9988;14;;;10010;29;10011;15;;;10000.5;0.0
45;48500;INTARIAN_PEPPER_ROOT;58038;12;58037;11;58036;9;58055;8;58056;12;58057;8;58046.5;0.0
45;48600;ASH_COATED_OSMIUM;9992;22;9990;11;;;10008;10;10010;10;;;10000.0;0.0
45;48600;INTARIAN_PEPPER_ROOT;58047;19;;;;;58049;10;;;;;58048.5;0.0
45;48700;ASH_COATED_OSMIUM;9989;12;9988;10;;;10007;27;10009;10;;;9998.0;0.0
45;48700;INTARIAN_PEPPER_ROOT;58038;11;58037;21;58036;11;58050;12;58051;9;58053;12;58044.0;0.0
45;48800;ASH_COATED_OSMIUM;9998;14;;;;;10004;10;;;;;10001.0;0.0
45;48800;INTARIAN_PEPPER_ROOT;58038;10;;;;;58050;8;;;;;58044.5;0.0
45;48900;ASH_COATED_OSMIUM;9992;12;9989;12;;;10008;4;10010;13;;;10000.5;0.0
45;48900;INTARIAN_PEPPER_ROOT;58042;10;58039;10;58037;17;58055;10;58056;8;58058;10;58048.5;0.0
45;49000;ASH_COATED_OSMIUM;9989;25;;;;;10005;15;;;;;9997.0;0.0
45;49000;INTARIAN_PEPPER_ROOT;58041;12;58040;9;;;58054;11;58056;12;;;58048.0;0.0
45;49100;ASH_COATED_OSMIUM;9989;11;9986;13;9984;28;10005;11;10008;11;10009;13;9997.5;0.0
45;49100;INTARIAN_PEPPER_ROOT;58044;17;58042;11;;;58056;8;58058;11;;;58050.5;0.0
45;49200;ASH_COATED_OSMIUM;9983;10;9981;5;9979;27;10002;13;10003;12;10006;30;9993.0;0.0
45;49200;INTARIAN_PEPPER_ROOT;58046;10;;;;;58060;9;;;;;58053.5;0.0
45;49300;ASH_COATED_OSMIUM;9984;15;9981;26;9978;15;10000;12;10001;10;10002;10;9992.5;0.0
45;49300;INTARIAN_PEPPER_ROOT;58043;10;;;;;58059;8;;;;;58051.0;0.0
45;49400;ASH_COATED_OSMIUM;9982;7;;;;;10001;28;;;;;9992.0;0.0
45;49400;INTARIAN_PEPPER_ROOT;58042;12;58039;9;;;58056;18;58057;9;;;58049.0;0.0
45;49500;ASH_COATED_OSMIUM;9984;15;9981;12;9978;13;10000;27;10003;23;10005;14;9992.0;0.0
45;49500;INTARIAN_PEPPER_ROOT;58040;11;58038;3;;;58053;8;58056;9;;;58046.5;0.0
45;49600;ASH_COATED_OSMIUM;9989;29;;;;;10005;13;;;;;9997.0;0.0
45;49600;INTARIAN_PEPPER_ROOT;58039;10;;;;;58056;11;;;;;58048.0;0.0
45;49700;ASH_COATED_OSMIUM;9992;14;9991;13;9990;14;10008;14;10010;12;10012;22;10000.0;0.0
45;49700;INTARIAN_PEPPER_ROOT;58044;11;58042;8;58040;8;58057;11;58060;8;58063;11;58050.5;0.0
45;49800;ASH_COATED_OSMIUM;9992;12;;;;;10008;11;;;;;10000.0;0.0
45;49800;INTARIAN_PEPPER_ROOT;58041;8;;;;;58061;10;;;;;58051.0;0.0
45;49900;ASH_COATED_OSMIUM;9998;14;9995;27;;;10014;11;10017;11;;;10006.0;0.0
45;49900;INTARIAN_PEPPER_ROOT;58049;12;58048;15;;;58052;25;58054;10;;;58050.5;0.0
45;50000;ASH_COATED_OSMIUM;9997;10;;;;;10013;10;;;;;10005.0;0.0
45;50000;INTARIAN_PEPPER_ROOT;58043;12;58042;10;;;58055;10;58056;8;;;58049.5;0.0
45;50100;ASH_COATED_OSMIUM;9994;14;9993;14;9992;10;10010;12;10012;12;10014;10;10002.0;0.0
45;50100;INTARIAN_PEPPER_ROOT;58043;11;;;;;58059;10;;;;;58051.0;0.0
45;50200;ASH_COATED_OSMIUM;9989;11;;;;;10005;30;;;;;9997.5;0.0
45;50200;INTARIAN_PEPPER_ROOT;58045;9;;;;;58058;8;;;;;58051.5;0.0
45;50300;ASH_COATED_OSMIUM;9992;11;;;;;10008;15;;;;;10000.5;0.0
45;50300;INTARIAN_PEPPER_ROOT;58046;6;58043;9;58042;8;58057;9;58058;9;58059;12;58051.5;0.0
45;50400;ASH_COATED_OSMIUM;9996;14;;;;;10012;10;;;;;10004.0;0.0
45;50400;INTARIAN_PEPPER_ROOT;58045;12;;;;;58058;11;;;;;58051.5;0.0
45;50500;ASH_COATED_OSMIUM;9991;15;9990;25;;;10009;15;10010;14;;;10000.5;0.0
45;50500;INTARIAN_PEPPER_ROOT;58045;16;58042;15;58041;12;58056;10;58058;11;58061;12;58050.5;0.0
45;50600;ASH_COATED_OSMIUM;9991;13;;;;;10010;12;;;;;10001.0;0.0
45;50600;INTARIAN_PEPPER_ROOT;58043;25;58040;9;;;58059;8;58061;19;;;58051.5;0.0
45;50700;ASH_COATED_OSMIUM;9986;28;9984;29;;;10002;12;10003;12;;;9994.5;0.0
45;50700;INTARIAN_PEPPER_ROOT;58044;18;58042;9;58039;10;58055;11;58058;10;58061;10;58049.5;0.0
45;50800;ASH_COATED_OSMIUM;9991;13;;;;;10007;23;;;;;9999.5;0.0
45;50800;INTARIAN_PEPPER_ROOT;58045;7;;;;;58059;11;;;;;58052.5;0.0
45;50900;ASH_COATED_OSMIUM;9993;23;9991;13;9988;13;10009;25;10012;14;10014;11;10001.0;0.0
45;50900;INTARIAN_PEPPER_ROOT;58046;9;58044;12;;;58057;21;58059;9;;;58051.5;0.0
45;51000;ASH_COATED_OSMIUM;10003;14;10001;10;;;10012;13;10013;22;;;10007.5;0.0
45;51000;INTARIAN_PEPPER_ROOT;58043;12;58042;12;;;58055;21;58056;11;;;58049.5;0.0
45;51100;ASH_COATED_OSMIUM;9998;28;9995;12;;;10014;27;10015;10;;;10006.5;0.0
45;51100;INTARIAN_PEPPER_ROOT;58040;12;58037;8;;;58057;12;58059;11;;;58048.5;0.0
45;51200;ASH_COATED_OSMIUM;9997;14;;;;;10013;11;;;;;10005.5;0.0
45;51200;INTARIAN_PEPPER_ROOT;58047;9;;;;;58059;11;;;;;58053.0;0.0
45;51300;ASH_COATED_OSMIUM;9997;13;;;;;10013;20;;;;;10005.5;0.0
45;51300;INTARIAN_PEPPER_ROOT;58042;21;;;;;58055;12;;;;;58048.5;0.0
45;51400;ASH_COATED_OSMIUM;9995;14;;;;;10011;12;;;;;10003.0;0.0
45;51400;INTARIAN_PEPPER_ROOT;58040;11;58038;9;58036;17;58052;8;58054;15;58057;10;58046.5;0.0
45;51500;ASH_COATED_OSMIUM;9996;14;9994;11;;;10012;13;10013;26;;;10004.0;0.0
45;51500;INTARIAN_PEPPER_ROOT;58044;9;58043;12;;;58058;11;58060;9;;;58051.0;0.0
45;51600;ASH_COATED_OSMIUM;9994;11;9992;10;;;10010;12;10011;13;;;10002.5;0.0
45;51600;INTARIAN_PEPPER_ROOT;58043;8;58041;10;;;58056;11;58057;21;;;58050.0;0.0
45;51700;ASH_COATED_OSMIUM;9999;11;9997;11;;;10015;10;10017;15;;;10007.5;0.0
45;51700;INTARIAN_PEPPER_ROOT;58043;10;58040;9;;;58062;10;58064;11;;;58053.0;0.0
45;51800;ASH_COATED_OSMIUM;10002;13;10000;12;9997;15;10018;10;10020;12;10021;14;10010.5;0.0
45;51800;INTARIAN_PEPPER_ROOT;58043;10;;;;;58057;19;;;;;58050.0;0.0
45;51900;ASH_COATED_OSMIUM;9995;15;9994;13;;;10011;13;10014;20;;;10003.5;0.0
45;51900;INTARIAN_PEPPER_ROOT;58047;10;58044;8;58043;12;58049;11;58050;8;58052;8;58048.5;0.0
45;52000;ASH_COATED_OSMIUM;9993;11;;;;;10009;11;;;;;10001.0;0.0
45;52000;INTARIAN_PEPPER_ROOT;58047;10;;;;;58060;10;;;;;58053.5;0.0
45;52100;ASH_COATED_OSMIUM;9992;15;9990;14;;;10008;25;10011;10;;;10000.0;0.0
45;52100;INTARIAN_PEPPER_ROOT;58048;11;58047;15;58044;12;58061;23;58064;10;58067;10;58054.5;0.0
45;52200;ASH_COATED_OSMIUM;9997;21;9996;11;;;10013;27;10015;10;;;10005.5;0.0
45;52200;INTARIAN_PEPPER_ROOT;58045;25;58044;8;58041;12;58061;19;58064;10;58067;23;58053.0;0.0
45;52300;ASH_COATED_OSMIUM;9996;13;9995;10;9993;22;10012;14;10013;10;10014;26;10004.0;0.0
45;52300;INTARIAN_PEPPER_ROOT;58046;11;;;;;58059;10;;;;;58052.5;0.0
45;52400;ASH_COATED_OSMIUM;9998;10;9997;20;;;10014;11;10015;24;;;10006.0;0.0
45;52400;INTARIAN_PEPPER_ROOT;58046;11;58045;11;;;58059;8;58061;10;;;58052.5;0.0
45;52500;ASH_COATED_OSMIUM;9995;13;9992;11;9991;13;10014;11;10015;29;10017;15;10004.5;0.0
45;52500;INTARIAN_PEPPER_ROOT;58047;9;58044;21;;;58059;10;58061;11;;;58053.0;0.0
45;52600;ASH_COATED_OSMIUM;9994;13;9992;10;9989;12;10015;12;10017;20;10020;14;10005.0;0.0
45;52600;INTARIAN_PEPPER_ROOT;58048;10;;;;;58050;11;;;;;58049.5;0.0
45;52700;ASH_COATED_OSMIUM;9998;14;;;;;10014;23;;;;;10006.5;0.0
45;52700;INTARIAN_PEPPER_ROOT;58048;10;;;;;58061;10;;;;;58055.0;0.0
45;52800;ASH_COATED_OSMIUM;9992;12;9990;10;;;10008;11;10010;14;;;10000.5;0.0
45;52800;INTARIAN_PEPPER_ROOT;58048;11;;;;;58059;8;;;;;58054.0;0.0
45;52900;ASH_COATED_OSMIUM;9992;15;9989;10;9988;14;10010;11;10012;14;10015;13;10001.5;0.0
45;52900;INTARIAN_PEPPER_ROOT;58047;9;58045;12;;;58059;12;58061;8;;;58053.5;0.0
45;53000;ASH_COATED_OSMIUM;9993;29;;;;;10009;13;;;;;10001.0;0.0
45;53000;INTARIAN_PEPPER_ROOT;58049;17;58046;10;58043;18;58063;16;58066;16;58068;10;58056.5;0.0
45;53100;ASH_COATED_OSMIUM;9996;10;9994;12;9992;12;10012;10;10013;28;10015;14;10004.5;0.0
45;53100;INTARIAN_PEPPER_ROOT;58049;12;58046;12;58044;11;58061;12;58063;12;58064;12;58055.0;0.0
45;53200;ASH_COATED_OSMIUM;9999;15;9998;13;9995;21;10015;15;10016;11;10018;12;10007.5;0.0
45;53200;INTARIAN_PEPPER_ROOT;58045;11;58043;8;;;58059;12;58060;8;;;58052.0;0.0
45;53300;ASH_COATED_OSMIUM;9999;11;;;;;10015;14;;;;;10007.0;0.0
45;53300;INTARIAN_PEPPER_ROOT;58048;11;58047;9;;;58062;11;58063;12;;;58055.0;0.0
45;53400;ASH_COATED_OSMIUM;9992;13;9989;11;;;10008;10;10009;11;;;10000.5;0.0
45;53400;INTARIAN_PEPPER_ROOT;58048;11;;;;;58060;9;;;;;58054.5;0.0
45;53500;ASH_COATED_OSMIUM;9991;10;9990;14;;;10007;14;10008;15;;;9999.0;0.0
45;53500;INTARIAN_PEPPER_ROOT;58045;10;58044;10;58043;8;58058;11;58061;11;58063;9;58052.0;0.0
45;53600;ASH_COATED_OSMIUM;9989;10;9987;15;;;10007;15;10008;10;;;9998.0;0.0
45;53600;INTARIAN_PEPPER_ROOT;58047;12;58045;10;;;58059;9;58062;10;;;58053.5;0.0
45;53700;ASH_COATED_OSMIUM;9993;29;;;;;10009;4;;;;;10001.0;0.0
45;53700;INTARIAN_PEPPER_ROOT;58044;8;58041;8;58038;11;58057;11;58059;19;58062;12;58051.0;0.0
45;53800;ASH_COATED_OSMIUM;10000;15;9999;13;9996;12;10016;10;10017;12;10018;12;10008.0;0.0
45;53800;INTARIAN_PEPPER_ROOT;58047;8;58046;10;58044;12;58059;12;58060;22;58062;12;58053.5;0.0
45;53900;ASH_COATED_OSMIUM;9995;13;9994;12;9993;12;10014;12;10015;10;10016;30;10005.0;0.0
45;53900;INTARIAN_PEPPER_ROOT;58045;10;;;;;58058;8;;;;;58052.0;0.0
45;54000;ASH_COATED_OSMIUM;9996;11;9995;13;;;10012;11;10013;13;;;10004.0;0.0
45;54000;INTARIAN_PEPPER_ROOT;58045;16;58042;9;58039;11;58057;11;58059;5;58061;10;58051.0;0.0
45;54100;ASH_COATED_OSMIUM;9994;28;;;;;10012;10;;;;;10003.5;0.0
45;54100;INTARIAN_PEPPER_ROOT;58047;12;;;;;58064;11;;;;;58055.5;0.0
45;54200;ASH_COATED_OSMIUM;9992;11;9991;14;;;10002;11;10003;14;;;9997.0;0.0
45;54200;INTARIAN_PEPPER_ROOT;58050;8;58049;11;;;58064;10;58066;25;;;58057.5;0.0
45;54300;ASH_COATED_OSMIUM;9992;14;;;;;10010;14;;;;;10001.0;0.0
45;54300;INTARIAN_PEPPER_ROOT;58045;10;58044;8;;;58060;12;58062;8;;;58052.5;0.0
45;54400;ASH_COATED_OSMIUM;9994;15;9993;15;9990;12;10010;13;10012;27;10014;14;10002.5;0.0
45;54400;INTARIAN_PEPPER_ROOT;58048;3;;;;;58061;8;;;;;58054.5;0.0
45;54500;ASH_COATED_OSMIUM;9992;12;9991;14;9990;13;10010;10;10011;11;10014;12;10001.5;0.0
45;54500;INTARIAN_PEPPER_ROOT;58048;17;;;;;58061;8;;;;;58055.0;0.0
45;54600;ASH_COATED_OSMIUM;9997;12;;;;;10006;26;;;;;10002.0;0.0
45;54600;INTARIAN_PEPPER_ROOT;58045;10;;;;;58059;9;;;;;58052.5;0.0
45;54700;ASH_COATED_OSMIUM;9991;12;9988;9;;;10009;11;10012;14;;;10000.0;0.0
45;54700;INTARIAN_PEPPER_ROOT;58048;3;58045;11;;;58062;10;58063;11;;;58055.5;0.0
45;54800;ASH_COATED_OSMIUM;9990;12;;;;;10008;26;;;;;9999.5;0.0
45;54800;INTARIAN_PEPPER_ROOT;58049;22;58046;12;58045;12;58063;9;58066;12;58068;10;58056.0;0.0
45;54900;ASH_COATED_OSMIUM;9993;12;9991;14;9988;11;10014;12;10016;25;10019;13;10003.5;0.0
45;54900;INTARIAN_PEPPER_ROOT;58046;11;58043;11;;;58060;9;58063;10;;;58053.5;0.0
45;55000;ASH_COATED_OSMIUM;9997;15;9996;11;;;10013;22;10016;11;;;10005.0;0.0
45;55000;INTARIAN_PEPPER_ROOT;58046;9;58043;9;;;58061;11;58064;11;;;58053.5;0.0
45;55100;ASH_COATED_OSMIUM;9990;11;;;;;10008;10;;;;;9999.5;0.0
45;55100;INTARIAN_PEPPER_ROOT;58047;10;58046;10;58044;10;58060;8;58061;8;58063;10;58053.5;0.0
45;55200;ASH_COATED_OSMIUM;9985;14;;;;;10001;10;;;;;9993.5;0.0
45;55200;INTARIAN_PEPPER_ROOT;58050;10;58048;9;58045;8;58061;19;58064;8;58066;11;58056.0;0.0
45;55300;ASH_COATED_OSMIUM;9994;3;9992;14;9989;10;10010;11;10012;23;10015;14;10002.5;0.0
45;55300;INTARIAN_PEPPER_ROOT;58049;8;58046;8;58045;11;58061;12;58062;12;58064;9;58055.5;0.0
45;55400;ASH_COATED_OSMIUM;9996;14;;;;;10012;14;;;;;10004.0;0.0
45;55400;INTARIAN_PEPPER_ROOT;58052;6;;;;;58064;8;;;;;58058.0;0.0
45;55500;ASH_COATED_OSMIUM;9995;12;9994;30;;;10011;14;10013;10;;;10003.5;0.0
45;55500;INTARIAN_PEPPER_ROOT;58054;11;58051;18;;;58056;11;58058;8;;;58055.5;0.0
45;55600;ASH_COATED_OSMIUM;9992;15;9991;10;;;10008;15;10011;14;;;10000.0;0.0
45;55600;INTARIAN_PEPPER_ROOT;58052;10;;;;;58064;8;;;;;58058.5;0.0
45;55700;ASH_COATED_OSMIUM;9993;10;9990;11;9989;11;10011;10;10014;20;10017;15;10002.0;0.0
45;55700;INTARIAN_PEPPER_ROOT;58050;10;;;;;58063;12;;;;;58056.5;0.0
45;55800;ASH_COATED_OSMIUM;9995;14;9993;12;;;10011;13;10012;10;;;10003.5;0.0
45;55800;INTARIAN_PEPPER_ROOT;58047;12;;;;;58061;8;;;;;58054.0;0.0
45;55900;ASH_COATED_OSMIUM;9998;12;9996;15;;;10014;10;10017;2;;;10006.0;0.0
45;55900;INTARIAN_PEPPER_ROOT;58052;9;;;;;58066;9;;;;;58059.0;0.0
45;56000;ASH_COATED_OSMIUM;9996;22;9995;13;;;10012;10;10013;15;;;10004.0;0.0
45;56000;INTARIAN_PEPPER_ROOT;58053;11;58050;15;58048;8;58066;9;58068;22;58069;10;58060.0;0.0
45;56100;ASH_COATED_OSMIUM;9999;12;9997;13;;;10017;28;10018;13;;;10008.5;0.0
45;56100;INTARIAN_PEPPER_ROOT;58051;9;;;;;58063;7;;;;;58057.0;0.0
45;56200;ASH_COATED_OSMIUM;10005;12;10003;10;;;10021;13;10024;11;;;10013.0;0.0
45;56200;INTARIAN_PEPPER_ROOT;58050;9;58048;20;58047;8;58063;11;58066;8;58068;12;58056.5;0.0
45;56300;ASH_COATED_OSMIUM;9994;11;9993;12;;;10012;12;10015;15;;;10003.5;0.0
45;56300;INTARIAN_PEPPER_ROOT;58052;9;;;;;58065;8;;;;;58058.5;0.0
45;56400;ASH_COATED_OSMIUM;9996;11;;;;;10007;20;;;;;10002.0;0.0
45;56400;INTARIAN_PEPPER_ROOT;58047;12;58046;15;;;58060;22;58061;11;;;58054.0;0.0
45;56500;ASH_COATED_OSMIUM;9992;11;;;;;10008;6;;;;;10000.5;0.0
45;56500;INTARIAN_PEPPER_ROOT;58051;8;58049;8;;;58063;8;58065;9;;;58057.0;0.0
45;56600;ASH_COATED_OSMIUM;9996;15;9993;13;9992;14;10012;13;10014;11;10017;30;10004.5;0.0
45;56600;INTARIAN_PEPPER_ROOT;58050;23;58047;24;;;58065;10;58067;9;;;58057.5;0.0
45;56700;ASH_COATED_OSMIUM;9994;14;9992;22;;;10010;11;10013;15;;;10002.5;0.0
45;56700;INTARIAN_PEPPER_ROOT;58049;9;;;;;58062;25;;;;;58055.5;0.0
45;56800;ASH_COATED_OSMIUM;9987;11;9986;15;;;10003;23;10004;10;;;9995.5;0.0
45;56800;INTARIAN_PEPPER_ROOT;58045;9;58043;12;;;58058;21;58060;8;;;58052.0;0.0
45;56900;ASH_COATED_OSMIUM;9994;12;;;;;10010;11;;;;;10002.5;0.0
45;56900;INTARIAN_PEPPER_ROOT;58050;12;58047;12;;;58061;9;58063;21;;;58056.0;0.0
45;57000;ASH_COATED_OSMIUM;9989;24;9986;15;9983;12;10005;13;10006;12;10008;12;9997.5;0.0
45;57000;INTARIAN_PEPPER_ROOT;58051;10;;;;;58065;8;;;;;58058.5;0.0
45;57100;ASH_COATED_OSMIUM;9990;13;9987;12;9986;14;10006;12;10007;20;10009;10;9998.0;0.0
45;57100;INTARIAN_PEPPER_ROOT;58053;11;58050;10;58047;10;58067;10;58069;22;58070;11;58060.5;0.0
45;57200;ASH_COATED_OSMIUM;9988;15;;;;;10007;5;;;;;9998.0;0.0
45;57200;INTARIAN_PEPPER_ROOT;58054;9;58053;11;;;58068;9;58069;8;;;58061.0;0.0
45;57300;ASH_COATED_OSMIUM;9987;15;9984;11;;;10003;25;10005;10;;;9995.5;0.0
45;57300;INTARIAN_PEPPER_ROOT;58052;8;;;;;58066;11;;;;;58059.0;0.0
45;57400;ASH_COATED_OSMIUM;9991;12;;;;;10010;22;;;;;10001.0;0.0
45;57400;INTARIAN_PEPPER_ROOT;58053;8;58051;9;58048;12;58066;9;58068;10;58070;18;58060.0;0.0
45;57500;ASH_COATED_OSMIUM;9990;14;;;;;10000;15;;;;;9995.5;0.0
45;57500;INTARIAN_PEPPER_ROOT;58051;8;58048;11;58046;19;58068;12;58070;12;58073;12;58060.0;0.0
45;57600;ASH_COATED_OSMIUM;9990;11;9989;15;;;10008;29;10011;10;;;9999.0;0.0
45;57600;INTARIAN_PEPPER_ROOT;58050;10;58047;8;;;58067;10;58070;10;;;58059.0;0.0
45;57700;ASH_COATED_OSMIUM;9987;12;9986;15;;;10003;10;10005;14;;;9995.5;0.0
45;57700;INTARIAN_PEPPER_ROOT;58056;10;58054;19;;;58069;9;58071;25;;;58062.5;0.0
45;57800;ASH_COATED_OSMIUM;9991;10;9988;11;9985;29;10010;10;10012;10;10013;13;10000.5;0.0
45;57800;INTARIAN_PEPPER_ROOT;58049;22;;;;;58066;9;;;;;58057.5;0.0
45;57900;ASH_COATED_OSMIUM;9995;28;9994;11;;;10014;13;10016;11;;;10005.0;0.0
45;57900;INTARIAN_PEPPER_ROOT;58051;11;58048;10;;;58067;21;58068;16;;;58059.0;0.0
45;58000;ASH_COATED_OSMIUM;9993;21;9990;13;;;10009;14;10011;15;;;10001.0;0.0
45;58000;INTARIAN_PEPPER_ROOT;58050;3;;;;;58066;8;;;;;58058.0;0.0
45;58100;ASH_COATED_OSMIUM;9987;10;;;;;10006;10;;;;;9996.5;0.0
45;58100;INTARIAN_PEPPER_ROOT;58046;10;58044;8;;;58061;9;58063;8;;;58054.0;0.0
45;58200;ASH_COATED_OSMIUM;9995;29;9993;10;;;10011;15;10012;11;;;10003.0;0.0
45;58200;INTARIAN_PEPPER_ROOT;58052;10;;;;;58068;9;;;;;58060.5;0.0
45;58300;ASH_COATED_OSMIUM;9994;15;;;;;10010;14;;;;;10002.5;0.0
45;58300;INTARIAN_PEPPER_ROOT;58054;8;58051;10;;;58069;11;58071;11;;;58062.0;0.0
45;58400;ASH_COATED_OSMIUM;9993;11;9992;12;;;10009;13;10010;14;;;10001.0;0.0
45;58400;INTARIAN_PEPPER_ROOT;58054;8;58053;9;58052;16;58066;9;58067;10;58069;12;58060.5;0.0
45;58500;ASH_COATED_OSMIUM;9991;13;9988;20;;;10007;14;10010;10;;;9999.5;0.0
45;58500;INTARIAN_PEPPER_ROOT;58057;8;;;;;58069;11;;;;;58063.5;0.0
45;58600;ASH_COATED_OSMIUM;9993;13;9992;15;;;10009;11;10010;20;;;10001.0;0.0
45;58600;INTARIAN_PEPPER_ROOT;58056;8;58053;11;;;58069;19;58072;8;;;58063.0;0.0
45;58700;ASH_COATED_OSMIUM;9995;11;;;;;10011;15;;;;;10003.0;0.0
45;58700;INTARIAN_PEPPER_ROOT;58055;9;58053;8;58052;24;58068;8;58069;3;58071;19;58062.0;0.0
45;58800;ASH_COATED_OSMIUM;9997;14;9995;21;9994;15;10013;20;10015;22;10018;15;10005.5;0.0
45;58800;INTARIAN_PEPPER_ROOT;58051;11;58050;11;;;58064;10;58067;8;;;58057.5;0.0
45;58900;ASH_COATED_OSMIUM;9994;11;9993;11;;;10012;11;10015;12;;;10003.0;0.0
45;58900;INTARIAN_PEPPER_ROOT;58055;8;58052;9;58050;9;58066;9;58068;24;58069;11;58061.0;0.0
45;59000;ASH_COATED_OSMIUM;9992;10;9989;13;;;10008;11;10009;11;;;10000.5;0.0
45;59000;INTARIAN_PEPPER_ROOT;58053;10;58052;12;;;58064;9;58065;21;;;58059.0;0.0
45;59100;ASH_COATED_OSMIUM;9989;15;9987;15;;;10005;12;10007;15;;;9997.5;0.0
45;59100;INTARIAN_PEPPER_ROOT;58052;8;58049;10;;;58067;8;58068;12;;;58060.0;0.0
45;59200;ASH_COATED_OSMIUM;9992;14;;;;;10011;13;;;;;10001.5;0.0
45;59200;INTARIAN_PEPPER_ROOT;58056;10;58055;12;58053;11;58069;8;58070;12;58071;17;58063.0;0.0
45;59300;ASH_COATED_OSMIUM;9995;13;9994;11;;;10013;14;10015;26;;;10004.5;0.0
45;59300;INTARIAN_PEPPER_ROOT;58056;10;58053;12;58051;12;58069;10;58072;10;58073;21;58062.5;0.0
45;59400;ASH_COATED_OSMIUM;10000;10;9998;10;;;10016;13;10019;20;;;10008.5;0.0
45;59400;INTARIAN_PEPPER_ROOT;58051;8;58049;12;;;58063;9;58065;9;;;58057.5;0.0
45;59500;ASH_COATED_OSMIUM;10000;26;;;;;10016;13;;;;;10008.0;0.0
45;59500;INTARIAN_PEPPER_ROOT;58056;25;58053;12;;;58068;8;58069;10;;;58062.5;0.0
45;59600;ASH_COATED_OSMIUM;10000;13;9997;12;;;10016;11;10018;14;;;10008.5;0.0
45;59600;INTARIAN_PEPPER_ROOT;58056;9;;;;;58067;18;;;;;58062.0;0.0
45;59700;ASH_COATED_OSMIUM;10000;12;9998;13;;;10018;13;10020;12;;;10009.5;0.0
45;59700;INTARIAN_PEPPER_ROOT;58050;10;58049;11;;;58064;11;58065;17;;;58057.5;0.0
45;59800;ASH_COATED_OSMIUM;9996;12;;;;;10015;10;;;;;10006.0;0.0
45;59800;INTARIAN_PEPPER_ROOT;58052;11;58049;9;;;58068;10;58069;10;;;58060.0;0.0
45;59900;ASH_COATED_OSMIUM;9998;4;9996;14;;;10014;10;10017;10;;;10006.0;0.0
45;59900;INTARIAN_PEPPER_ROOT;58055;10;58054;12;;;58067;11;58069;7;;;58061.5;0.0
45;60000;ASH_COATED_OSMIUM;9994;11;9993;10;;;10010;12;10013;11;;;10002.5;0.0
45;60000;INTARIAN_PEPPER_ROOT;58048;18;58046;12;58044;9;58064;8;58066;10;58067;7;58056.5;0.0
45;60100;ASH_COATED_OSMIUM;9996;10;9994;14;;;10012;13;10014;8;;;10004.5;0.0
45;60100;INTARIAN_PEPPER_ROOT;58055;12;58052;12;;;58068;7;58071;10;;;58061.5;0.0
45;60200;ASH_COATED_OSMIUM;9992;15;9991;23;9989;22;10011;30;10014;15;10017;12;10001.5;0.0
45;60200;INTARIAN_PEPPER_ROOT;58053;12;58052;10;58050;8;58067;8;58069;21;58071;10;58060.5;0.0
45;60300;ASH_COATED_OSMIUM;9998;15;9995;15;;;10014;14;10016;15;;;10006.0;0.0
45;60300;INTARIAN_PEPPER_ROOT;58053;8;;;;;58064;8;;;;;58059.0;0.0
45;60400;ASH_COATED_OSMIUM;9994;26;9991;15;9988;30;10013;13;10015;28;10018;26;10003.5;0.0
45;60400;INTARIAN_PEPPER_ROOT;58053;23;;;;;58065;10;;;;;58059.0;0.0
45;60500;ASH_COATED_OSMIUM;9998;3;9995;14;;;10016;15;10018;11;;;10007.0;0.0
45;60500;INTARIAN_PEPPER_ROOT;58055;12;58054;8;;;58069;11;58072;8;;;58062.5;0.0
45;60600;ASH_COATED_OSMIUM;9995;11;;;;;10011;11;;;;;10003.0;0.0
45;60600;INTARIAN_PEPPER_ROOT;58055;10;58054;11;58051;8;58067;9;58069;8;58070;11;58061.0;0.0
45;60700;ASH_COATED_OSMIUM;9996;12;;;;;10012;29;;;;;10004.5;0.0
45;60700;INTARIAN_PEPPER_ROOT;58057;8;;;;;58069;18;;;;;58063.0;0.0
45;60800;ASH_COATED_OSMIUM;9992;4;;;;;10008;14;;;;;10000.0;0.0
45;60800;INTARIAN_PEPPER_ROOT;58053;11;58052;12;;;58067;23;58068;11;;;58060.0;0.0
45;60900;ASH_COATED_OSMIUM;9989;10;;;;;10005;10;;;;;9997.0;0.0
45;60900;INTARIAN_PEPPER_ROOT;58053;10;58052;9;;;58064;9;58067;24;;;58059.0;0.0
45;61000;ASH_COATED_OSMIUM;9991;15;9990;25;;;10007;15;10010;10;;;9999.5;0.0
45;61000;INTARIAN_PEPPER_ROOT;58051;10;58048;24;;;58064;23;58066;8;;;58058.0;0.0
45;61100;ASH_COATED_OSMIUM;9989;10;9987;15;;;10005;11;10006;13;;;9997.5;0.0
45;61100;INTARIAN_PEPPER_ROOT;58053;20;58050;12;;;58067;10;58069;11;;;58060.0;0.0
45;61200;ASH_COATED_OSMIUM;9998;15;;;;;10004;13;;;;;10001.5;0.0
45;61200;INTARIAN_PEPPER_ROOT;58054;9;58053;11;;;58067;21;58068;11;;;58061.0;0.0
45;61300;ASH_COATED_OSMIUM;9992;13;9989;15;9986;14;10008;26;10009;14;10011;27;10000.5;0.0
45;61300;INTARIAN_PEPPER_ROOT;58054;11;;;;;58067;11;;;;;58060.5;0.0
45;61400;ASH_COATED_OSMIUM;9985;12;9983;12;;;10001;15;10004;28;;;9993.0;0.0
45;61400;INTARIAN_PEPPER_ROOT;58054;25;58053;8;58050;8;58067;10;58069;12;58072;8;58061.0;0.0
45;61500;ASH_COATED_OSMIUM;9986;22;9983;11;;;10002;10;10005;25;;;9994.5;0.0
45;61500;INTARIAN_PEPPER_ROOT;58060;12;58058;11;;;58073;11;58074;10;;;58066.5;0.0
45;61600;ASH_COATED_OSMIUM;9987;27;9986;25;;;10005;12;10007;15;;;9996.0;0.0
45;61600;INTARIAN_PEPPER_ROOT;58057;11;58055;8;;;58070;17;58073;18;;;58063.5;0.0
45;61700;ASH_COATED_OSMIUM;9988;14;9987;14;;;10006;15;10007;11;;;9997.5;0.0
45;61700;INTARIAN_PEPPER_ROOT;58056;10;58053;17;;;58070;11;58071;19;;;58063.0;0.0
45;61800;ASH_COATED_OSMIUM;9992;13;;;;;10008;5;;;;;10000.5;0.0
45;61800;INTARIAN_PEPPER_ROOT;58058;9;58055;10;58054;19;58073;10;58076;23;58077;11;58066.0;0.0
45;61900;ASH_COATED_OSMIUM;9999;14;;;;;10006;10;;;;;10003.0;0.0
45;61900;INTARIAN_PEPPER_ROOT;58056;20;58055;10;58054;8;58070;9;58072;9;58075;10;58063.5;0.0
45;62000;ASH_COATED_OSMIUM;9998;15;9997;13;9994;14;10008;14;10011;14;10014;12;10003.5;0.0
45;62000;INTARIAN_PEPPER_ROOT;58059;23;58057;9;58054;8;58072;8;58073;11;58075;9;58065.5;0.0
45;62100;ASH_COATED_OSMIUM;9999;13;9996;15;;;10015;14;10017;11;;;10007.5;0.0
45;62100;INTARIAN_PEPPER_ROOT;58056;12;;;;;58069;12;;;;;58063.0;0.0
45;62200;ASH_COATED_OSMIUM;9994;10;;;;;10010;10;;;;;10002.0;0.0
45;62200;INTARIAN_PEPPER_ROOT;58054;8;58053;12;58051;10;58068;16;58071;9;58074;9;58061.5;0.0
45;62300;ASH_COATED_OSMIUM;9996;11;9993;15;;;10017;15;10019;15;;;10007.0;0.0
45;62300;INTARIAN_PEPPER_ROOT;58051;12;;;;;58064;12;;;;;58057.5;0.0
45;62400;ASH_COATED_OSMIUM;9992;10;;;;;10008;10;;;;;10000.5;0.0
45;62400;INTARIAN_PEPPER_ROOT;58055;22;;;;;58066;10;;;;;58060.5;0.0
45;62500;ASH_COATED_OSMIUM;9994;12;9993;13;9991;14;10004;14;10007;4;10008;15;9999.5;0.0
45;62500;INTARIAN_PEPPER_ROOT;58053;12;;;;;58064;9;;;;;58059.0;0.0
45;62600;ASH_COATED_OSMIUM;9990;15;9988;4;9985;14;10003;20;10005;14;10008;14;9997.0;0.0
45;62600;INTARIAN_PEPPER_ROOT;58055;11;;;;;58072;10;;;;;58063.5;0.0
45;62700;ASH_COATED_OSMIUM;9989;10;9988;10;;;10007;10;10008;12;;;9998.0;0.0
45;62700;INTARIAN_PEPPER_ROOT;58057;10;;;;;58071;10;;;;;58064.5;0.0
45;62800;ASH_COATED_OSMIUM;9986;15;;;;;10004;15;;;;;9995.0;0.0
45;62800;INTARIAN_PEPPER_ROOT;58058;11;;;;;58073;22;;;;;58065.5;0.0
45;62900;ASH_COATED_OSMIUM;9989;14;9987;10;;;10005;24;10006;13;;;9997.5;0.0
45;62900;INTARIAN_PEPPER_ROOT;58054;8;;;;;58071;19;;;;;58063.0;0.0
45;63000;ASH_COATED_OSMIUM;9990;10;9989;29;9988;11;10006;14;10007;13;10010;15;9998.0;0.0
45;63000;INTARIAN_PEPPER_ROOT;58054;8;;;;;58070;9;;;;;58062.5;0.0
45;63100;ASH_COATED_OSMIUM;9988;12;9986;26;9985;13;10007;14;10009;10;10010;15;9997.5;0.0
45;63100;INTARIAN_PEPPER_ROOT;58061;9;58060;20;58057;9;58064;21;58066;11;58067;9;58063.0;0.0
45;63200;ASH_COATED_OSMIUM;9987;11;;;;;10003;10;;;;;9995.5;0.0
45;63200;INTARIAN_PEPPER_ROOT;58058;9;58056;11;;;58072;8;58074;10;;;58065.0;0.0
45;63300;ASH_COATED_OSMIUM;9982;15;9981;11;9980;12;10000;11;10003;11;10004;12;9991.5;0.0
45;63300;INTARIAN_PEPPER_ROOT;58053;8;58050;10;;;58065;18;58066;8;;;58059.5;0.0
45;63400;ASH_COATED_OSMIUM;9987;11;;;;;10003;12;;;;;9995.5;0.0
45;63400;INTARIAN_PEPPER_ROOT;58057;10;58056;10;;;58070;11;58071;10;;;58063.5;0.0
45;63500;ASH_COATED_OSMIUM;9978;11;9977;12;9974;12;9994;11;9997;10;9999;11;9986.5;0.0
45;63500;INTARIAN_PEPPER_ROOT;58057;12;58056;11;58055;9;58068;9;58070;8;58071;11;58063.0;0.0
45;63600;ASH_COATED_OSMIUM;9983;12;9981;15;9980;13;9999;15;10002;11;10004;11;9991.5;0.0
45;63600;INTARIAN_PEPPER_ROOT;58057;10;58056;11;58053;16;58070;11;58073;10;58074;8;58063.5;0.0
45;63700;ASH_COATED_OSMIUM;9982;15;9979;13;;;9998;14;10001;27;;;9990.5;0.0
45;63700;INTARIAN_PEPPER_ROOT;58056;8;;;;;58068;12;;;;;58062.5;0.0
45;63800;ASH_COATED_OSMIUM;9979;11;;;;;9997;27;;;;;9988.5;0.0
45;63800;INTARIAN_PEPPER_ROOT;58055;11;58053;10;;;58068;10;58071;10;;;58062.0;0.0
