day;timestamp;product;bid_price_1;bid_volume_1;bid_price_2;bid_volume_2;bid_price_3;bid_volume_3;ask_price_1;ask_volume_1;ask_price_2;ask_volume_2;ask_price_3;ask_volume_3;mid_price;profit_and_loss
21;0;ASH_COATED_OSMIUM;9986;14;9983;13;9981;10;10002;13;10005;14;10006;10;9994.5;0.0
21;0;INTARIAN_PEPPER_ROOT;33995;23;33994;8;;;34008;25;34011;8;;;34002.0;0.0
21;100;ASH_COATED_OSMIUM;9992;15;9990;15;9988;25;10008;13;10010;10;10011;11;10000.5;0.0
21;100;INTARIAN_PEPPER_ROOT;33992;9;33989;8;;;34003;8;34005;12;;;33998.0;0.0
21;200;ASH_COATED_OSMIUM;9991;13;;;;;10012;12;;;;;10001.5;0.0
21;200;INTARIAN_PEPPER_ROOT;33991;12;33988;8;;;34002;9;34005;25;;;33997.0;0.0
21;300;ASH_COATED_OSMIUM;9995;15;9992;10;;;10011;30;10012;21;;;10003.5;0.0
21;300;INTARIAN_PEPPER_ROOT;33992;23;;;;;34006;10;;;;;33999.0;0.0
21;400;ASH_COATED_OSMIUM;9997;6;;;;;10015;14;;;;;10006.5;0.0
21;400;INTARIAN_PEPPER_ROOT;33992;16;33991;12;;;34005;10;34006;21;;;33999.0;0.0
21;500;ASH_COATED_OSMIUM;9998;30;;;;;10016;11;;;;;10007.5;0.0
21;500;INTARIAN_PEPPER_ROOT;33996;21;33995;6;;;34008;8;34011;11;;;34002.0;0.0
21;600;ASH_COATED_OSMIUM;10000;12;;;;;10019;11;;;;;10009.5;0.0
21;600;INTARIAN_PEPPER_ROOT;33994;19;33991;9;33989;8;34008;16;34010;9;34012;10;34001.0;0.0
21;700;ASH_COATED_OSMIUM;9997;15;9994;14;9993;15;10016;13;10019;11;10021;12;10007.0;0.0
21;700;INTARIAN_PEPPER_ROOT;33990;12;33989;9;33987;12;34005;11;34006;12;34008;10;33998.0;0.0
21;800;ASH_COATED_OSMIUM;10007;13;10004;15;;;10023;14;10024;13;;;10015.0;0.0
21;800;INTARIAN_PEPPER_ROOT;33997;15;33996;9;33993;22;34000;8;34003;11;34005;8;33998.5;0.0
21;900;ASH_COATED_OSMIUM;10002;13;10001;10;9999;11;10020;12;10023;11;10024;30;10011.5;0.0
21;900;INTARIAN_PEPPER_ROOT;33997;10;33996;23;;;34011;9;34014;20;;;34004.5;0.0
21;1000;ASH_COATED_OSMIUM;10003;15;10002;12;;;10019;4;10021;15;;;10011.5;0.0
21;1000;INTARIAN_PEPPER_ROOT;33991;10;33989;11;;;34004;8;34006;25;;;33998.0;0.0
21;1100;ASH_COATED_OSMIUM;9996;15;9993;12;9991;11;10012;12;10013;21;10016;15;10004.0;0.0
21;1100;INTARIAN_PEPPER_ROOT;33994;11;33993;11;;;34010;10;34013;9;;;34002.5;0.0
21;1200;ASH_COATED_OSMIUM;9997;10;9995;14;9993;11;10013;15;10015;14;10018;12;10005.0;0.0
21;1200;INTARIAN_PEPPER_ROOT;33989;17;33987;11;;;34006;12;34007;10;;;33998.0;0.0
21;1300;ASH_COATED_OSMIUM;9995;10;9992;14;9990;13;10011;13;10013;10;10015;14;10003.0;0.0
21;1300;INTARIAN_PEPPER_ROOT;33996;9;33993;21;;;34008;11;34011;8;;;34002.5;0.0
21;1400;ASH_COATED_OSMIUM;9992;30;9990;22;;;10010;11;10012;10;;;10001.0;0.0
21;1400;INTARIAN_PEPPER_ROOT;33992;10;33991;11;;;34004;6;34005;9;;;33998.0;0.0
21;1500;ASH_COATED_OSMIUM;9992;14;9990;13;;;10013;15;10014;13;;;10003.0;0.0
21;1500;INTARIAN_PEPPER_ROOT;33996;12;33994;20;33993;12;34009;20;34012;8;34015;10;34003.0;0.0
21;1600;ASH_COATED_OSMIUM;9993;13;;;;;10009;12;;;;;10001.0;0.0
21;1600;INTARIAN_PEPPER_ROOT;33993;7;33990;11;;;34011;18;34012;10;;;34002.0;0.0
21;1700;ASH_COATED_OSMIUM;9986;15;9984;14;9983;27;10002;12;10003;14;10004;24;9994.5;0.0
21;1700;INTARIAN_PEPPER_ROOT;33992;9;33989;21;33988;5;34005;16;34008;6;34010;10;33999.0;0.0
21;1800;ASH_COATED_OSMIUM;9985;4;;;;;10001;13;;;;;9993.0;0.0
21;1800;INTARIAN_PEPPER_ROOT;33996;12;33993;12;;;34010;10;34012;9;;;34003.5;0.0
21;1900;ASH_COATED_OSMIUM;9986;14;9984;13;;;10002;15;10004;15;;;9994.5;0.0
21;1900;INTARIAN_PEPPER_ROOT;33992;11;33991;19;;;34010;10;34011;11;;;34001.0;0.0
21;2000;ASH_COATED_OSMIUM;9984;4;9983;11;9981;13;10000;12;10002;15;10003;14;9992.5;0.0
21;2000;INTARIAN_PEPPER_ROOT;33995;24;33993;10;;;34011;8;34014;12;;;34003.5;0.0
21;2100;ASH_COATED_OSMIUM;9988;15;9986;12;9983;28;10004;29;10006;15;10009;14;9996.5;0.0
21;2100;INTARIAN_PEPPER_ROOT;33998;12;33997;24;33995;11;34010;11;34012;10;34015;8;34004.0;0.0
21;2200;ASH_COATED_OSMIUM;9985;25;9983;14;;;10001;10;10003;30;;;9993.0;0.0
21;2200;INTARIAN_PEPPER_ROOT;33994;9;33992;24;33991;10;34006;11;34008;9;34009;9;34000.0;0.0
21;2300;ASH_COATED_OSMIUM;9986;12;9985;21;9982;10;10002;11;10003;12;10004;14;9994.0;0.0
21;2300;INTARIAN_PEPPER_ROOT;33999;15;;;;;34011;8;;;;;34005.0;0.0
21;2400;ASH_COATED_OSMIUM;9995;12;9993;10;9990;28;10011;14;10014;6;10016;14;10003.0;0.0
21;2400;INTARIAN_PEPPER_ROOT;33997;25;33996;12;33994;11;34012;21;34014;12;34017;8;34004.5;0.0
21;2500;ASH_COATED_OSMIUM;9989;13;;;;;10007;12;;;;;9998.0;0.0
21;2500;INTARIAN_PEPPER_ROOT;33993;8;33991;17;;;34008;11;34010;15;;;34000.5;0.0
21;2600;ASH_COATED_OSMIUM;9993;15;9992;11;9989;13;10009;11;10012;26;10014;10;10001.0;0.0
21;2600;INTARIAN_PEPPER_ROOT;33997;8;;;;;34010;11;;;;;34004.0;0.0
21;2700;ASH_COATED_OSMIUM;9989;15;9987;14;;;10007;12;10008;13;;;9998.5;0.0
21;2700;INTARIAN_PEPPER_ROOT;33993;12;33991;9;;;34008;8;34010;9;;;34001.0;0.0
21;2800;ASH_COATED_OSMIUM;9991;29;9988;12;9987;14;10007;15;10008;12;10011;14;9999.5;0.0
21;2800;INTARIAN_PEPPER_ROOT;33996;11;33995;9;33992;12;34007;11;34008;10;34011;11;34002.0;0.0
21;2900;ASH_COATED_OSMIUM;9991;14;9989;13;;;10007;14;10010;20;;;9999.0;0.0
21;2900;INTARIAN_PEPPER_ROOT;33992;11;33990;11;;;34005;9;34006;8;;;33999.0;0.0
21;3000;ASH_COATED_OSMIUM;9989;15;9988;13;;;10007;15;10009;21;;;9998.5;0.0
21;3000;INTARIAN_PEPPER_ROOT;33995;11;33994;10;;;34008;9;34011;8;;;34002.0;0.0
21;3100;ASH_COATED_OSMIUM;9995;11;9992;15;;;10011;14;10014;25;;;10003.0;0.0
21;3100;INTARIAN_PEPPER_ROOT;34002;24;34000;20;33999;12;34015;11;34018;15;34021;20;34008.5;0.0
21;3200;ASH_COATED_OSMIUM;9994;10;;;;;10012;14;;;;;10003.0;0.0
21;3200;INTARIAN_PEPPER_ROOT;33994;9;33993;19;;;34011;11;34013;11;;;34003.0;0.0
21;3300;ASH_COATED_OSMIUM;9990;11;9987;13;9985;15;10006;14;10009;10;10011;15;9998.0;0.0
21;3300;INTARIAN_PEPPER_ROOT;33999;10;;;;;34012;15;;;;;34006.0;0.0
21;3400;ASH_COATED_OSMIUM;9990;15;;;;;10006;12;;;;;9998.0;0.0
21;3400;INTARIAN_PEPPER_ROOT;34000;10;33997;11;;;34014;9;34015;12;;;34007.5;0.0
21;3500;ASH_COATED_OSMIUM;9986;11;;;;;10004;11;;;;;9995.5;0.0
21;3500;INTARIAN_PEPPER_ROOT;33999;9;33998;5;;;34013;11;34014;20;;;34006.0;0.0
21;3600;ASH_COATED_OSMIUM;9988;28;9987;13;9984;21;10004;11;10005;13;10007;14;9996.0;0.0
21;3600;INTARIAN_PEPPER_ROOT;34000;10;;;;;34011;11;;;;;34005.5;0.0
21;3700;ASH_COATED_OSMIUM;9993;24;9990;14;9988;13;10003;6;10006;13;10009;30;9998.5;0.0
21;3700;INTARIAN_PEPPER_ROOT;33998;10;33995;11;33994;24;34011;12;34012;10;34014;9;34004.5;0.0
21;3800;ASH_COATED_OSMIUM;9987;10;;;;;10003;11;;;;;9995.0;0.0
21;3800;INTARIAN_PEPPER_ROOT;33992;12;33989;22;33986;23;34009;8;34011;21;34014;10;34001.0;0.0
21;3900;ASH_COATED_OSMIUM;9986;13;9985;28;9983;13;10002;11;10005;15;10008;10;9994.5;0.0
21;3900;INTARIAN_PEPPER_ROOT;33998;12;33996;10;;;34012;12;34014;8;;;34005.0;0.0
21;4000;ASH_COATED_OSMIUM;9988;14;;;;;10004;15;;;;;9996.0;0.0
21;4000;INTARIAN_PEPPER_ROOT;33994;20;33992;12;33991;8;34010;24;34011;19;34012;9;34002.5;0.0
21;4100;ASH_COATED_OSMIUM;9993;10;9990;11;;;10009;14;10011;10;;;10001.5;0.0
21;4100;INTARIAN_PEPPER_ROOT;33997;11;33996;8;33995;18;34010;9;34011;8;34013;21;34004.0;0.0
21;4200;ASH_COATED_OSMIUM;9990;15;9988;11;;;10006;10;10009;11;;;9998.0;0.0
21;4200;INTARIAN_PEPPER_ROOT;34000;8;33999;12;33996;9;34012;9;34014;12;34015;18;34006.5;0.0
21;4300;ASH_COATED_OSMIUM;9991;12;;;;;10007;14;;;;;9999.0;0.0
21;4300;INTARIAN_PEPPER_ROOT;33998;11;;;;;34010;18;;;;;34004.5;0.0
21;4400;ASH_COATED_OSMIUM;9986;10;;;;;10002;25;;;;;9994.0;0.0
21;4400;INTARIAN_PEPPER_ROOT;34001;12;33999;9;33998;11;34014;12;34015;12;34018;8;34007.5;0.0
21;4500;ASH_COATED_OSMIUM;9989;13;;;;;10005;15;;;;;9997.0;0.0
21;4500;INTARIAN_PEPPER_ROOT;33997;11;33996;18;33995;18;34005;8;34008;10;34009;8;34001.0;0.0
21;4600;ASH_COATED_OSMIUM;9993;14;9992;11;;;10009;11;10012;12;;;10001.5;0.0
21;4600;INTARIAN_PEPPER_ROOT;33994;11;33991;17;;;34011;10;34012;9;;;34003.0;0.0
21;4700;ASH_COATED_OSMIUM;9990;28;9988;14;;;10000;10;10002;21;;;9995.5;0.0
21;4700;INTARIAN_PEPPER_ROOT;33999;8;;;;;34014;12;;;;;34007.0;0.0
21;4800;ASH_COATED_OSMIUM;9994;10;9991;13;9990;14;10004;12;10007;15;10009;15;9999.0;0.0
21;4800;INTARIAN_PEPPER_ROOT;33995;11;33993;5;;;34011;9;34014;12;;;34003.0;0.0
21;4900;ASH_COATED_OSMIUM;9985;15;9984;20;;;10003;13;10004;12;;;9994.0;0.0
21;4900;INTARIAN_PEPPER_ROOT;33999;12;33998;19;33995;11;34012;9;34015;12;34017;18;34006.0;0.0
21;5000;ASH_COATED_OSMIUM;9983;15;9980;10;9977;11;9999;15;10002;15;10004;14;9991.0;0.0
21;5000;INTARIAN_PEPPER_ROOT;34001;8;;;;;34013;3;;;;;34007.5;0.0
21;5100;ASH_COATED_OSMIUM;9987;13;;;;;10003;10;;;;;9995.0;0.0
21;5100;INTARIAN_PEPPER_ROOT;33996;11;;;;;34010;9;;;;;34003.5;0.0
21;5200;ASH_COATED_OSMIUM;9989;10;9988;15;9986;13;10008;10;10011;26;10013;13;9998.5;0.0
21;5200;INTARIAN_PEPPER_ROOT;34001;12;33998;9;;;34015;12;34018;10;;;34008.0;0.0
21;5300;ASH_COATED_OSMIUM;9989;11;9987;15;;;10007;15;10010;12;;;9998.5;0.0
21;5300;INTARIAN_PEPPER_ROOT;33998;8;33995;10;;;34010;9;34012;16;;;34004.0;0.0
21;5400;ASH_COATED_OSMIUM;9992;14;9990;5;9987;13;10008;13;10011;11;10013;28;10000.0;0.0
21;5400;INTARIAN_PEPPER_ROOT;33999;8;33997;10;33996;10;34013;8;34014;10;34017;11;34006.0;0.0
21;5500;ASH_COATED_OSMIUM;9986;11;;;;;10002;12;;;;;9994.0;0.0
21;5500;INTARIAN_PEPPER_ROOT;33998;11;33997;9;;;34010;12;34012;12;;;34004.0;0.0
21;5600;ASH_COATED_OSMIUM;9988;21;;;;;10004;15;;;;;9996.0;0.0
21;5600;INTARIAN_PEPPER_ROOT;33999;9;33998;4;;;34011;12;34014;11;;;34005.5;0.0
21;5700;ASH_COATED_OSMIUM;9991;12;9988;10;;;10007;10;10010;24;;;9999.0;0.0
21;5700;INTARIAN_PEPPER_ROOT;33999;11;33998;11;33997;11;34012;8;34015;12;34018;11;34005.5;0.0
21;5800;ASH_COATED_OSMIUM;9987;11;9984;26;9983;13;10003;23;10006;6;10007;12;9995.0;0.0
21;5800;INTARIAN_PEPPER_ROOT;33995;11;33994;8;33992;24;34012;8;34015;8;34017;10;34004.0;0.0
21;5900;ASH_COATED_OSMIUM;9986;12;9983;15;9981;15;10002;13;10003;11;10005;12;9994.0;0.0
21;5900;INTARIAN_PEPPER_ROOT;34000;11;33997;11;33995;17;34012;11;34013;9;34016;12;34006.5;0.0
21;6000;ASH_COATED_OSMIUM;9991;13;;;;;10007;11;;;;;9999.0;0.0
21;6000;INTARIAN_PEPPER_ROOT;34007;8;;;;;34010;18;;;;;34008.5;0.0
21;6100;ASH_COATED_OSMIUM;9997;14;9996;10;;;10013;14;10015;11;;;10005.5;0.0
21;6100;INTARIAN_PEPPER_ROOT;33999;10;;;;;34011;10;;;;;34005.0;0.0
21;6200;ASH_COATED_OSMIUM;9999;12;;;;;10009;15;;;;;10004.0;0.0
21;6200;INTARIAN_PEPPER_ROOT;34000;11;33999;10;33996;12;34011;11;34014;9;34015;8;34006.0;0.0
21;6300;ASH_COATED_OSMIUM;9994;11;9991;12;9989;11;10010;12;10013;24;10014;22;10002.5;0.0
21;6300;INTARIAN_PEPPER_ROOT;34001;25;33999;12;33996;8;34013;8;34014;12;34015;12;34007.5;0.0
21;6400;ASH_COATED_OSMIUM;9996;15;;;;;10012;13;;;;;10004.5;0.0
21;6400;INTARIAN_PEPPER_ROOT;34003;12;34001;12;;;34018;9;34021;8;;;34011.0;0.0
21;6500;ASH_COATED_OSMIUM;9993;11;9992;29;9990;13;10009;11;10012;15;10015;13;10001.0;0.0
21;6500;INTARIAN_PEPPER_ROOT;34004;12;;;;;34013;8;;;;;34009.0;0.0
21;6600;ASH_COATED_OSMIUM;9992;13;9991;15;;;10008;25;10010;10;;;10000.0;0.0
21;6600;INTARIAN_PEPPER_ROOT;34001;9;;;;;34013;11;;;;;34007.0;0.0
21;6700;ASH_COATED_OSMIUM;9995;13;;;;;10011;14;;;;;10003.0;0.0
21;6700;INTARIAN_PEPPER_ROOT;34001;12;33998;23;;;34015;21;34018;12;;;34008.5;0.0
21;6800;ASH_COATED_OSMIUM;9994;12;9991;13;9989;15;10010;11;10013;10;10016;13;10002.5;0.0
21;6800;INTARIAN_PEPPER_ROOT;33998;12;;;;;34014;8;;;;;34006.5;0.0
21;6900;ASH_COATED_OSMIUM;9994;13;;;;;10010;13;;;;;10002.0;0.0
21;6900;INTARIAN_PEPPER_ROOT;33995;11;;;;;34012;15;;;;;34004.0;0.0
21;7000;ASH_COATED_OSMIUM;9994;12;9991;12;9989;14;10010;3;10011;14;10014;11;10002.0;0.0
21;7000;INTARIAN_PEPPER_ROOT;34009;8;34007;9;;;34011;10;34012;11;;;34010.0;0.0
21;7100;ASH_COATED_OSMIUM;9990;29;9988;11;;;10011;28;10014;10;;;10001.0;0.0
21;7100;INTARIAN_PEPPER_ROOT;33999;8;;;;;34015;9;;;;;34007.5;0.0
21;7200;ASH_COATED_OSMIUM;9988;12;;;;;10006;10;;;;;9997.5;0.0
21;7200;INTARIAN_PEPPER_ROOT;34001;17;;;;;34015;8;;;;;34008.0;0.0
21;7300;ASH_COATED_OSMIUM;9991;11;;;;;10009;11;;;;;10000.5;0.0
21;7300;INTARIAN_PEPPER_ROOT;34000;10;33999;23;33997;9;34017;12;34018;15;34021;10;34009.0;0.0
21;7400;ASH_COATED_OSMIUM;9995;11;9992;10;;;10011;10;10013;12;;;10003.5;0.0
21;7400;INTARIAN_PEPPER_ROOT;34000;8;33998;12;;;34012;12;34014;11;;;34006.0;0.0
21;7500;ASH_COATED_OSMIUM;9997;10;9994;12;;;10013;15;10015;14;;;10005.5;0.0
21;7500;INTARIAN_PEPPER_ROOT;34002;8;;;;;34014;10;;;;;34008.5;0.0
21;7600;ASH_COATED_OSMIUM;9993;11;9990;11;9988;14;10014;12;10017;13;10020;14;10004.0;0.0
21;7600;INTARIAN_PEPPER_ROOT;34010;12;34009;10;;;34012;24;34013;10;;;34011.5;0.0
21;7700;ASH_COATED_OSMIUM;9992;11;;;;;10013;5;;;;;10003.0;0.0
21;7700;INTARIAN_PEPPER_ROOT;34004;9;34002;11;;;34019;11;34020;12;;;34011.5;0.0
21;7800;ASH_COATED_OSMIUM;9995;14;9992;13;;;10011;11;10013;10;;;10003.5;0.0
21;7800;INTARIAN_PEPPER_ROOT;34000;10;33999;8;33997;12;34013;8;34015;10;34016;9;34006.5;0.0
21;7900;ASH_COATED_OSMIUM;9997;10;9994;11;;;10013;14;10016;22;;;10005.0;0.0
21;7900;INTARIAN_PEPPER_ROOT;33998;11;33995;9;;;34011;12;34012;11;;;34004.5;0.0
21;8000;ASH_COATED_OSMIUM;10002;4;10000;26;9999;4;10012;13;10013;12;10016;12;10007.0;0.0
21;8000;INTARIAN_PEPPER_ROOT;34006;8;34003;9;;;34018;20;34019;10;;;34012.0;0.0
21;8100;ASH_COATED_OSMIUM;9994;29;9992;15;;;10013;12;10015;12;;;10003.5;0.0
21;8100;INTARIAN_PEPPER_ROOT;34004;8;;;;;34015;12;;;;;34009.5;0.0
21;8200;ASH_COATED_OSMIUM;9993;13;9990;12;;;10009;13;10012;26;;;10001.0;0.0
21;8200;INTARIAN_PEPPER_ROOT;33999;10;33998;15;33996;18;34012;10;34015;15;34018;8;34005.5;0.0
21;8300;ASH_COATED_OSMIUM;9991;10;;;;;10007;10;;;;;9999.0;0.0
21;8300;INTARIAN_PEPPER_ROOT;34001;8;;;;;34013;9;;;;;34007.5;0.0
21;8400;ASH_COATED_OSMIUM;9996;14;;;;;10012;14;;;;;10004.0;0.0
21;8400;INTARIAN_PEPPER_ROOT;34004;8;34001;9;33999;25;34017;12;34020;10;34022;12;34011.0;0.0
21;8500;ASH_COATED_OSMIUM;10003;27;10000;29;;;10013;13;10015;13;;;10008.0;0.0
21;8500;INTARIAN_PEPPER_ROOT;34004;10;34002;21;34001;9;34017;19;34020;9;34021;8;34011.0;0.0
21;8600;ASH_COATED_OSMIUM;9993;15;9991;14;9990;15;10012;15;10013;11;10016;23;10002.5;0.0
21;8600;INTARIAN_PEPPER_ROOT;33995;11;33992;12;33990;21;34012;8;34013;10;34016;9;34004.0;0.0
21;8700;ASH_COATED_OSMIUM;9997;15;;;;;10013;13;;;;;10005.5;0.0
21;8700;INTARIAN_PEPPER_ROOT;34000;11;;;;;34013;11;;;;;34007.0;0.0
21;8800;ASH_COATED_OSMIUM;10002;11;9999;25;;;10018;10;10019;13;;;10010.5;0.0
21;8800;INTARIAN_PEPPER_ROOT;34002;11;;;;;34014;11;;;;;34008.0;0.0
21;8900;ASH_COATED_OSMIUM;9996;12;;;;;10012;11;;;;;10004.5;0.0
21;8900;INTARIAN_PEPPER_ROOT;34001;11;33999;5;;;34014;19;34015;9;;;34007.5;0.0
21;9000;ASH_COATED_OSMIUM;9995;15;9994;25;9992;11;10011;3;10012;15;10013;12;10003.5;0.0
21;9000;INTARIAN_PEPPER_ROOT;34001;15;34000;11;;;34012;15;34015;8;;;34007.0;0.0
21;9100;ASH_COATED_OSMIUM;9993;13;;;;;10009;11;;;;;10001.5;0.0
21;9100;INTARIAN_PEPPER_ROOT;34001;23;34000;8;33998;11;34014;16;34017;10;34020;8;34007.5;0.0
21;9200;ASH_COATED_OSMIUM;9993;10;9990;14;9988;15;10009;13;10011;13;10014;2;10001.0;0.0
21;9200;INTARIAN_PEPPER_ROOT;33998;21;33995;18;;;34014;17;34016;8;;;34006.5;0.0
21;9300;ASH_COATED_OSMIUM;10000;10;9999;27;;;10010;14;10013;12;;;10005.0;0.0
21;9300;INTARIAN_PEPPER_ROOT;34006;9;34005;9;;;34018;17;34020;19;;;34012.5;0.0
21;9400;ASH_COATED_OSMIUM;9998;11;;;;;10014;15;;;;;10006.0;0.0
21;9400;INTARIAN_PEPPER_ROOT;34005;12;;;;;34021;4;;;;;34013.5;0.0
21;9500;ASH_COATED_OSMIUM;9999;29;9998;12;9995;12;10017;11;10018;13;10020;11;10008.0;0.0
21;9500;INTARIAN_PEPPER_ROOT;34004;12;34001;9;;;34018;8;34020;8;;;34011.0;0.0
21;9600;ASH_COATED_OSMIUM;9997;13;;;;;10016;26;;;;;10006.5;0.0
21;9600;INTARIAN_PEPPER_ROOT;34006;9;34005;12;;;34019;8;34020;12;;;34012.5;0.0
21;9700;ASH_COATED_OSMIUM;9999;11;9996;27;9993;12;10015;15;10016;12;10017;10;10007.5;0.0
21;9700;INTARIAN_PEPPER_ROOT;34003;8;34001;12;34000;9;34017;12;34018;10;34021;9;34010.0;0.0
21;9800;ASH_COATED_OSMIUM;9993;10;9991;11;9988;11;10009;11;10011;15;10012;14;10001.5;0.0
21;9800;INTARIAN_PEPPER_ROOT;34001;9;;;;;34014;9;;;;;34008.0;0.0
21;9900;ASH_COATED_OSMIUM;9995;12;9993;28;9991;12;10011;13;10012;21;10015;10;10003.0;0.0
21;9900;INTARIAN_PEPPER_ROOT;34005;12;;;;;34018;25;;;;;34011.5;0.0
21;10000;ASH_COATED_OSMIUM;9995;15;9993;10;;;10011;10;10014;15;;;10003.5;0.0
21;10000;INTARIAN_PEPPER_ROOT;34006;11;34004;9;;;34021;12;34022;11;;;34014.0;0.0
21;10100;ASH_COATED_OSMIUM;9992;14;;;;;10013;22;;;;;10003.0;0.0
21;10100;INTARIAN_PEPPER_ROOT;34002;24;33999;8;33997;11;34017;19;34019;8;34022;8;34010.0;0.0
21;10200;ASH_COATED_OSMIUM;9992;11;9990;23;9988;10;10008;26;10011;13;10014;15;10000.0;0.0
21;10200;INTARIAN_PEPPER_ROOT;34001;11;34000;11;;;34014;10;34016;9;;;34007.5;0.0
21;10300;ASH_COATED_OSMIUM;9996;25;9995;15;;;10006;4;10007;15;;;10001.5;0.0
21;10300;INTARIAN_PEPPER_ROOT;34000;10;33999;9;33997;9;34017;16;34020;10;34021;23;34008.5;0.0
21;10400;ASH_COATED_OSMIUM;9991;14;;;;;10009;11;;;;;10000.0;0.0
21;10400;INTARIAN_PEPPER_ROOT;34006;10;34004;11;34003;18;34018;19;34021;8;34022;12;34012.5;0.0
21;10500;ASH_COATED_OSMIUM;9990;11;9987;11;;;10009;13;10010;14;;;9999.5;0.0
21;10500;INTARIAN_PEPPER_ROOT;34008;12;34007;11;;;34019;8;34022;8;;;34013.5;0.0
21;10600;ASH_COATED_OSMIUM;9987;12;9986;12;;;10003;10;10005;27;;;9995.0;0.0
21;10600;INTARIAN_PEPPER_ROOT;34006;15;34003;19;34001;11;34019;10;34020;9;34021;22;34012.5;0.0
21;10700;ASH_COATED_OSMIUM;9988;28;;;;;10004;28;;;;;9996.5;0.0
21;10700;INTARIAN_PEPPER_ROOT;34002;8;;;;;34016;8;;;;;34009.5;0.0
21;10800;ASH_COATED_OSMIUM;9990;14;;;;;10006;13;;;;;9998.5;0.0
21;10800;INTARIAN_PEPPER_ROOT;34001;10;33999;12;;;34015;12;34018;24;;;34008.0;0.0
21;10900;ASH_COATED_OSMIUM;9994;14;9992;10;;;10010;11;10012;13;;;10002.5;0.0
21;10900;INTARIAN_PEPPER_ROOT;34004;8;34003;10;;;34016;18;34017;11;;;34010.5;0.0
21;11000;ASH_COATED_OSMIUM;9991;13;9988;25;9987;14;10000;14;10001;15;10004;12;9995.5;0.0
21;11000;INTARIAN_PEPPER_ROOT;34007;10;34006;10;;;34021;10;34024;12;;;34014.0;0.0
21;11100;ASH_COATED_OSMIUM;9987;15;9986;10;;;10003;14;10004;28;;;9995.0;0.0
21;11100;INTARIAN_PEPPER_ROOT;34008;10;;;;;34011;9;;;;;34010.0;0.0
21;11200;ASH_COATED_OSMIUM;9988;12;9986;20;;;10004;11;10005;29;;;9996.5;0.0
21;11200;INTARIAN_PEPPER_ROOT;34006;12;34003;10;34001;12;34012;12;34015;9;34017;11;34009.5;0.0
21;11300;ASH_COATED_OSMIUM;9989;20;9986;25;9983;10;10005;13;10008;22;10010;10;9997.0;0.0
21;11300;INTARIAN_PEPPER_ROOT;34006;10;34005;10;;;34017;12;34018;8;;;34012.0;0.0
21;11400;ASH_COATED_OSMIUM;9994;11;9992;14;9991;15;10010;23;10013;23;10016;10;10002.5;0.0
21;11400;INTARIAN_PEPPER_ROOT;34005;12;34002;12;;;34016;8;34017;8;;;34010.5;0.0
21;11500;ASH_COATED_OSMIUM;9989;13;;;;;10005;10;;;;;9997.0;0.0
21;11500;INTARIAN_PEPPER_ROOT;34001;11;;;;;34015;17;;;;;34008.0;0.0
21;11600;ASH_COATED_OSMIUM;9988;10;;;;;10004;11;;;;;9996.5;0.0
21;11600;INTARIAN_PEPPER_ROOT;34005;8;34004;9;34002;9;34018;20;34020;8;34023;8;34011.5;0.0
21;11700;ASH_COATED_OSMIUM;9991;15;9989;13;9986;15;10007;10;10009;11;10010;20;9999.0;0.0
21;11700;INTARIAN_PEPPER_ROOT;34002;9;34001;9;;;34019;12;34021;9;;;34010.5;0.0
21;11800;ASH_COATED_OSMIUM;9991;10;;;;;10010;13;;;;;10001.0;0.0
21;11800;INTARIAN_PEPPER_ROOT;34007;12;34005;8;;;34021;11;34022;9;;;34014.5;0.0
21;11900;ASH_COATED_OSMIUM;9993;27;;;;;10009;10;;;;;10001.0;0.0
21;11900;INTARIAN_PEPPER_ROOT;34008;9;34007;10;;;34020;9;34021;10;;;34014.0;0.0
21;12000;ASH_COATED_OSMIUM;9986;30;9985;15;;;10002;10;10005;11;;;9994.5;0.0
21;12000;INTARIAN_PEPPER_ROOT;34005;8;34004;15;;;34017;19;34020;12;;;34011.0;0.0
21;12100;ASH_COATED_OSMIUM;9988;15;9985;10;9982;2;10004;23;10005;15;10006;14;9996.5;0.0
21;12100;INTARIAN_PEPPER_ROOT;34003;10;34001;12;;;34020;8;34021;12;;;34011.5;0.0
21;12200;ASH_COATED_OSMIUM;9985;12;9984;10;9983;11;10004;14;10006;11;10007;12;9994.5;0.0
21;12200;INTARIAN_PEPPER_ROOT;34008;12;34006;11;;;34021;12;34023;9;;;34014.5;0.0
21;12300;ASH_COATED_OSMIUM;9985;2;9983;14;;;10001;11;10002;10;;;9993.0;0.0
21;12300;INTARIAN_PEPPER_ROOT;34007;12;34005;11;34002;23;34021;11;34023;9;34025;16;34014.5;0.0
21;12400;ASH_COATED_OSMIUM;9984;15;;;;;10000;15;;;;;9992.0;0.0
21;12400;INTARIAN_PEPPER_ROOT;34006;12;34005;10;34003;10;34018;23;34021;12;34024;25;34012.0;0.0
21;12500;ASH_COATED_OSMIUM;9985;10;9983;12;;;9995;13;9998;15;;;9990.5;0.0
21;12500;INTARIAN_PEPPER_ROOT;34004;11;34003;11;34002;10;34016;11;34017;12;34020;18;34010.0;0.0
21;12600;ASH_COATED_OSMIUM;9984;12;9983;29;;;10002;12;10003;10;;;9993.0;0.0
21;12600;INTARIAN_PEPPER_ROOT;34006;12;;;;;34017;8;;;;;34011.5;0.0
21;12700;ASH_COATED_OSMIUM;9985;15;;;;;10003;11;;;;;9994.0;0.0
21;12700;INTARIAN_PEPPER_ROOT;34010;9;34007;25;34005;9;34021;25;34024;11;34027;22;34015.5;0.0
21;12800;ASH_COATED_OSMIUM;9985;15;9984;13;;;10006;10;10008;11;;;9995.5;0.0
21;12800;INTARIAN_PEPPER_ROOT;34004;10;34002;8;;;34019;9;34021;8;;;34012.0;0.0
21;12900;ASH_COATED_OSMIUM;9987;9;9984;13;9981;13;10006;15;10009;11;10010;15;9996.5;0.0
21;12900;INTARIAN_PEPPER_ROOT;34006;12;;;;;34020;15;;;;;34013.5;0.0
21;13000;ASH_COATED_OSMIUM;9988;13;9987;25;;;10004;13;10006;22;;;9996.5;0.0
21;13000;INTARIAN_PEPPER_ROOT;34006;11;34005;8;34004;11;34019;8;34022;10;34024;10;34013.0;0.0
21;13100;ASH_COATED_OSMIUM;9991;13;9990;5;9988;13;10000;13;10001;11;10002;11;9996.0;0.0
21;13100;INTARIAN_PEPPER_ROOT;34004;12;;;;;34018;21;;;;;34011.0;0.0
21;13200;ASH_COATED_OSMIUM;9993;14;9991;14;9989;20;10009;12;10012;10;10014;11;10001.5;0.0
21;13200;INTARIAN_PEPPER_ROOT;34005;12;34003;18;;;34019;12;34020;8;;;34012.0;0.0
21;13300;ASH_COATED_OSMIUM;9990;13;9987;13;;;10006;13;10008;15;;;9998.0;0.0
21;13300;INTARIAN_PEPPER_ROOT;34002;9;;;;;34018;12;;;;;34010.0;0.0
21;13400;ASH_COATED_OSMIUM;9992;14;9989;11;9986;5;10008;13;10010;14;10012;15;10000.0;0.0
21;13400;INTARIAN_PEPPER_ROOT;34007;22;34004;10;;;34020;21;34021;9;;;34014.0;0.0
21;13500;ASH_COATED_OSMIUM;9998;13;9996;5;;;10014;15;10017;30;;;10006.5;0.0
21;13500;INTARIAN_PEPPER_ROOT;34010;12;34007;18;34004;8;34024;8;34025;9;34027;8;34017.0;0.0
21;13600;ASH_COATED_OSMIUM;9993;21;9990;10;;;10009;11;10011;12;;;10001.0;0.0
21;13600;INTARIAN_PEPPER_ROOT;34002;19;;;;;34018;8;;;;;34010.5;0.0
21;13700;ASH_COATED_OSMIUM;9991;10;;;;;10007;30;;;;;9999.5;0.0
21;13700;INTARIAN_PEPPER_ROOT;34006;10;34004;12;;;34018;8;34021;11;;;34012.5;0.0
21;13800;ASH_COATED_OSMIUM;9991;10;9990;11;;;10007;14;10010;13;;;9999.0;0.0
21;13800;INTARIAN_PEPPER_ROOT;34007;9;;;;;34019;18;;;;;34013.5;0.0
21;13900;ASH_COATED_OSMIUM;9988;3;9987;13;9985;2;10004;11;10005;13;10008;12;9996.0;0.0
21;13900;INTARIAN_PEPPER_ROOT;34006;10;34003;9;;;34022;8;34025;12;;;34014.0;0.0
21;14000;ASH_COATED_OSMIUM;9987;11;;;;;10003;14;;;;;9995.5;0.0
21;14000;INTARIAN_PEPPER_ROOT;34006;9;34004;17;34001;12;34019;9;34022;5;34023;10;34012.5;0.0
21;14100;ASH_COATED_OSMIUM;9997;23;9996;10;9995;14;10013;12;10015;24;10016;15;10005.0;0.0
21;14100;INTARIAN_PEPPER_ROOT;34009;6;34006;12;;;34021;11;34023;8;;;34015.0;0.0
21;14200;ASH_COATED_OSMIUM;10000;30;9998;23;;;10016;11;10018;24;;;10008.0;0.0
21;14200;INTARIAN_PEPPER_ROOT;34008;23;34007;8;34005;12;34022;10;34024;8;34026;8;34015.5;0.0
21;14300;ASH_COATED_OSMIUM;10001;12;;;;;10017;15;;;;;10009.0;0.0
21;14300;INTARIAN_PEPPER_ROOT;34004;22;;;;;34020;12;;;;;34012.0;0.0
21;14400;ASH_COATED_OSMIUM;10000;12;9998;11;9995;15;10016;10;10018;29;10019;27;10008.5;0.0
21;14400;INTARIAN_PEPPER_ROOT;34008;9;;;;;34022;8;;;;;34015.5;0.0
21;14500;ASH_COATED_OSMIUM;9999;13;9997;12;;;10015;20;10017;10;;;10007.0;0.0
21;14500;INTARIAN_PEPPER_ROOT;34009;9;34006;11;;;34022;11;34024;9;;;34015.5;0.0
21;14600;ASH_COATED_OSMIUM;10001;14;;;;;10011;15;;;;;10006.0;0.0
21;14600;INTARIAN_PEPPER_ROOT;34005;9;34004;20;;;34018;22;34021;12;;;34012.0;0.0
21;14700;ASH_COATED_OSMIUM;9995;28;9994;27;;;10016;15;10019;15;;;10006.0;0.0
21;14700;INTARIAN_PEPPER_ROOT;34003;11;34002;15;33999;12;34016;9;34017;9;34019;10;34009.5;0.0
21;14800;ASH_COATED_OSMIUM;9993;10;9990;25;9987;10;10009;15;10012;14;10015;14;10001.5;0.0
21;14800;INTARIAN_PEPPER_ROOT;34005;10;34004;11;;;34017;8;34018;9;;;34011.0;0.0
21;14900;ASH_COATED_OSMIUM;9991;15;9990;13;9988;15;10007;15;10010;15;10011;12;9999.5;0.0
21;14900;INTARIAN_PEPPER_ROOT;34008;12;34005;8;;;34022;10;34025;12;;;34015.0;0.0
21;15000;ASH_COATED_OSMIUM;9990;15;9989;15;;;10006;8;10009;20;;;9998.0;0.0
21;15000;INTARIAN_PEPPER_ROOT;34010;9;34008;8;;;34024;10;34025;12;;;34017.0;0.0
21;15100;ASH_COATED_OSMIUM;9986;15;9983;15;;;10002;27;10003;14;;;9994.5;0.0
21;15100;INTARIAN_PEPPER_ROOT;34008;11;34005;12;;;34021;11;34022;12;;;34015.0;0.0
21;15200;ASH_COATED_OSMIUM;9986;15;9984;13;;;10002;11;10003;11;;;9994.5;0.0
21;15200;INTARIAN_PEPPER_ROOT;34009;10;;;;;34022;10;;;;;34015.5;0.0
21;15300;ASH_COATED_OSMIUM;9988;13;;;;;10004;25;;;;;9996.0;0.0
21;15300;INTARIAN_PEPPER_ROOT;34008;11;34006;9;;;34020;8;34021;8;;;34014.5;0.0
21;15400;ASH_COATED_OSMIUM;9984;10;;;;;10003;14;;;;;9994.0;0.0
21;15400;INTARIAN_PEPPER_ROOT;34009;11;34006;12;;;34021;10;34023;11;;;34015.5;0.0
21;15500;ASH_COATED_OSMIUM;9991;12;;;;;10007;10;;;;;9999.0;0.0
21;15500;INTARIAN_PEPPER_ROOT;34011;8;;;;;34017;12;;;;;34014.5;0.0
21;15600;ASH_COATED_OSMIUM;9988;12;9987;12;9984;20;10000;14;10001;11;10003;11;9994.0;0.0
21;15600;INTARIAN_PEPPER_ROOT;34009;10;34008;11;34006;8;34019;9;34022;8;34023;8;34014.0;0.0
21;15700;ASH_COATED_OSMIUM;9992;11;9989;11;;;10011;4;10012;3;;;10001.5;0.0
21;15700;INTARIAN_PEPPER_ROOT;34007;8;34004;10;;;34020;10;34023;11;;;34014.0;0.0
21;15800;ASH_COATED_OSMIUM;9991;15;9988;13;;;10007;5;10010;12;;;9999.0;0.0
21;15800;INTARIAN_PEPPER_ROOT;34009;12;34007;11;;;34023;17;34024;22;;;34016.0;0.0
21;15900;ASH_COATED_OSMIUM;9997;12;;;;;10006;11;;;;;10002.0;0.0
21;15900;INTARIAN_PEPPER_ROOT;34009;11;34008;9;34005;11;34023;11;34026;10;34029;9;34016.5;0.0
21;16000;ASH_COATED_OSMIUM;9998;13;;;;;10008;12;;;;;10003.5;0.0
21;16000;INTARIAN_PEPPER_ROOT;34009;11;;;;;34022;9;;;;;34015.5;0.0
21;16100;ASH_COATED_OSMIUM;9999;13;;;;;10015;14;;;;;10007.0;0.0
21;16100;INTARIAN_PEPPER_ROOT;34009;11;;;;;34024;12;;;;;34016.5;0.0
21;16200;ASH_COATED_OSMIUM;9997;10;;;;;10013;11;;;;;10005.0;0.0
21;16200;INTARIAN_PEPPER_ROOT;34011;10;;;;;34025;11;;;;;34018.0;0.0
21;16300;ASH_COATED_OSMIUM;9995;13;;;;;10011;2;;;;;10003.5;0.0
21;16300;INTARIAN_PEPPER_ROOT;34015;20;;;;;34018;16;;;;;34016.5;0.0
21;16400;ASH_COATED_OSMIUM;9995;11;9994;14;;;10005;15;10008;11;;;10000.5;0.0
21;16400;INTARIAN_PEPPER_ROOT;34008;25;;;;;34023;8;;;;;34015.5;0.0
21;16500;ASH_COATED_OSMIUM;9989;5;9987;10;;;10008;14;10011;12;;;9999.0;0.0
21;16500;INTARIAN_PEPPER_ROOT;34014;10;34012;12;34009;23;34026;9;34029;8;34031;10;34020.0;0.0
21;16600;ASH_COATED_OSMIUM;9990;23;9988;27;9987;14;10006;13;10009;20;10011;25;9998.0;0.0
21;16600;INTARIAN_PEPPER_ROOT;34009;11;;;;;34023;19;;;;;34016.0;0.0
21;16700;ASH_COATED_OSMIUM;9993;20;;;;;10009;25;;;;;10001.0;0.0
21;16700;INTARIAN_PEPPER_ROOT;34006;11;34003;12;34002;12;34021;8;34022;16;34025;10;34014.0;0.0
21;16800;ASH_COATED_OSMIUM;9989;13;;;;;10005;13;;;;;9997.5;0.0
21;16800;INTARIAN_PEPPER_ROOT;34009;12;;;;;34023;11;;;;;34016.5;0.0
21;16900;ASH_COATED_OSMIUM;9987;25;;;;;10003;10;;;;;9995.5;0.0
21;16900;INTARIAN_PEPPER_ROOT;34011;5;;;;;34025;11;;;;;34018.0;0.0
21;17000;ASH_COATED_OSMIUM;9987;13;9986;12;;;10003;12;10006;3;;;9995.0;0.0
21;17000;INTARIAN_PEPPER_ROOT;34010;9;;;;;34021;10;;;;;34016.0;0.0
21;17100;ASH_COATED_OSMIUM;9992;10;9990;10;9988;12;10010;10;10013;15;10016;15;10001.0;0.0
21;17100;INTARIAN_PEPPER_ROOT;34012;12;;;;;34023;23;;;;;34017.5;0.0
21;17200;ASH_COATED_OSMIUM;9993;11;9991;7;;;10009;27;10010;23;;;10001.0;0.0
21;17200;INTARIAN_PEPPER_ROOT;34011;9;34010;21;34009;12;34024;10;34026;12;34029;11;34018.0;0.0
21;17300;ASH_COATED_OSMIUM;9990;15;9989;12;;;10006;20;10009;26;;;9998.5;0.0
21;17300;INTARIAN_PEPPER_ROOT;34008;23;;;;;34020;23;;;;;34014.5;0.0
21;17400;ASH_COATED_OSMIUM;10002;11;9999;11;;;10007;14;10008;14;;;10004.5;0.0
21;17400;INTARIAN_PEPPER_ROOT;34013;12;34012;11;;;34026;12;34029;12;;;34020.0;0.0
21;17500;ASH_COATED_OSMIUM;9995;29;;;;;10014;10;;;;;10005.0;0.0
21;17500;INTARIAN_PEPPER_ROOT;34010;9;34008;20;;;34023;22;34026;11;;;34016.5;0.0
21;17600;ASH_COATED_OSMIUM;9995;10;;;;;10013;14;;;;;10004.0;0.0
21;17600;INTARIAN_PEPPER_ROOT;34013;11;34011;12;34010;9;34026;11;34028;21;34029;11;34019.5;0.0
21;17700;ASH_COATED_OSMIUM;9992;12;;;;;10008;12;;;;;10000.5;0.0
21;17700;INTARIAN_PEPPER_ROOT;34011;8;34009;10;;;34026;9;34028;8;;;34018.5;0.0
21;17800;ASH_COATED_OSMIUM;9990;12;9988;15;9985;11;10008;11;10011;10;10013;24;9999.0;0.0
21;17800;INTARIAN_PEPPER_ROOT;34010;16;34009;9;;;34023;9;34026;10;;;34017.0;0.0
21;17900;ASH_COATED_OSMIUM;9987;15;;;;;10003;14;;;;;9995.0;0.0
21;17900;INTARIAN_PEPPER_ROOT;34011;19;34008;8;;;34024;10;34027;11;;;34017.5;0.0
21;18000;ASH_COATED_OSMIUM;9984;26;;;;;10000;11;;;;;9992.5;0.0
21;18000;INTARIAN_PEPPER_ROOT;34013;16;34012;9;;;34025;11;34027;8;;;34019.0;0.0
21;18100;ASH_COATED_OSMIUM;9983;11;9981;13;;;10002;14;10005;29;;;9993.0;0.0
21;18100;INTARIAN_PEPPER_ROOT;34010;24;;;;;34025;12;;;;;34017.5;0.0
21;18200;ASH_COATED_OSMIUM;9992;10;9989;21;;;9999;12;10001;15;;;9996.0;0.0
21;18200;INTARIAN_PEPPER_ROOT;34010;11;34009;10;;;34025;11;34026;18;;;34017.5;0.0
21;18300;ASH_COATED_OSMIUM;9988;10;9987;10;9985;10;10004;11;10007;21;10008;28;9996.5;0.0
21;18300;INTARIAN_PEPPER_ROOT;34012;8;34011;12;34010;23;34023;9;34026;12;34029;11;34017.5;0.0
21;18400;ASH_COATED_OSMIUM;9989;15;9987;13;9986;23;10005;30;10008;14;10011;14;9997.0;0.0
21;18400;INTARIAN_PEPPER_ROOT;34010;12;34007;12;34004;8;34023;9;34026;20;34027;9;34017.0;0.0
21;18500;ASH_COATED_OSMIUM;9990;12;;;;;10006;15;;;;;9998.0;0.0
21;18500;INTARIAN_PEPPER_ROOT;34011;8;34010;10;;;34025;10;34028;8;;;34018.5;0.0
21;18600;ASH_COATED_OSMIUM;9987;5;9984;15;;;10006;11;10007;26;;;9997.0;0.0
21;18600;INTARIAN_PEPPER_ROOT;34013;25;34010;9;34009;11;34024;8;34025;19;34027;9;34019.0;0.0
21;18700;ASH_COATED_OSMIUM;9986;24;;;;;10007;10;;;;;9996.5;0.0
21;18700;INTARIAN_PEPPER_ROOT;34010;10;34009;11;;;34024;9;34026;10;;;34017.5;0.0
21;18800;ASH_COATED_OSMIUM;9983;13;9980;12;9979;12;10004;20;10007;22;10009;15;9994.0;0.0
21;18800;INTARIAN_PEPPER_ROOT;34012;10;;;;;34030;25;;;;;34021.0;0.0
21;18900;ASH_COATED_OSMIUM;9987;12;9986;11;9983;11;10003;27;10004;21;10007;15;9995.5;0.0
21;18900;INTARIAN_PEPPER_ROOT;34013;12;34012;10;34009;12;34024;22;34027;18;34028;12;34019.0;0.0
21;19000;ASH_COATED_OSMIUM;9990;13;9989;15;;;10006;15;10007;10;;;9998.0;0.0
21;19000;INTARIAN_PEPPER_ROOT;34012;9;;;;;34025;11;;;;;34018.5;0.0
21;19100;ASH_COATED_OSMIUM;9990;12;9987;14;9986;11;10011;30;10013;14;10014;29;10000.5;0.0
21;19100;INTARIAN_PEPPER_ROOT;34011;8;34008;12;;;34023;11;34025;9;;;34017.5;0.0
21;19200;ASH_COATED_OSMIUM;9987;11;9985;10;9984;25;10003;12;10004;15;10007;13;9995.0;0.0
21;19200;INTARIAN_PEPPER_ROOT;34009;10;;;;;34022;9;;;;;34016.0;0.0
21;19300;ASH_COATED_OSMIUM;9983;10;9982;5;;;9999;10;10000;13;;;9991.0;0.0
21;19300;INTARIAN_PEPPER_ROOT;34013;12;34012;19;;;34029;11;34031;9;;;34021.5;0.0
21;19400;ASH_COATED_OSMIUM;9985;24;;;;;10004;13;;;;;9994.5;0.0
21;19400;INTARIAN_PEPPER_ROOT;34012;9;34009;12;34007;9;34025;10;34028;12;34030;8;34018.5;0.0
21;19500;ASH_COATED_OSMIUM;9985;10;;;;;10004;10;;;;;9994.5;0.0
21;19500;INTARIAN_PEPPER_ROOT;34012;11;34010;9;;;34024;10;34026;11;;;34018.0;0.0
21;19600;ASH_COATED_OSMIUM;9986;14;9983;12;;;10002;10;10005;14;;;9994.0;0.0
21;19600;INTARIAN_PEPPER_ROOT;34015;8;;;;;34026;12;;;;;34021.0;0.0
21;19700;ASH_COATED_OSMIUM;9987;28;9984;10;9983;13;10005;10;10007;14;10008;10;9996.0;0.0
21;19700;INTARIAN_PEPPER_ROOT;34011;8;34009;12;;;34025;8;34026;10;;;34018.0;0.0
21;19800;ASH_COATED_OSMIUM;9992;13;9990;12;;;10008;14;10011;13;;;10000.0;0.0
21;19800;INTARIAN_PEPPER_ROOT;34009;8;;;;;34025;24;;;;;34017.5;0.0
21;19900;ASH_COATED_OSMIUM;9994;14;;;;;10012;11;;;;;10003.0;0.0
21;19900;INTARIAN_PEPPER_ROOT;34012;8;34011;9;;;34028;5;34031;11;;;34020.0;0.0
21;20000;ASH_COATED_OSMIUM;9987;27;9984;11;;;10003;11;10006;12;;;9995.5;0.0
21;20000;INTARIAN_PEPPER_ROOT;34010;18;34009;10;34006;12;34025;11;34026;12;34029;11;34018.0;0.0
21;20100;ASH_COATED_OSMIUM;9993;12;9990;22;9989;15;10009;14;10011;21;10014;12;10001.0;0.0
21;20100;INTARIAN_PEPPER_ROOT;34017;12;34016;10;;;34028;8;34029;10;;;34023.0;0.0
21;20200;ASH_COATED_OSMIUM;9992;15;9990;12;9987;12;10010;13;10013;15;10015;12;10001.5;0.0
21;20200;INTARIAN_PEPPER_ROOT;34016;18;34015;10;;;34027;9;34029;9;;;34021.5;0.0
21;20300;ASH_COATED_OSMIUM;9991;11;9990;11;;;10007;13;10010;10;;;9999.5;0.0
21;20300;INTARIAN_PEPPER_ROOT;34014;11;;;;;34027;11;;;;;34020.5;0.0
21;20400;ASH_COATED_OSMIUM;9990;13;;;;;10006;15;;;;;9998.0;0.0
21;20400;INTARIAN_PEPPER_ROOT;34012;10;34010;21;;;34026;9;34028;8;;;34019.0;0.0
21;20500;ASH_COATED_OSMIUM;9994;26;9992;13;9990;13;10010;13;10012;14;10013;25;10002.5;0.0
21;20500;INTARIAN_PEPPER_ROOT;34015;11;;;;;34027;12;;;;;34021.5;0.0
21;20600;ASH_COATED_OSMIUM;9996;10;9995;12;9993;27;10012;14;10014;4;10016;14;10004.5;0.0
21;20600;INTARIAN_PEPPER_ROOT;34012;12;34010;8;;;34025;8;34026;10;;;34018.5;0.0
21;20700;ASH_COATED_OSMIUM;10003;26;10001;14;;;10019;11;10022;13;;;10011.0;0.0
21;20700;INTARIAN_PEPPER_ROOT;34015;16;34013;9;;;34028;12;34029;10;;;34021.5;0.0
21;20800;ASH_COATED_OSMIUM;10001;14;10000;10;9999;24;10017;3;10020;28;10023;15;10009.5;0.0
21;20800;INTARIAN_PEPPER_ROOT;34017;16;34015;16;;;34028;10;34029;8;;;34023.0;0.0
21;20900;ASH_COATED_OSMIUM;9996;12;9994;12;9993;28;10015;12;10018;12;10019;12;10005.5;0.0
21;20900;INTARIAN_PEPPER_ROOT;34015;8;34014;9;34012;10;34027;9;34028;10;34031;12;34021.0;0.0
21;21000;ASH_COATED_OSMIUM;9997;15;9994;11;;;10013;4;10016;15;;;10005.0;0.0
21;21000;INTARIAN_PEPPER_ROOT;34018;11;;;;;34030;11;;;;;34024.0;0.0
21;21100;ASH_COATED_OSMIUM;9993;15;9992;13;9990;13;10011;12;10013;12;10015;14;10002.0;0.0
21;21100;INTARIAN_PEPPER_ROOT;34018;12;;;;;34031;12;;;;;34024.5;0.0
21;21200;ASH_COATED_OSMIUM;9995;12;9993;10;;;10011;10;10013;14;;;10003.5;0.0
21;21200;INTARIAN_PEPPER_ROOT;34018;11;;;;;34030;12;;;;;34024.5;0.0
21;21300;ASH_COATED_OSMIUM;9998;14;9996;10;;;10016;12;10017;13;;;10007.5;0.0
21;21300;INTARIAN_PEPPER_ROOT;34011;18;34010;10;34008;17;34027;11;34030;11;34031;8;34019.0;0.0
21;21400;ASH_COATED_OSMIUM;9999;12;9996;2;9993;2;10017;3;10020;10;10021;24;10008.0;0.0
21;21400;INTARIAN_PEPPER_ROOT;34008;10;34005;8;34004;8;34025;11;34026;11;34029;10;34016.5;0.0
21;21500;ASH_COATED_OSMIUM;10004;10;10001;29;;;10022;13;10023;14;;;10013.0;0.0
21;21500;INTARIAN_PEPPER_ROOT;34018;10;;;;;34030;23;;;;;34024.0;0.0
21;21600;ASH_COATED_OSMIUM;9997;15;9996;15;9994;12;10013;11;10016;11;10018;12;10005.5;0.0
21;21600;INTARIAN_PEPPER_ROOT;34014;9;;;;;34026;12;;;;;34020.5;0.0
21;21700;ASH_COATED_OSMIUM;9995;12;9994;12;9991;12;10011;13;10012;11;10013;30;10003.5;0.0
21;21700;INTARIAN_PEPPER_ROOT;34017;11;;;;;34030;8;;;;;34024.0;0.0
21;21800;ASH_COATED_OSMIUM;10000;10;;;;;10007;14;;;;;10003.5;0.0
21;21800;INTARIAN_PEPPER_ROOT;34017;9;34015;10;34014;12;34030;10;34032;10;34033;12;34024.0;0.0
21;21900;ASH_COATED_OSMIUM;9990;26;9988;11;9986;15;10006;12;10008;12;10011;27;9998.5;0.0
21;21900;INTARIAN_PEPPER_ROOT;34023;8;34022;24;;;34026;12;34029;11;;;34025.0;0.0
21;22000;ASH_COATED_OSMIUM;9992;12;;;;;10008;14;;;;;10000.5;0.0
21;22000;INTARIAN_PEPPER_ROOT;34013;12;34010;9;34007;19;34030;9;34033;11;34035;12;34022.0;0.0
21;22100;ASH_COATED_OSMIUM;9989;22;9986;15;9983;11;10007;13;10008;13;10010;15;9998.0;0.0
21;22100;INTARIAN_PEPPER_ROOT;34015;17;34014;9;;;34029;12;34032;9;;;34022.0;0.0
21;22200;ASH_COATED_OSMIUM;9997;12;9994;11;9993;11;10013;23;10015;12;10018;23;10005.0;0.0
21;22200;INTARIAN_PEPPER_ROOT;34012;12;;;;;34025;12;;;;;34018.5;0.0
21;22300;ASH_COATED_OSMIUM;9992;11;9990;14;;;10010;12;10012;10;;;10001.5;0.0
21;22300;INTARIAN_PEPPER_ROOT;34019;8;34018;12;;;34032;10;34034;11;;;34025.5;0.0
21;22400;ASH_COATED_OSMIUM;9988;11;9986;24;9983;15;10006;12;10007;15;10008;13;9997.5;0.0
21;22400;INTARIAN_PEPPER_ROOT;34015;21;34013;11;34012;8;34027;9;34029;10;34031;11;34021.5;0.0
21;22500;ASH_COATED_OSMIUM;9986;15;9985;12;;;10002;13;10005;3;;;9994.0;0.0
21;22500;INTARIAN_PEPPER_ROOT;34013;12;34010;10;;;34027;9;34028;17;;;34020.0;0.0
21;22600;ASH_COATED_OSMIUM;9983;30;9982;10;9980;20;10002;10;10005;14;10006;11;9992.5;0.0
21;22600;INTARIAN_PEPPER_ROOT;34017;8;;;;;34028;9;;;;;34023.0;0.0
21;22700;ASH_COATED_OSMIUM;9990;15;9989;29;;;10006;30;10008;10;;;9998.5;0.0
21;22700;INTARIAN_PEPPER_ROOT;34015;11;34013;11;;;34026;9;34029;12;;;34021.0;0.0
21;22800;ASH_COATED_OSMIUM;9986;10;9984;13;;;10002;15;10004;23;;;9994.0;0.0
21;22800;INTARIAN_PEPPER_ROOT;34010;24;34008;12;34005;9;34025;20;34028;9;34030;8;34018.0;0.0
21;22900;ASH_COATED_OSMIUM;9983;15;9980;13;9978;23;10001;15;10004;12;10006;10;9992.0;0.0
21;22900;INTARIAN_PEPPER_ROOT;34019;17;34016;8;;;34030;10;34033;11;;;34025.0;0.0
21;23000;ASH_COATED_OSMIUM;9981;15;9979;14;;;9997;10;9998;15;;;9989.5;0.0
21;23000;INTARIAN_PEPPER_ROOT;34018;12;34017;9;34016;12;34031;11;34034;12;34036;8;34024.5;0.0
21;23100;ASH_COATED_OSMIUM;9980;10;9979;13;;;9999;13;10001;24;;;9989.5;0.0
21;23100;INTARIAN_PEPPER_ROOT;34021;8;34018;11;34016;21;34034;8;34037;11;34039;11;34027.5;0.0
21;23200;ASH_COATED_OSMIUM;9986;14;9985;13;9982;11;10002;20;10003;15;10006;12;9994.0;0.0
21;23200;INTARIAN_PEPPER_ROOT;34017;10;;;;;34035;12;;;;;34026.0;0.0
21;23300;ASH_COATED_OSMIUM;9987;13;;;;;10003;23;;;;;9995.5;0.0
21;23300;INTARIAN_PEPPER_ROOT;34019;10;34017;11;;;34034;8;34035;11;;;34027.0;0.0
21;23400;ASH_COATED_OSMIUM;9994;23;9992;11;;;10005;20;10007;11;;;10000.0;0.0
21;23400;INTARIAN_PEPPER_ROOT;34017;16;34016;12;34015;8;34030;8;34033;9;34035;8;34023.5;0.0
21;23500;ASH_COATED_OSMIUM;9993;15;9991;15;9989;11;10003;21;10004;7;10007;15;9998.5;0.0
21;23500;INTARIAN_PEPPER_ROOT;34021;9;;;;;34032;10;;;;;34026.5;0.0
21;23600;ASH_COATED_OSMIUM;9989;10;9988;11;;;10005;10;10007;12;;;9997.0;0.0
21;23600;INTARIAN_PEPPER_ROOT;34016;10;34015;12;;;34032;8;34035;9;;;34024.5;0.0
21;23700;ASH_COATED_OSMIUM;9989;15;;;;;10005;14;;;;;9997.0;0.0
21;23700;INTARIAN_PEPPER_ROOT;34022;22;34020;10;;;34033;10;34035;8;;;34028.0;0.0
21;23800;ASH_COATED_OSMIUM;9981;15;9979;12;;;10000;10;10001;24;;;9991.0;0.0
21;23800;INTARIAN_PEPPER_ROOT;34019;8;34018;9;;;34030;9;34031;11;;;34024.5;0.0
21;23900;ASH_COATED_OSMIUM;9983;15;;;;;10002;14;;;;;9992.5;0.0
21;23900;INTARIAN_PEPPER_ROOT;34014;9;34013;9;;;34031;11;34033;9;;;34022.5;0.0
21;24000;ASH_COATED_OSMIUM;9986;28;;;;;10005;11;;;;;9995.5;0.0
21;24000;INTARIAN_PEPPER_ROOT;34018;10;;;;;34035;24;;;;;34027.0;0.0
21;24100;ASH_COATED_OSMIUM;9994;15;;;;;10005;14;;;;;10000.0;0.0
21;24100;INTARIAN_PEPPER_ROOT;34019;10;34017;10;34015;20;34032;8;34035;6;34037;10;34026.0;0.0
21;24200;ASH_COATED_OSMIUM;9996;12;9994;23;;;10012;14;10013;10;;;10004.0;0.0
21;24200;INTARIAN_PEPPER_ROOT;34016;18;34013;11;34010;9;34030;8;34032;20;34033;22;34023.5;0.0
21;24300;ASH_COATED_OSMIUM;10000;15;;;;;10016;11;;;;;10008.5;0.0
21;24300;INTARIAN_PEPPER_ROOT;34017;5;;;;;34030;9;;;;;34023.5;0.0
21;24400;ASH_COATED_OSMIUM;10002;13;10000;20;;;10018;10;10019;12;;;10010.0;0.0
21;24400;INTARIAN_PEPPER_ROOT;34017;8;34014;10;;;34029;12;34030;8;;;34023.5;0.0
21;24500;ASH_COATED_OSMIUM;9992;10;9990;14;9989;21;10011;10;10012;13;10015;11;10002.0;0.0
21;24500;INTARIAN_PEPPER_ROOT;34019;10;;;;;34032;11;;;;;34026.0;0.0
21;24600;ASH_COATED_OSMIUM;9991;26;9990;15;;;10007;15;10009;14;;;9999.0;0.0
21;24600;INTARIAN_PEPPER_ROOT;34015;10;;;;;34027;11;;;;;34021.0;0.0
21;24700;ASH_COATED_OSMIUM;9988;12;;;;;10004;10;;;;;9996.5;0.0
21;24700;INTARIAN_PEPPER_ROOT;34016;12;34013;12;;;34028;9;34031;10;;;34022.5;0.0
21;24800;ASH_COATED_OSMIUM;9994;12;9992;12;;;10010;13;10013;14;;;10002.5;0.0
21;24800;INTARIAN_PEPPER_ROOT;34015;12;34013;10;34012;8;34028;10;34029;20;34030;12;34022.0;0.0
21;24900;ASH_COATED_OSMIUM;9995;21;;;;;10011;12;;;;;10003.0;0.0
21;24900;INTARIAN_PEPPER_ROOT;34018;19;34016;20;34013;12;34030;12;34031;8;34033;10;34024.5;0.0
21;25000;ASH_COATED_OSMIUM;9991;10;9988;13;9987;15;10007;12;10009;12;10010;15;9999.5;0.0
21;25000;INTARIAN_PEPPER_ROOT;34020;12;34017;12;34016;15;34031;11;34032;8;34035;10;34026.0;0.0
21;25100;ASH_COATED_OSMIUM;9990;11;9989;15;;;10006;14;10008;15;;;9998.0;0.0
21;25100;INTARIAN_PEPPER_ROOT;34016;9;34015;8;34014;12;34029;23;34030;23;34032;10;34023.0;0.0
21;25200;ASH_COATED_OSMIUM;9986;12;9985;11;;;10002;13;10004;10;;;9994.0;0.0
21;25200;INTARIAN_PEPPER_ROOT;34019;9;34016;22;;;34031;8;34033;10;;;34025.5;0.0
21;25300;ASH_COATED_OSMIUM;9986;10;9983;21;;;10005;10;10006;15;;;9995.5;0.0
21;25300;INTARIAN_PEPPER_ROOT;34017;10;34015;12;;;34034;15;34035;9;;;34026.0;0.0
21;25400;ASH_COATED_OSMIUM;9989;11;;;;;10007;14;;;;;9998.5;0.0
21;25400;INTARIAN_PEPPER_ROOT;34023;11;34021;11;;;34025;9;34027;8;;;34024.5;0.0
21;25500;ASH_COATED_OSMIUM;9993;13;9991;15;;;10009;15;10011;14;;;10001.5;0.0
21;25500;INTARIAN_PEPPER_ROOT;34020;12;34019;12;34017;10;34035;12;34038;10;34040;10;34027.5;0.0
21;25600;ASH_COATED_OSMIUM;9986;25;;;;;10005;27;;;;;9995.5;0.0
21;25600;INTARIAN_PEPPER_ROOT;34020;8;;;;;34035;9;;;;;34028.0;0.0
21;25700;ASH_COATED_OSMIUM;9995;29;9994;14;;;10011;14;10013;24;;;10003.5;0.0
21;25700;INTARIAN_PEPPER_ROOT;34020;9;34019;12;;;34034;19;34037;9;;;34027.0;0.0
21;25800;ASH_COATED_OSMIUM;9993;12;;;;;10009;13;;;;;10001.5;0.0
21;25800;INTARIAN_PEPPER_ROOT;34021;20;34020;12;34017;12;34035;8;34036;12;34037;12;34028.0;0.0
21;25900;ASH_COATED_OSMIUM;9991;13;9990;15;9988;10;10007;10;10009;14;10012;4;9999.0;0.0
21;25900;INTARIAN_PEPPER_ROOT;34019;9;34016;9;34014;17;34032;11;34035;12;34036;24;34026.0;0.0
21;26000;ASH_COATED_OSMIUM;9989;26;;;;;10007;15;;;;;9998.0;0.0
21;26000;INTARIAN_PEPPER_ROOT;34019;25;34017;9;34015;16;34033;12;34035;12;34037;9;34026.5;0.0
21;26100;ASH_COATED_OSMIUM;9993;14;9992;30;9991;11;10009;13;10011;10;10013;11;10001.0;0.0
21;26100;INTARIAN_PEPPER_ROOT;34020;9;34017;12;;;34031;22;34032;8;;;34026.0;0.0
21;26200;ASH_COATED_OSMIUM;9996;13;9993;10;;;10007;24;10009;12;;;10001.5;0.0
21;26200;INTARIAN_PEPPER_ROOT;34018;8;34016;11;;;34031;9;34032;15;;;34025.0;0.0
21;26300;ASH_COATED_OSMIUM;9988;13;9986;13;;;10007;14;10008;12;;;9998.0;0.0
21;26300;INTARIAN_PEPPER_ROOT;34021;12;34020;12;34019;12;34035;9;34036;10;34037;8;34028.5;0.0
21;26400;ASH_COATED_OSMIUM;9983;10;9981;13;;;10001;15;10002;10;;;9992.5;0.0
21;26400;INTARIAN_PEPPER_ROOT;34021;10;;;;;34034;12;;;;;34028.0;0.0
21;26500;ASH_COATED_OSMIUM;9983;10;9981;13;;;10002;10;10005;2;;;9993.0;0.0
21;26500;INTARIAN_PEPPER_ROOT;34020;10;34018;10;34015;12;34029;12;34030;9;34031;10;34025.0;0.0
21;26600;ASH_COATED_OSMIUM;9983;12;9980;10;9978;15;9999;14;10002;10;10004;22;9991.5;0.0
21;26600;INTARIAN_PEPPER_ROOT;34018;10;;;;;34033;17;;;;;34026.0;0.0
21;26700;ASH_COATED_OSMIUM;9983;12;;;;;10002;14;;;;;9993.0;0.0
21;26700;INTARIAN_PEPPER_ROOT;34021;11;;;;;34033;9;;;;;34027.0;0.0
21;26800;ASH_COATED_OSMIUM;9987;10;9985;30;9983;14;10003;28;10005;21;10008;12;9995.5;0.0
21;26800;INTARIAN_PEPPER_ROOT;34020;11;;;;;34033;9;;;;;34026.5;0.0
21;26900;ASH_COATED_OSMIUM;9989;15;9987;13;;;10005;13;10007;11;;;9997.0;0.0
21;26900;INTARIAN_PEPPER_ROOT;34017;10;34016;16;;;34030;12;34031;12;;;34024.0;0.0
21;27000;ASH_COATED_OSMIUM;9987;10;9986;13;;;10003;15;10006;10;;;9995.0;0.0
21;27000;INTARIAN_PEPPER_ROOT;34018;11;;;;;34031;10;;;;;34025.0;0.0
21;27100;ASH_COATED_OSMIUM;9988;10;;;;;10004;10;;;;;9996.0;0.0
21;27100;INTARIAN_PEPPER_ROOT;34019;10;34017;9;;;34035;9;34038;10;;;34027.5;0.0
21;27200;ASH_COATED_OSMIUM;9990;13;9987;10;9986;3;10006;21;10009;10;10011;11;9998.0;0.0
21;27200;INTARIAN_PEPPER_ROOT;34024;12;34021;8;;;34036;9;34038;12;;;34030.0;0.0
21;27300;ASH_COATED_OSMIUM;9985;13;;;;;10001;20;;;;;9993.0;0.0
21;27300;INTARIAN_PEPPER_ROOT;34018;9;34015;11;34012;8;34037;9;34038;8;34040;19;34028.0;0.0
21;27400;ASH_COATED_OSMIUM;9987;13;;;;;10003;13;;;;;9995.0;0.0
21;27400;INTARIAN_PEPPER_ROOT;34020;10;34018;11;;;34033;21;34034;12;;;34026.5;0.0
21;27500;ASH_COATED_OSMIUM;9983;14;9980;15;;;9999;22;10000;12;;;9991.0;0.0
21;27500;INTARIAN_PEPPER_ROOT;34029;12;34027;16;34026;11;34033;10;34036;10;34037;8;34031.0;0.0
21;27600;ASH_COATED_OSMIUM;9981;14;;;;;10000;14;;;;;9991.0;0.0
21;27600;INTARIAN_PEPPER_ROOT;34019;20;;;;;34031;8;;;;;34025.0;0.0
21;27700;ASH_COATED_OSMIUM;9984;21;9981;20;;;10000;12;10002;30;;;9992.5;0.0
21;27700;INTARIAN_PEPPER_ROOT;34022;9;34019;9;34018;10;34035;9;34036;12;34037;9;34028.5;0.0
21;27800;ASH_COATED_OSMIUM;9992;3;9990;13;;;10001;14;10002;24;;;9996.5;0.0
21;27800;INTARIAN_PEPPER_ROOT;34021;12;34019;11;34017;10;34039;11;34041;11;34044;11;34030.5;0.0
21;27900;ASH_COATED_OSMIUM;9993;14;9990;13;;;10011;12;10013;14;;;10002.5;0.0
21;27900;INTARIAN_PEPPER_ROOT;34019;16;;;;;34031;24;;;;;34025.5;0.0
21;28000;ASH_COATED_OSMIUM;9991;12;9990;12;;;10007;11;10008;9;;;9999.5;0.0
21;28000;INTARIAN_PEPPER_ROOT;34020;12;;;;;34032;8;;;;;34026.0;0.0
21;28100;ASH_COATED_OSMIUM;9987;13;9984;13;9983;15;10003;14;10006;10;10007;10;9995.5;0.0
21;28100;INTARIAN_PEPPER_ROOT;34019;17;34017;8;;;34033;9;34034;8;;;34026.0;0.0
21;28200;ASH_COATED_OSMIUM;9990;11;9987;10;9986;13;10008;13;10010;13;10012;13;9999.5;0.0
21;28200;INTARIAN_PEPPER_ROOT;34025;22;34023;17;34020;23;34027;10;34030;11;34032;12;34026.5;0.0
21;28300;ASH_COATED_OSMIUM;9986;29;;;;;10004;12;;;;;9995.0;0.0
21;28300;INTARIAN_PEPPER_ROOT;34023;8;;;;;34034;17;;;;;34029.0;0.0
21;28400;ASH_COATED_OSMIUM;9985;10;;;;;10004;10;;;;;9994.5;0.0
21;28400;INTARIAN_PEPPER_ROOT;34022;11;34019;11;34016;8;34039;10;34040;8;34041;10;34030.5;0.0
21;28500;ASH_COATED_OSMIUM;9983;26;9981;14;9979;27;9999;15;10001;14;10004;15;9991.0;0.0
21;28500;INTARIAN_PEPPER_ROOT;34023;10;;;;;34036;11;;;;;34030.0;0.0
21;28600;ASH_COATED_OSMIUM;9983;15;;;;;9999;15;;;;;9991.0;0.0
21;28600;INTARIAN_PEPPER_ROOT;34023;12;;;;;34027;18;;;;;34025.5;0.0
21;28700;ASH_COATED_OSMIUM;9983;10;;;;;9993;15;;;;;9988.0;0.0
21;28700;INTARIAN_PEPPER_ROOT;34022;8;34019;9;;;34035;11;34038;9;;;34029.0;0.0
21;28800;ASH_COATED_OSMIUM;9979;12;9977;2;;;9995;10;9998;15;;;9987.5;0.0
21;28800;INTARIAN_PEPPER_ROOT;34030;10;34028;10;;;34034;10;34035;3;;;34032.0;0.0
21;28900;ASH_COATED_OSMIUM;9982;14;9981;11;;;10001;15;10002;10;;;9992.0;0.0
21;28900;INTARIAN_PEPPER_ROOT;34023;12;;;;;34036;10;;;;;34030.0;0.0
21;29000;ASH_COATED_OSMIUM;9981;14;9979;12;9976;3;9999;29;10001;15;10002;29;9990.0;0.0
21;29000;INTARIAN_PEPPER_ROOT;34023;11;;;;;34036;8;;;;;34029.5;0.0
21;29100;ASH_COATED_OSMIUM;9986;15;;;;;10002;20;;;;;9994.0;0.0
21;29100;INTARIAN_PEPPER_ROOT;34023;10;34022;12;;;34035;19;34037;11;;;34029.5;0.0
21;29200;ASH_COATED_OSMIUM;9993;13;;;;;10012;23;;;;;10002.5;0.0
21;29200;INTARIAN_PEPPER_ROOT;34023;8;34021;9;34019;12;34034;19;34035;9;34037;11;34029.0;0.0
21;29300;ASH_COATED_OSMIUM;9995;10;9994;15;;;10011;28;10012;14;;;10003.0;0.0
21;29300;INTARIAN_PEPPER_ROOT;34025;9;34022;8;34020;12;34041;9;34042;8;34045;9;34033.5;0.0
21;29400;ASH_COATED_OSMIUM;9991;12;9990;10;9987;12;10007;14;10010;14;10011;12;9999.5;0.0
21;29400;INTARIAN_PEPPER_ROOT;34029;9;34026;9;34024;12;34033;8;34035;9;34036;11;34031.5;0.0
21;29500;ASH_COATED_OSMIUM;9989;25;;;;;10010;10;;;;;9999.5;0.0
21;29500;INTARIAN_PEPPER_ROOT;34023;12;34022;12;;;34035;12;34038;9;;;34029.5;0.0
21;29600;ASH_COATED_OSMIUM;9988;10;9986;3;9983;15;10007;14;10010;26;10012;14;9997.5;0.0
21;29600;INTARIAN_PEPPER_ROOT;34026;8;34023;11;34022;18;34041;17;34043;11;34046;8;34033.5;0.0
21;29700;ASH_COATED_OSMIUM;9991;11;9988;15;;;10007;12;10008;11;;;9999.0;0.0
21;29700;INTARIAN_PEPPER_ROOT;34020;21;34019;12;;;34034;12;34037;8;;;34027.0;0.0
21;29800;ASH_COATED_OSMIUM;9993;11;9991;14;9988;13;10009;13;10010;25;10012;13;10001.5;0.0
21;29800;INTARIAN_PEPPER_ROOT;34024;16;34023;11;34020;9;34037;10;34038;8;34040;9;34030.5;0.0
21;29900;ASH_COATED_OSMIUM;9995;29;9992;12;;;10011;13;10014;13;;;10003.5;0.0
21;29900;INTARIAN_PEPPER_ROOT;34023;15;34022;17;34020;18;34037;8;34040;11;34042;8;34030.0;0.0
21;30000;ASH_COATED_OSMIUM;9996;13;9994;14;9991;20;10012;13;10015;10;10016;29;10004.0;0.0
21;30000;INTARIAN_PEPPER_ROOT;34024;12;34023;10;;;34029;18;34030;12;;;34027.0;0.0
21;30100;ASH_COATED_OSMIUM;9996;10;;;;;10015;20;;;;;10006.0;0.0
21;30100;INTARIAN_PEPPER_ROOT;34027;11;34025;11;;;34040;11;34042;11;;;34034.0;0.0
21;30200;ASH_COATED_OSMIUM;9996;12;;;;;10012;13;;;;;10004.0;0.0
21;30200;INTARIAN_PEPPER_ROOT;34023;12;;;;;34035;10;;;;;34029.5;0.0
21;30300;ASH_COATED_OSMIUM;9991;10;9989;11;;;10007;12;10009;13;;;9999.0;0.0
21;30300;INTARIAN_PEPPER_ROOT;34018;10;34017;9;;;34030;11;34031;9;;;34024.5;0.0
21;30400;ASH_COATED_OSMIUM;9995;13;;;;;10011;13;;;;;10003.5;0.0
21;30400;INTARIAN_PEPPER_ROOT;34023;9;;;;;34037;10;;;;;34030.0;0.0
21;30500;ASH_COATED_OSMIUM;9996;15;9995;27;;;10012;11;10015;13;;;10004.5;0.0
21;30500;INTARIAN_PEPPER_ROOT;34028;8;;;;;34040;17;;;;;34034.0;0.0
21;30600;ASH_COATED_OSMIUM;9990;15;;;;;10009;10;;;;;9999.5;0.0
21;30600;INTARIAN_PEPPER_ROOT;34023;9;34020;8;;;34035;11;34036;10;;;34029.0;0.0
21;30700;ASH_COATED_OSMIUM;9997;15;9994;20;9991;14;10018;7;10019;10;10020;12;10007.5;0.0
21;30700;INTARIAN_PEPPER_ROOT;34025;10;34024;10;34023;12;34036;10;34039;11;34041;9;34031.0;0.0
21;30800;ASH_COATED_OSMIUM;9998;13;9996;12;9994;2;10014;14;10016;13;10019;15;10006.5;0.0
21;30800;INTARIAN_PEPPER_ROOT;34029;9;34028;8;34025;24;34041;8;34042;10;34044;9;34035.5;0.0
21;30900;ASH_COATED_OSMIUM;9996;4;9995;12;9992;30;10012;15;10015;10;10018;15;10004.5;0.0
21;30900;INTARIAN_PEPPER_ROOT;34023;8;;;;;34039;8;;;;;34031.0;0.0
21;31000;ASH_COATED_OSMIUM;9994;14;9991;14;;;10012;10;10013;10;;;10003.0;0.0
21;31000;INTARIAN_PEPPER_ROOT;34025;17;34024;10;;;34038;25;34041;9;;;34031.5;0.0
21;31100;ASH_COATED_OSMIUM;9998;10;9997;12;9995;12;10017;25;10020;11;10023;27;10008.0;0.0
21;31100;INTARIAN_PEPPER_ROOT;34022;12;;;;;34034;11;;;;;34028.5;0.0
21;31200;ASH_COATED_OSMIUM;9995;12;9994;23;;;10011;3;10013;11;;;10003.5;0.0
21;31200;INTARIAN_PEPPER_ROOT;34022;15;34021;9;34019;8;34034;10;34037;16;34038;9;34028.0;0.0
21;31300;ASH_COATED_OSMIUM;9994;10;9992;15;9989;15;10010;13;10011;15;10012;15;10002.0;0.0
21;31300;INTARIAN_PEPPER_ROOT;34023;11;;;;;34036;11;;;;;34029.5;0.0
21;31400;ASH_COATED_OSMIUM;9988;10;;;;;10007;22;;;;;9998.0;0.0
21;31400;INTARIAN_PEPPER_ROOT;34026;12;;;;;34037;10;;;;;34032.0;0.0
21;31500;ASH_COATED_OSMIUM;9981;3;;;;;9997;21;;;;;9989.5;0.0
21;31500;INTARIAN_PEPPER_ROOT;34027;17;34025;11;34024;12;34039;10;34040;11;34042;9;34033.0;0.0
21;31600;ASH_COATED_OSMIUM;9987;10;;;;;9996;10;;;;;9992.0;0.0
21;31600;INTARIAN_PEPPER_ROOT;34021;8;34018;11;34017;10;34035;12;34036;11;34037;9;34028.5;0.0
21;31700;ASH_COATED_OSMIUM;9988;15;;;;;10004;12;;;;;9996.5;0.0
21;31700;INTARIAN_PEPPER_ROOT;34027;10;34025;12;34024;9;34040;9;34043;9;34044;8;34034.0;0.0
21;31800;ASH_COATED_OSMIUM;9989;10;;;;;10008;11;;;;;9998.5;0.0
21;31800;INTARIAN_PEPPER_ROOT;34028;12;34026;10;;;34039;8;34042;25;;;34033.5;0.0
21;31900;ASH_COATED_OSMIUM;9986;12;9985;28;;;10002;10;10003;10;;;9994.5;0.0
21;31900;INTARIAN_PEPPER_ROOT;34024;8;;;;;34036;11;;;;;34030.5;0.0
21;32000;ASH_COATED_OSMIUM;9986;11;;;;;10002;13;;;;;9994.0;0.0
21;32000;INTARIAN_PEPPER_ROOT;34023;8;34021;12;;;34036;12;34037;8;;;34029.5;0.0
21;32100;ASH_COATED_OSMIUM;9985;10;;;;;10001;12;;;;;9993.5;0.0
21;32100;INTARIAN_PEPPER_ROOT;34027;16;;;;;34039;11;;;;;34033.5;0.0
21;32200;ASH_COATED_OSMIUM;9990;29;9989;12;9986;14;10006;11;10009;10;10012;10;9998.5;0.0
21;32200;INTARIAN_PEPPER_ROOT;34023;11;34021;18;34019;25;34037;11;34038;9;34041;11;34030.0;0.0
21;32300;ASH_COATED_OSMIUM;9990;12;;;;;10006;15;;;;;9998.5;0.0
21;32300;INTARIAN_PEPPER_ROOT;34024;9;;;;;34036;10;;;;;34030.0;0.0
21;32400;ASH_COATED_OSMIUM;9990;15;;;;;10009;13;;;;;10000.0;0.0
21;32400;INTARIAN_PEPPER_ROOT;34031;9;;;;;34044;3;;;;;34037.5;0.0
21;32500;ASH_COATED_OSMIUM;9995;14;9992;14;;;10002;12;10005;11;;;9998.5;0.0
21;32500;INTARIAN_PEPPER_ROOT;34035;10;34033;8;34031;11;34039;9;34041;10;34044;11;34037.0;0.0
21;32600;ASH_COATED_OSMIUM;9986;24;;;;;10004;13;;;;;9995.5;0.0
21;32600;INTARIAN_PEPPER_ROOT;34025;9;34022;8;;;34039;8;34040;11;;;34032.0;0.0
21;32700;ASH_COATED_OSMIUM;9990;11;9989;23;;;10003;12;10005;11;;;9996.5;0.0
21;32700;INTARIAN_PEPPER_ROOT;34027;9;34024;10;;;34040;9;34041;20;;;34033.5;0.0
21;32800;ASH_COATED_OSMIUM;9984;23;9982;12;;;10000;15;10001;13;;;9992.5;0.0
21;32800;INTARIAN_PEPPER_ROOT;34031;9;34030;9;;;34038;8;34041;11;;;34034.5;0.0
21;32900;ASH_COATED_OSMIUM;9986;12;9985;11;9982;11;10002;14;10005;28;10006;10;9994.0;0.0
21;32900;INTARIAN_PEPPER_ROOT;34024;12;;;;;34037;18;;;;;34030.5;0.0
21;33000;ASH_COATED_OSMIUM;9985;15;;;;;10001;14;;;;;9993.5;0.0
21;33000;INTARIAN_PEPPER_ROOT;34028;9;34026;12;34024;8;34044;9;34047;9;34050;10;34036.0;0.0
21;33100;ASH_COATED_OSMIUM;9985;13;;;;;10003;13;;;;;9994.0;0.0
21;33100;INTARIAN_PEPPER_ROOT;34027;10;34026;11;;;34036;10;34038;19;;;34032.0;0.0
21;33200;ASH_COATED_OSMIUM;9984;24;9983;10;;;10005;12;10008;29;;;9994.5;0.0
21;33200;INTARIAN_PEPPER_ROOT;34030;19;;;;;34042;10;;;;;34036.5;0.0
21;33300;ASH_COATED_OSMIUM;9990;10;9988;12;;;10006;14;10008;10;;;9998.5;0.0
21;33300;INTARIAN_PEPPER_ROOT;34029;7;;;;;34041;12;;;;;34035.5;0.0
21;33400;ASH_COATED_OSMIUM;9988;15;9986;13;;;10004;14;10005;26;;;9996.0;0.0
21;33400;INTARIAN_PEPPER_ROOT;34026;8;;;;;34038;20;;;;;34032.0;0.0
21;33500;ASH_COATED_OSMIUM;9985;27;;;;;10001;5;;;;;9993.5;0.0
21;33500;INTARIAN_PEPPER_ROOT;34029;12;34027;12;;;34041;9;34044;4;;;34035.0;0.0
21;33600;ASH_COATED_OSMIUM;9989;11;9986;14;9983;13;10005;2;10007;10;10009;15;9997.0;0.0
21;33600;INTARIAN_PEPPER_ROOT;34026;25;34023;11;;;34040;15;34043;12;;;34033.0;0.0
21;33700;ASH_COATED_OSMIUM;9992;11;;;;;10008;14;;;;;10000.0;0.0
21;33700;INTARIAN_PEPPER_ROOT;34025;23;34023;10;34021;12;34039;11;34041;9;34042;10;34032.0;0.0
21;33800;ASH_COATED_OSMIUM;9990;14;9988;12;9986;11;10006;11;10009;30;10011;14;9998.0;0.0
21;33800;INTARIAN_PEPPER_ROOT;34026;8;34023;12;34022;18;34040;9;34042;8;34044;17;34033.5;0.0
21;33900;ASH_COATED_OSMIUM;9986;10;9985;13;;;10004;22;10007;12;;;9995.5;0.0
21;33900;INTARIAN_PEPPER_ROOT;34026;12;;;;;34040;12;;;;;34033.0;0.0
21;34000;ASH_COATED_OSMIUM;9986;11;;;;;10002;10;;;;;9994.0;0.0
21;34000;INTARIAN_PEPPER_ROOT;34024;12;;;;;34035;8;;;;;34030.0;0.0
21;34100;ASH_COATED_OSMIUM;9994;15;;;;;10010;11;;;;;10002.0;0.0
21;34100;INTARIAN_PEPPER_ROOT;34029;12;34028;8;34025;10;34042;11;34043;15;34045;10;34036.0;0.0
21;34200;ASH_COATED_OSMIUM;9995;13;;;;;10011;11;;;;;10003.5;0.0
21;34200;INTARIAN_PEPPER_ROOT;34029;9;34028;11;;;34043;12;34045;11;;;34036.0;0.0
21;34300;ASH_COATED_OSMIUM;9996;14;9993;12;;;10012;5;10014;11;;;10004.0;0.0
21;34300;INTARIAN_PEPPER_ROOT;34027;11;34026;20;;;34041;8;34042;8;;;34034.0;0.0
21;34400;ASH_COATED_OSMIUM;10002;10;9999;12;;;10007;20;10010;13;;;10004.5;0.0
21;34400;INTARIAN_PEPPER_ROOT;34029;12;34028;9;;;34043;16;34044;12;;;34036.0;0.0
21;34500;ASH_COATED_OSMIUM;9995;15;9992;13;;;10011;12;10013;12;;;10003.5;0.0
21;34500;INTARIAN_PEPPER_ROOT;34027;18;34026;8;;;34039;12;34040;11;;;34033.0;0.0
21;34600;ASH_COATED_OSMIUM;9997;15;9996;14;;;10013;30;10016;12;;;10005.5;0.0
21;34600;INTARIAN_PEPPER_ROOT;34026;17;34024;12;;;34039;8;34042;8;;;34033.0;0.0
21;34700;ASH_COATED_OSMIUM;9997;15;;;;;10013;15;;;;;10005.0;0.0
21;34700;INTARIAN_PEPPER_ROOT;34026;12;34025;9;34024;10;34038;11;34039;8;34042;12;34032.5;0.0
21;34800;ASH_COATED_OSMIUM;9997;11;;;;;10013;14;;;;;10005.5;0.0
21;34800;INTARIAN_PEPPER_ROOT;34026;11;;;;;34038;20;;;;;34032.0;0.0
21;34900;ASH_COATED_OSMIUM;9988;10;9987;10;;;10004;15;10006;12;;;9996.5;0.0
21;34900;INTARIAN_PEPPER_ROOT;34029;8;;;;;34042;10;;;;;34036.0;0.0
21;35000;ASH_COATED_OSMIUM;9996;24;9993;25;;;10012;13;10015;11;;;10004.5;0.0
21;35000;INTARIAN_PEPPER_ROOT;34032;19;34029;11;34026;8;34045;9;34046;8;34048;9;34038.5;0.0
21;35100;ASH_COATED_OSMIUM;10000;15;9997;11;;;10016;12;10019;12;;;10008.5;0.0
21;35100;INTARIAN_PEPPER_ROOT;34031;8;;;;;34045;8;;;;;34038.5;0.0
21;35200;ASH_COATED_OSMIUM;9993;23;9990;25;;;10009;22;10010;13;;;10001.0;0.0
21;35200;INTARIAN_PEPPER_ROOT;34027;12;34026;10;34024;8;34041;10;34044;23;34047;11;34034.0;0.0
21;35300;ASH_COATED_OSMIUM;9996;15;;;;;10006;11;;;;;10001.0;0.0
21;35300;INTARIAN_PEPPER_ROOT;34030;10;;;;;34042;8;;;;;34036.5;0.0
21;35400;ASH_COATED_OSMIUM;9998;20;;;;;10014;13;;;;;10006.0;0.0
21;35400;INTARIAN_PEPPER_ROOT;34031;9;34028;12;;;34043;12;34046;9;;;34037.0;0.0
21;35500;ASH_COATED_OSMIUM;9995;15;9994;14;9993;11;10014;4;10016;15;10019;10;10005.0;0.0
21;35500;INTARIAN_PEPPER_ROOT;34029;10;;;;;34043;12;;;;;34036.0;0.0
21;35600;ASH_COATED_OSMIUM;10003;30;10002;12;;;10021;14;10024;15;;;10012.5;0.0
21;35600;INTARIAN_PEPPER_ROOT;34027;23;34026;11;;;34040;8;34042;9;;;34033.5;0.0
21;35700;ASH_COATED_OSMIUM;10000;30;9999;12;;;10019;13;10022;15;;;10009.5;0.0
21;35700;INTARIAN_PEPPER_ROOT;34029;8;34026;11;34024;6;34043;9;34045;10;34047;9;34036.5;0.0
21;35800;ASH_COATED_OSMIUM;10000;15;9999;25;;;10019;15;10022;10;;;10010.0;0.0
21;35800;INTARIAN_PEPPER_ROOT;34029;12;;;;;34040;12;;;;;34035.0;0.0
21;35900;ASH_COATED_OSMIUM;10002;30;9999;30;;;10018;14;10020;11;;;10010.0;0.0
21;35900;INTARIAN_PEPPER_ROOT;34029;9;34026;9;;;34040;11;34041;8;;;34034.5;0.0
21;36000;ASH_COATED_OSMIUM;9997;10;9995;15;;;10016;30;10019;14;;;10007.0;0.0
21;36000;INTARIAN_PEPPER_ROOT;34029;8;34027;10;34025;8;34043;10;34046;8;34049;10;34036.0;0.0
21;36100;ASH_COATED_OSMIUM;9990;14;9987;15;9985;11;10009;15;10012;2;10014;13;10000.0;0.0
21;36100;INTARIAN_PEPPER_ROOT;34027;11;34025;12;;;34043;12;34045;9;;;34035.0;0.0
21;36200;ASH_COATED_OSMIUM;9990;15;9987;29;9985;14;10006;22;10009;28;10011;11;9998.0;0.0
21;36200;INTARIAN_PEPPER_ROOT;34029;10;34027;8;;;34041;11;34042;8;;;34035.5;0.0
21;36300;ASH_COATED_OSMIUM;9991;12;;;;;10010;12;;;;;10000.5;0.0
21;36300;INTARIAN_PEPPER_ROOT;34027;8;34026;9;;;34044;10;34047;10;;;34035.5;0.0
21;36400;ASH_COATED_OSMIUM;9991;20;9989;13;;;10007;12;10010;4;;;9999.5;0.0
21;36400;INTARIAN_PEPPER_ROOT;34033;9;34031;15;34030;9;34044;9;34047;10;34048;10;34038.5;0.0
21;36500;ASH_COATED_OSMIUM;9990;11;9989;21;;;10006;11;10007;12;;;9998.0;0.0
21;36500;INTARIAN_PEPPER_ROOT;34030;10;34029;8;;;34043;12;34045;8;;;34036.5;0.0
21;36600;ASH_COATED_OSMIUM;9993;14;9990;11;;;10009;11;10011;12;;;10001.5;0.0
21;36600;INTARIAN_PEPPER_ROOT;34027;10;;;;;34041;11;;;;;34034.0;0.0
21;36700;ASH_COATED_OSMIUM;9996;15;9994;15;;;10012;29;10013;13;;;10004.5;0.0
21;36700;INTARIAN_PEPPER_ROOT;34033;12;34032;8;;;34047;8;34049;11;;;34040.0;0.0
21;36800;ASH_COATED_OSMIUM;9997;11;;;;;10015;20;;;;;10006.0;0.0
21;36800;INTARIAN_PEPPER_ROOT;34032;10;;;;;34045;19;;;;;34038.5;0.0
21;36900;ASH_COATED_OSMIUM;9990;14;;;;;10009;11;;;;;9999.5;0.0
21;36900;INTARIAN_PEPPER_ROOT;34032;7;34029;9;;;34045;12;34047;8;;;34038.5;0.0
21;37000;ASH_COATED_OSMIUM;9992;15;9990;10;;;10008;25;10010;11;;;10000.0;0.0
21;37000;INTARIAN_PEPPER_ROOT;34029;8;34026;8;;;34045;12;34047;23;;;34037.5;0.0
21;37100;ASH_COATED_OSMIUM;9991;12;9989;14;;;10007;10;10010;10;;;9999.5;0.0
21;37100;INTARIAN_PEPPER_ROOT;34028;8;34027;12;34025;8;34044;12;34046;12;34049;9;34036.0;0.0
21;37200;ASH_COATED_OSMIUM;9997;11;;;;;10013;10;;;;;10005.0;0.0
21;37200;INTARIAN_PEPPER_ROOT;34031;3;34029;12;34027;11;34047;10;34048;10;34050;9;34039.5;0.0
21;37300;ASH_COATED_OSMIUM;10003;10;;;;;10015;14;;;;;10009.0;0.0
21;37300;INTARIAN_PEPPER_ROOT;34033;10;;;;;34047;9;;;;;34040.0;0.0
21;37400;ASH_COATED_OSMIUM;10000;15;9997;13;;;10016;23;10017;11;;;10008.0;0.0
21;37400;INTARIAN_PEPPER_ROOT;34030;8;34027;9;34026;9;34044;8;34045;10;34048;9;34037.5;0.0
21;37500;ASH_COATED_OSMIUM;9994;11;;;;;10010;11;;;;;10002.0;0.0
21;37500;INTARIAN_PEPPER_ROOT;34027;12;34026;22;;;34043;22;34045;12;;;34035.0;0.0
21;37600;ASH_COATED_OSMIUM;9990;10;9988;14;;;10006;10;10007;13;;;9998.0;0.0
21;37600;INTARIAN_PEPPER_ROOT;34034;8;34033;11;;;34046;11;34049;11;;;34040.0;0.0
21;37700;ASH_COATED_OSMIUM;10000;15;;;;;10016;14;;;;;10008.0;0.0
21;37700;INTARIAN_PEPPER_ROOT;34031;8;34030;12;;;34049;12;34052;9;;;34040.0;0.0
21;37800;ASH_COATED_OSMIUM;10000;25;9997;10;9995;15;10018;14;10019;13;10022;14;10009.5;0.0
21;37800;INTARIAN_PEPPER_ROOT;34032;12;34029;12;;;34044;8;34047;9;;;34038.0;0.0
21;37900;ASH_COATED_OSMIUM;10002;15;10001;15;;;10015;13;10016;13;;;10009.0;0.0
21;37900;INTARIAN_PEPPER_ROOT;34031;12;34030;10;;;34046;12;34047;10;;;34039.0;0.0
21;38000;ASH_COATED_OSMIUM;9999;13;9998;11;;;10015;13;10016;14;;;10007.5;0.0
21;38000;INTARIAN_PEPPER_ROOT;34034;9;34033;20;34030;8;34047;24;34048;12;34050;12;34040.5;0.0
21;38100;ASH_COATED_OSMIUM;9996;24;9993;13;;;10012;11;10013;13;;;10004.5;0.0
21;38100;INTARIAN_PEPPER_ROOT;34031;12;;;;;34043;19;;;;;34037.0;0.0
21;38200;ASH_COATED_OSMIUM;9998;29;9995;12;;;10014;26;10016;14;;;10006.0;0.0
21;38200;INTARIAN_PEPPER_ROOT;34029;10;34026;8;;;34045;25;34046;8;;;34037.0;0.0
21;38300;ASH_COATED_OSMIUM;9988;14;9985;15;;;10007;12;10008;10;;;9998.0;0.0
21;38300;INTARIAN_PEPPER_ROOT;34030;11;34028;10;;;34045;9;34048;10;;;34037.5;0.0
21;38400;ASH_COATED_OSMIUM;9983;12;9982;14;9979;10;10001;29;10004;15;10007;14;9992.0;0.0
21;38400;INTARIAN_PEPPER_ROOT;34031;10;;;;;34044;8;;;;;34038.0;0.0
21;38500;ASH_COATED_OSMIUM;9982;13;9980;11;9979;30;10000;13;10001;12;10002;13;9991.5;0.0
21;38500;INTARIAN_PEPPER_ROOT;34029;12;34028;9;;;34044;10;34045;22;;;34036.5;0.0
21;38600;ASH_COATED_OSMIUM;9983;13;9981;14;9978;14;9999;11;10000;15;10002;11;9991.0;0.0
21;38600;INTARIAN_PEPPER_ROOT;34035;10;;;;;34047;11;;;;;34041.5;0.0
21;38700;ASH_COATED_OSMIUM;9983;28;9980;10;;;9999;11;10002;24;;;9991.5;0.0
21;38700;INTARIAN_PEPPER_ROOT;34038;25;34037;16;;;34051;11;34052;12;;;34044.5;0.0
21;38800;ASH_COATED_OSMIUM;9988;11;9985;11;9984;25;10004;10;10005;14;10008;15;9996.0;0.0
21;38800;INTARIAN_PEPPER_ROOT;34031;8;34029;9;;;34043;8;34046;12;;;34037.0;0.0
21;38900;ASH_COATED_OSMIUM;9992;10;9990;14;;;10008;10;10011;10;;;10000.0;0.0
21;38900;INTARIAN_PEPPER_ROOT;34036;10;34034;8;34031;10;34048;22;34049;12;34050;12;34042.0;0.0
21;39000;ASH_COATED_OSMIUM;9993;10;;;;;10009;10;;;;;10001.5;0.0
21;39000;INTARIAN_PEPPER_ROOT;34035;8;34034;8;;;34038;10;34040;8;;;34036.5;0.0
21;39100;ASH_COATED_OSMIUM;9996;11;9995;10;9994;14;10015;10;10016;15;10019;24;10005.5;0.0
21;39100;INTARIAN_PEPPER_ROOT;34031;24;34030;10;;;34043;11;34046;9;;;34037.5;0.0
21;39200;ASH_COATED_OSMIUM;10000;12;;;;;10019;30;;;;;10010.0;0.0
21;39200;INTARIAN_PEPPER_ROOT;34033;10;34030;10;;;34045;11;34048;11;;;34039.0;0.0
21;39300;ASH_COATED_OSMIUM;9998;10;;;;;10014;15;;;;;10006.5;0.0
21;39300;INTARIAN_PEPPER_ROOT;34032;10;34030;10;34027;22;34046;19;34047;9;34048;10;34039.5;0.0
21;39400;ASH_COATED_OSMIUM;9994;11;9991;11;;;10010;13;10012;13;;;10002.0;0.0
21;39400;INTARIAN_PEPPER_ROOT;34028;17;34025;8;34024;11;34043;21;34046;11;34049;8;34035.5;0.0
21;39500;ASH_COATED_OSMIUM;9995;11;9992;13;;;10011;10;10012;12;;;10003.5;0.0
21;39500;INTARIAN_PEPPER_ROOT;34033;8;34032;9;;;34046;11;34047;9;;;34040.0;0.0
21;39600;ASH_COATED_OSMIUM;9994;20;9993;12;9990;13;10013;10;10014;13;10015;27;10003.5;0.0
21;39600;INTARIAN_PEPPER_ROOT;34032;16;34030;11;;;34047;11;34050;12;;;34040.0;0.0
21;39700;ASH_COATED_OSMIUM;9990;22;;;;;10011;22;;;;;10000.5;0.0
21;39700;INTARIAN_PEPPER_ROOT;34032;17;;;;;34045;8;;;;;34039.0;0.0
21;39800;ASH_COATED_OSMIUM;9992;23;;;;;10008;11;;;;;10000.5;0.0
21;39800;INTARIAN_PEPPER_ROOT;34032;9;34029;8;;;34044;15;34047;9;;;34038.0;0.0
21;39900;ASH_COATED_OSMIUM;9985;11;9984;11;;;10001;10;10003;11;;;9993.0;0.0
21;39900;INTARIAN_PEPPER_ROOT;34035;11;34033;11;34030;8;34047;10;34048;12;34051;24;34041.5;0.0
21;40000;ASH_COATED_OSMIUM;9988;28;9987;13;;;10004;15;10005;12;;;9996.0;0.0
21;40000;INTARIAN_PEPPER_ROOT;34036;8;34033;11;34032;9;34048;10;34050;8;34053;12;34042.5;0.0
21;40100;ASH_COATED_OSMIUM;9983;27;9980;11;9978;10;10002;13;10005;10;10008;11;9992.5;0.0
21;40100;INTARIAN_PEPPER_ROOT;34034;8;34032;11;;;34046;16;34047;21;;;34040.0;0.0
21;40200;ASH_COATED_OSMIUM;9983;13;;;;;10001;10;;;;;9992.5;0.0
21;40200;INTARIAN_PEPPER_ROOT;34034;10;34033;12;34031;11;34045;9;34046;8;34048;11;34039.5;0.0
21;40300;ASH_COATED_OSMIUM;9990;14;9987;15;9986;13;10006;10;10008;10;10011;13;9998.0;0.0
21;40300;INTARIAN_PEPPER_ROOT;34034;8;;;;;34046;10;;;;;34040.0;0.0
21;40400;ASH_COATED_OSMIUM;9988;12;9985;10;9982;15;10006;30;10007;15;10010;10;9997.5;0.0
21;40400;INTARIAN_PEPPER_ROOT;34033;10;34032;25;34030;10;34047;11;34050;10;34052;10;34040.0;0.0
21;40500;ASH_COATED_OSMIUM;9993;15;9990;13;;;10009;8;10011;25;;;10001.0;0.0
21;40500;INTARIAN_PEPPER_ROOT;34032;10;34031;17;34028;11;34046;8;34049;12;34051;9;34039.0;0.0
21;40600;ASH_COATED_OSMIUM;10004;10;10002;27;;;10009;21;10011;10;;;10006.5;0.0
21;40600;INTARIAN_PEPPER_ROOT;34037;9;34034;8;34032;10;34049;9;34050;12;34053;10;34043.0;0.0
21;40700;ASH_COATED_OSMIUM;10002;12;10001;13;;;10018;10;10019;15;;;10010.0;0.0
21;40700;INTARIAN_PEPPER_ROOT;34035;10;34034;8;34031;8;34050;9;34052;8;34054;10;34043.0;0.0
21;40800;ASH_COATED_OSMIUM;9994;27;;;;;10013;13;;;;;10003.5;0.0
21;40800;INTARIAN_PEPPER_ROOT;34044;6;;;;;34047;12;;;;;34046.0;0.0
21;40900;ASH_COATED_OSMIUM;9996;13;9993;14;9992;13;10014;13;10017;15;10020;14;10005.0;0.0
21;40900;INTARIAN_PEPPER_ROOT;34034;10;;;;;34045;8;;;;;34040.0;0.0
21;41000;ASH_COATED_OSMIUM;9995;11;9992;11;9990;4;10011;10;10013;6;10015;11;10003.5;0.0
21;41000;INTARIAN_PEPPER_ROOT;34031;12;34028;8;;;34047;12;34049;10;;;34039.0;0.0
21;41100;ASH_COATED_OSMIUM;9988;23;9985;10;;;10007;14;10008;27;;;9997.5;0.0
21;41100;INTARIAN_PEPPER_ROOT;34033;10;34031;10;;;34045;9;34046;9;;;34039.5;0.0
21;41200;ASH_COATED_OSMIUM;9989;14;9986;10;9985;14;10005;10;10007;14;10010;11;9997.0;0.0
21;41200;INTARIAN_PEPPER_ROOT;34036;9;34034;11;;;34049;21;34051;20;;;34042.5;0.0
21;41300;ASH_COATED_OSMIUM;9985;10;9984;13;;;10001;30;10004;20;;;9993.0;0.0
21;41300;INTARIAN_PEPPER_ROOT;34031;8;34029;4;34027;12;34044;11;34046;10;34049;9;34038.0;0.0
21;41400;ASH_COATED_OSMIUM;9988;22;9985;11;;;10007;10;10008;12;;;9998.0;0.0
21;41400;INTARIAN_PEPPER_ROOT;34030;9;;;;;34049;9;;;;;34039.5;0.0
21;41500;ASH_COATED_OSMIUM;9982;15;9980;10;9977;24;9998;12;10000;10;10003;14;9990.5;0.0
21;41500;INTARIAN_PEPPER_ROOT;34036;11;34034;24;34031;7;34047;11;34049;25;34050;9;34042.0;0.0
21;41600;ASH_COATED_OSMIUM;9983;22;9980;14;;;9999;25;10002;14;;;9991.0;0.0
21;41600;INTARIAN_PEPPER_ROOT;34035;17;;;;;34049;18;;;;;34042.5;0.0
21;41700;ASH_COATED_OSMIUM;9985;15;9983;24;;;10004;10;10007;15;;;9995.0;0.0
21;41700;INTARIAN_PEPPER_ROOT;34039;8;34036;11;;;34046;24;34048;12;;;34043.0;0.0
21;41800;ASH_COATED_OSMIUM;9982;11;9980;11;;;9998;15;10000;15;;;9990.0;0.0
21;41800;INTARIAN_PEPPER_ROOT;34036;15;;;;;34048;12;;;;;34042.5;0.0
21;41900;ASH_COATED_OSMIUM;9985;14;;;;;10001;10;;;;;9993.5;0.0
21;41900;INTARIAN_PEPPER_ROOT;34034;10;34032;15;34029;18;34049;12;34051;11;34053;9;34042.0;0.0
21;42000;ASH_COATED_OSMIUM;9982;14;9981;14;;;9998;2;10001;11;;;9990.0;0.0
21;42000;INTARIAN_PEPPER_ROOT;34039;8;34036;12;34034;21;34051;12;34052;18;34055;12;34045.0;0.0
21;42100;ASH_COATED_OSMIUM;9978;12;9975;11;;;9994;11;9996;14;;;9986.5;0.0
21;42100;INTARIAN_PEPPER_ROOT;34034;8;34033;8;;;34051;11;34052;22;;;34043.0;0.0
21;42200;ASH_COATED_OSMIUM;9977;15;9976;14;9975;11;9993;13;9996;11;9997;14;9985.5;0.0
21;42200;INTARIAN_PEPPER_ROOT;34035;7;34033;11;;;34052;8;34053;12;;;34044.0;0.0
21;42300;ASH_COATED_OSMIUM;9981;10;;;;;9999;13;;;;;9990.0;0.0
21;42300;INTARIAN_PEPPER_ROOT;34038;12;34036;12;34034;12;34050;8;34052;11;34055;23;34044.0;0.0
21;42400;ASH_COATED_OSMIUM;9982;13;9980;14;9977;12;10000;15;10002;30;10003;12;9991.0;0.0
21;42400;INTARIAN_PEPPER_ROOT;34038;8;34035;11;;;34050;11;34053;21;;;34044.0;0.0
21;42500;ASH_COATED_OSMIUM;9985;11;9982;12;;;10001;10;10004;27;;;9993.0;0.0
21;42500;INTARIAN_PEPPER_ROOT;34033;10;34031;20;;;34048;12;34049;20;;;34041.0;0.0
21;42600;ASH_COATED_OSMIUM;9987;11;;;;;9998;29;;;;;9993.0;0.0
21;42600;INTARIAN_PEPPER_ROOT;34038;11;;;;;34050;19;;;;;34044.0;0.0
21;42700;ASH_COATED_OSMIUM;9991;25;;;;;10000;12;;;;;9996.0;0.0
21;42700;INTARIAN_PEPPER_ROOT;34038;17;34036;12;;;34050;9;34051;12;;;34044.0;0.0
21;42800;ASH_COATED_OSMIUM;9985;14;9982;25;;;10001;10;10004;11;;;9993.0;0.0
21;42800;INTARIAN_PEPPER_ROOT;34036;11;34035;11;;;34050;9;34052;8;;;34043.0;0.0
21;42900;ASH_COATED_OSMIUM;9990;15;9987;15;9984;10;10006;5;10009;24;10010;14;9998.5;0.0
21;42900;INTARIAN_PEPPER_ROOT;34034;11;34033;12;34030;10;34050;10;34052;9;34053;10;34042.0;0.0
21;43000;ASH_COATED_OSMIUM;9989;11;9988;15;;;10007;24;10009;11;;;9998.5;0.0
21;43000;INTARIAN_PEPPER_ROOT;34037;8;34035;12;;;34050;8;34051;17;;;34043.5;0.0
21;43100;ASH_COATED_OSMIUM;9991;10;;;;;10007;14;;;;;9999.5;0.0
21;43100;INTARIAN_PEPPER_ROOT;34038;10;34037;12;34036;12;34049;9;34051;10;34054;10;34043.5;0.0
21;43200;ASH_COATED_OSMIUM;9990;15;9989;14;;;10006;11;10009;2;;;9998.5;0.0
21;43200;INTARIAN_PEPPER_ROOT;34034;12;;;;;34049;11;;;;;34042.0;0.0
21;43300;ASH_COATED_OSMIUM;9994;13;9992;11;;;10010;15;10012;15;;;10002.5;0.0
21;43300;INTARIAN_PEPPER_ROOT;34040;25;34039;8;34038;8;34052;17;34053;11;34055;8;34046.0;0.0
21;43400;ASH_COATED_OSMIUM;9994;28;9992;22;;;10004;12;10007;10;;;9999.0;0.0
21;43400;INTARIAN_PEPPER_ROOT;34036;9;34034;9;;;34047;8;34050;9;;;34042.0;0.0
21;43500;ASH_COATED_OSMIUM;9989;14;9986;15;9983;25;10005;10;10007;15;10010;12;9997.0;0.0
21;43500;INTARIAN_PEPPER_ROOT;34047;12;34046;9;;;34051;25;34053;10;;;34049.5;0.0
21;43600;ASH_COATED_OSMIUM;9991;15;9990;11;9989;27;10007;24;10008;13;10011;12;9999.5;0.0
21;43600;INTARIAN_PEPPER_ROOT;34037;11;34034;12;34031;10;34048;9;34051;11;34054;12;34042.5;0.0
21;43700;ASH_COATED_OSMIUM;9992;23;9989;14;9987;11;10003;13;10006;13;10008;13;9997.5;0.0
21;43700;INTARIAN_PEPPER_ROOT;34038;9;34036;12;;;34053;10;34054;23;;;34045.5;0.0
21;43800;ASH_COATED_OSMIUM;9989;15;;;;;10005;13;;;;;9997.0;0.0
21;43800;INTARIAN_PEPPER_ROOT;34035;10;34032;12;;;34049;9;34051;12;;;34042.5;0.0
21;43900;ASH_COATED_OSMIUM;9997;11;9994;24;9991;13;10013;13;10015;13;10016;10;10005.5;0.0
21;43900;INTARIAN_PEPPER_ROOT;34038;23;34035;4;34034;17;34054;12;34056;8;34057;12;34046.0;0.0
21;44000;ASH_COATED_OSMIUM;9999;29;9997;10;;;10015;14;10016;11;;;10007.0;0.0
21;44000;INTARIAN_PEPPER_ROOT;34039;9;34037;9;;;34052;11;34053;12;;;34045.5;0.0
21;44100;ASH_COATED_OSMIUM;9999;26;9998;15;9997;10;10015;30;10016;11;10018;26;10007.5;0.0
21;44100;INTARIAN_PEPPER_ROOT;34039;8;34037;12;;;34055;11;34058;11;;;34047.0;0.0
21;44200;ASH_COATED_OSMIUM;10001;10;10000;15;;;10017;14;10020;15;;;10009.0;0.0
21;44200;INTARIAN_PEPPER_ROOT;34035;11;;;;;34051;8;;;;;34043.0;0.0
21;44300;ASH_COATED_OSMIUM;9992;11;;;;;10008;13;;;;;10000.5;0.0
21;44300;INTARIAN_PEPPER_ROOT;34033;8;;;;;34048;8;;;;;34040.5;0.0
21;44400;ASH_COATED_OSMIUM;9991;15;;;;;10007;13;;;;;9999.5;0.0
21;44400;INTARIAN_PEPPER_ROOT;34038;11;;;;;34052;10;;;;;34045.0;0.0
21;44500;ASH_COATED_OSMIUM;9996;13;9994;13;;;10014;30;10016;10;;;10005.0;0.0
21;44500;INTARIAN_PEPPER_ROOT;34038;12;34036;19;34033;10;34053;9;34054;8;34056;9;34046.0;0.0
21;44600;ASH_COATED_OSMIUM;9997;13;9994;12;;;10013;12;10016;29;;;10005.0;0.0
21;44600;INTARIAN_PEPPER_ROOT;34037;9;34035;8;;;34050;11;34053;21;;;34044.0;0.0
21;44700;ASH_COATED_OSMIUM;9994;13;9991;15;;;10010;10;10011;20;;;10002.5;0.0
21;44700;INTARIAN_PEPPER_ROOT;34035;10;34034;11;;;34050;12;34052;8;;;34043.0;0.0
21;44800;ASH_COATED_OSMIUM;9998;21;;;;;10016;13;;;;;10007.5;0.0
21;44800;INTARIAN_PEPPER_ROOT;34035;12;34034;9;;;34050;10;34053;11;;;34043.0;0.0
21;44900;ASH_COATED_OSMIUM;10001;24;9999;13;9998;11;10017;13;10020;14;10023;14;10009.5;0.0
21;44900;INTARIAN_PEPPER_ROOT;34038;10;;;;;34055;18;;;;;34046.5;0.0
21;45000;ASH_COATED_OSMIUM;10002;20;10000;13;9997;11;10018;30;10019;14;10022;14;10010.0;0.0
21;45000;INTARIAN_PEPPER_ROOT;34040;10;;;;;34051;8;;;;;34046.0;0.0
21;45100;ASH_COATED_OSMIUM;9995;10;9993;11;9991;11;10011;10;10012;15;10015;13;10003.0;0.0
21;45100;INTARIAN_PEPPER_ROOT;34031;12;34029;8;;;34048;16;34051;11;;;34039.5;0.0
21;45200;ASH_COATED_OSMIUM;9997;27;;;;;10013;11;;;;;10005.5;0.0
21;45200;INTARIAN_PEPPER_ROOT;34036;8;34033;12;;;34050;11;34051;9;;;34043.5;0.0
21;45300;ASH_COATED_OSMIUM;9991;11;9988;15;9986;12;10007;11;10008;15;10009;12;9999.0;0.0
21;45300;INTARIAN_PEPPER_ROOT;34038;9;34036;12;34034;10;34052;11;34054;8;34055;12;34045.5;0.0
21;45400;ASH_COATED_OSMIUM;9989;13;9986;14;;;10005;28;10007;12;;;9997.5;0.0
21;45400;INTARIAN_PEPPER_ROOT;34037;10;;;;;34051;9;;;;;34044.5;0.0
21;45500;ASH_COATED_OSMIUM;9989;2;;;;;10005;10;;;;;9997.0;0.0
21;45500;INTARIAN_PEPPER_ROOT;34040;8;;;;;34048;11;;;;;34044.0;0.0
21;45600;ASH_COATED_OSMIUM;9992;10;9989;12;;;10010;15;10012;14;;;10001.0;0.0
21;45600;INTARIAN_PEPPER_ROOT;34038;24;34035;9;;;34052;10;34055;11;;;34045.5;0.0
21;45700;ASH_COATED_OSMIUM;9991;3;9989;14;;;10007;14;10009;12;;;9999.5;0.0
21;45700;INTARIAN_PEPPER_ROOT;34041;9;34039;22;;;34056;11;34059;11;;;34049.0;0.0
21;45800;ASH_COATED_OSMIUM;9993;10;9992;15;;;10009;13;10012;13;;;10001.5;0.0
21;45800;INTARIAN_PEPPER_ROOT;34038;12;;;;;34049;8;;;;;34044.0;0.0
21;45900;ASH_COATED_OSMIUM;9987;15;;;;;10008;12;;;;;9997.5;0.0
21;45900;INTARIAN_PEPPER_ROOT;34040;12;;;;;34054;8;;;;;34047.5;0.0
21;46000;ASH_COATED_OSMIUM;9989;10;9987;15;;;10005;29;10006;10;;;9997.5;0.0
21;46000;INTARIAN_PEPPER_ROOT;34042;10;34040;10;34037;10;34058;25;34060;9;34062;10;34050.0;0.0
21;46100;ASH_COATED_OSMIUM;9987;13;9986;10;;;10003;14;10006;12;;;9995.5;0.0
21;46100;INTARIAN_PEPPER_ROOT;34039;11;34038;9;;;34052;9;34054;12;;;34045.5;0.0
21;46200;ASH_COATED_OSMIUM;9989;15;;;;;10005;14;;;;;9997.0;0.0
21;46200;INTARIAN_PEPPER_ROOT;34041;12;34038;12;;;34055;9;34058;9;;;34048.0;0.0
21;46300;ASH_COATED_OSMIUM;9998;15;9997;14;9994;29;10014;10;10017;13;10018;27;10006.5;0.0
21;46300;INTARIAN_PEPPER_ROOT;34038;11;34036;12;34034;24;34054;10;34056;11;34059;9;34046.5;0.0
21;46400;ASH_COATED_OSMIUM;10002;24;10000;13;;;10021;11;10023;24;;;10011.5;0.0
21;46400;INTARIAN_PEPPER_ROOT;34038;10;34037;9;34035;9;34052;10;34055;19;34058;20;34045.5;0.0
21;46500;ASH_COATED_OSMIUM;9998;12;9997;12;;;10014;10;10015;10;;;10006.0;0.0
21;46500;INTARIAN_PEPPER_ROOT;34039;24;;;;;34056;9;;;;;34047.5;0.0
21;46600;ASH_COATED_OSMIUM;9994;13;9992;12;9991;15;10003;11;10005;13;10007;12;9999.0;0.0
21;46600;INTARIAN_PEPPER_ROOT;34038;9;34037;8;34035;8;34052;10;34054;10;34056;10;34045.5;0.0
21;46700;ASH_COATED_OSMIUM;9983;13;9981;11;;;10002;29;10003;12;;;9992.5;0.0
21;46700;INTARIAN_PEPPER_ROOT;34039;12;;;;;34051;11;;;;;34045.0;0.0
21;46800;ASH_COATED_OSMIUM;9987;13;;;;;10003;10;;;;;9995.5;0.0
21;46800;INTARIAN_PEPPER_ROOT;34042;12;34039;11;;;34054;25;34055;9;;;34048.5;0.0
21;46900;ASH_COATED_OSMIUM;9985;11;9984;24;9982;13;10001;13;10003;11;10006;13;9993.5;0.0
21;46900;INTARIAN_PEPPER_ROOT;34037;11;34036;10;;;34051;11;34052;9;;;34044.0;0.0
21;47000;ASH_COATED_OSMIUM;9987;15;;;;;10003;10;;;;;9995.5;0.0
21;47000;INTARIAN_PEPPER_ROOT;34037;9;34036;9;;;34054;11;34055;10;;;34046.0;0.0
21;47100;ASH_COATED_OSMIUM;9984;12;;;;;10000;14;;;;;9992.5;0.0
21;47100;INTARIAN_PEPPER_ROOT;34050;12;34048;9;34045;8;34052;12;34055;25;34057;9;34051.0;0.0
21;47200;ASH_COATED_OSMIUM;9985;10;9983;12;;;10001;24;10003;25;;;9993.5;0.0
21;47200;INTARIAN_PEPPER_ROOT;34039;10;34036;9;;;34051;12;34052;12;;;34045.5;0.0
21;47300;ASH_COATED_OSMIUM;9989;15;;;;;10005;13;;;;;9997.0;0.0
21;47300;INTARIAN_PEPPER_ROOT;34046;8;34044;8;;;34058;9;34060;10;;;34052.5;0.0
21;47400;ASH_COATED_OSMIUM;9984;12;9982;11;;;10000;10;10001;10;;;9992.0;0.0
21;47400;INTARIAN_PEPPER_ROOT;34041;8;34040;8;34037;8;34058;11;34061;12;34064;21;34049.5;0.0
21;47500;ASH_COATED_OSMIUM;9987;13;;;;;10003;13;;;;;9995.5;0.0
21;47500;INTARIAN_PEPPER_ROOT;34042;9;34041;12;34040;10;34058;11;34061;9;34063;12;34050.5;0.0
21;47600;ASH_COATED_OSMIUM;9987;12;;;;;9998;13;;;;;9992.5;0.0
21;47600;INTARIAN_PEPPER_ROOT;34040;12;34038;11;;;34053;12;34054;16;;;34047.0;0.0
21;47700;ASH_COATED_OSMIUM;9989;10;;;;;10005;6;;;;;9997.0;0.0
21;47700;INTARIAN_PEPPER_ROOT;34039;11;34036;20;;;34051;11;34053;9;;;34045.5;0.0
21;47800;ASH_COATED_OSMIUM;9994;11;9991;14;;;10012;12;10015;11;;;10003.5;0.0
21;47800;INTARIAN_PEPPER_ROOT;34041;9;;;;;34053;10;;;;;34047.5;0.0
21;47900;ASH_COATED_OSMIUM;9986;13;;;;;10002;15;;;;;9994.0;0.0
21;47900;INTARIAN_PEPPER_ROOT;34041;8;;;;;34056;12;;;;;34049.0;0.0
21;48000;ASH_COATED_OSMIUM;9988;10;9987;14;9985;12;10004;10;10005;11;10007;15;9996.0;0.0
21;48000;INTARIAN_PEPPER_ROOT;34038;8;;;;;34052;9;;;;;34045.5;0.0
21;48100;ASH_COATED_OSMIUM;9991;13;9990;14;;;10010;13;10011;11;;;10001.0;0.0
21;48100;INTARIAN_PEPPER_ROOT;34039;11;34038;10;34037;10;34053;9;34056;11;34058;12;34046.0;0.0
21;48200;ASH_COATED_OSMIUM;9991;13;9989;13;9986;10;10010;21;10013;11;10016;11;10001.0;0.0
21;48200;INTARIAN_PEPPER_ROOT;34041;9;34040;12;34037;11;34055;12;34056;9;34057;21;34048.0;0.0
21;48300;ASH_COATED_OSMIUM;9990;15;;;;;10006;10;;;;;9998.5;0.0
21;48300;INTARIAN_PEPPER_ROOT;34040;11;;;;;34056;9;;;;;34048.0;0.0
21;48400;ASH_COATED_OSMIUM;9994;15;9993;15;;;10010;12;10013;5;;;10002.0;0.0
21;48400;INTARIAN_PEPPER_ROOT;34040;24;34039;9;34037;11;34052;12;34053;21;34054;8;34046.5;0.0
21;48500;ASH_COATED_OSMIUM;9999;12;9997;13;9996;11;10015;22;10017;12;10020;10;10007.0;0.0
21;48500;INTARIAN_PEPPER_ROOT;34042;8;;;;;34054;8;;;;;34048.0;0.0
21;48600;ASH_COATED_OSMIUM;9999;11;;;;;10015;10;;;;;10007.0;0.0
21;48600;INTARIAN_PEPPER_ROOT;34040;10;34037;11;;;34053;11;34056;10;;;34047.0;0.0
21;48700;ASH_COATED_OSMIUM;9992;13;9989;15;;;10011;14;10013;12;;;10001.5;0.0
21;48700;INTARIAN_PEPPER_ROOT;34044;12;34042;11;34039;19;34061;8;34062;8;34064;11;34052.5;0.0
21;48800;ASH_COATED_OSMIUM;9989;13;9987;12;;;10005;10;10008;12;;;9997.0;0.0
21;48800;INTARIAN_PEPPER_ROOT;34042;15;;;;;34053;11;;;;;34048.0;0.0
21;48900;ASH_COATED_OSMIUM;9988;10;9985;14;9983;15;10004;14;10007;25;10010;12;9996.0;0.0
21;48900;INTARIAN_PEPPER_ROOT;34041;12;34038;20;;;34057;11;34060;8;;;34049.5;0.0
21;49000;ASH_COATED_OSMIUM;9989;27;;;;;10005;10;;;;;9997.0;0.0
21;49000;INTARIAN_PEPPER_ROOT;34046;23;34045;11;;;34048;10;34051;11;;;34047.0;0.0
21;49100;ASH_COATED_OSMIUM;9992;10;;;;;10002;15;;;;;9997.0;0.0
21;49100;INTARIAN_PEPPER_ROOT;34043;10;34041;12;34038;12;34056;8;34059;21;34061;24;34050.0;0.0
21;49200;ASH_COATED_OSMIUM;9994;13;9993;11;;;10010;24;10012;5;;;10002.0;0.0
21;49200;INTARIAN_PEPPER_ROOT;34041;10;;;;;34055;12;;;;;34048.0;0.0
21;49300;ASH_COATED_OSMIUM;9997;28;9996;12;9994;14;10015;12;10018;14;10019;12;10006.0;0.0
21;49300;INTARIAN_PEPPER_ROOT;34037;8;34036;12;;;34052;17;34054;12;;;34044.5;0.0
21;49400;ASH_COATED_OSMIUM;10003;14;10002;13;9999;21;10019;10;10020;11;10023;14;10011.5;0.0
21;49400;INTARIAN_PEPPER_ROOT;34047;12;34046;11;34043;12;34058;11;34060;12;34063;16;34053.0;0.0
21;49500;ASH_COATED_OSMIUM;10001;11;9999;28;9997;10;10020;11;10022;12;10023;26;10010.5;0.0
21;49500;INTARIAN_PEPPER_ROOT;34042;11;;;;;34055;10;;;;;34049.0;0.0
21;49600;ASH_COATED_OSMIUM;10006;13;10005;13;;;10022;14;10024;12;;;10014.0;0.0
21;49600;INTARIAN_PEPPER_ROOT;34040;9;;;;;34056;12;;;;;34048.0;0.0
21;49700;ASH_COATED_OSMIUM;10000;6;9998;13;9996;14;10016;5;10017;11;10019;15;10008.5;0.0
21;49700;INTARIAN_PEPPER_ROOT;34042;20;34041;8;;;34055;8;34058;8;;;34049.0;0.0
21;49800;ASH_COATED_OSMIUM;9998;12;;;;;10019;12;;;;;10008.5;0.0
21;49800;INTARIAN_PEPPER_ROOT;34043;11;34042;15;;;34055;3;34056;24;;;34049.0;0.0
21;49900;ASH_COATED_OSMIUM;9998;14;;;;;10017;11;;;;;10007.5;0.0
21;49900;INTARIAN_PEPPER_ROOT;34042;11;34040;10;34039;25;34055;12;34056;12;34059;11;34048.5;0.0
21;50000;ASH_COATED_OSMIUM;9999;15;9997;13;9995;20;10018;10;10020;26;10021;13;10008.5;0.0
21;50000;INTARIAN_PEPPER_ROOT;34042;8;;;;;34057;11;;;;;34050.0;0.0
21;50100;ASH_COATED_OSMIUM;9996;29;9993;10;;;10012;10;10013;14;;;10004.5;0.0
21;50100;INTARIAN_PEPPER_ROOT;34046;11;;;;;34057;11;;;;;34052.0;0.0
21;50200;ASH_COATED_OSMIUM;9987;15;;;;;10003;15;;;;;9995.0;0.0
21;50200;INTARIAN_PEPPER_ROOT;34044;4;34041;9;34039;12;34057;9;34059;9;34062;10;34051.0;0.0
21;50300;ASH_COATED_OSMIUM;9988;24;9987;24;;;10006;13;10008;15;;;9997.0;0.0
21;50300;INTARIAN_PEPPER_ROOT;34046;11;34043;17;34040;12;34059;9;34061;12;34063;9;34052.5;0.0
21;50400;ASH_COATED_OSMIUM;9992;13;9989;15;;;10008;15;10009;10;;;10000.5;0.0
21;50400;INTARIAN_PEPPER_ROOT;34048;12;34047;8;34046;10;34051;9;34054;25;34055;11;34049.5;0.0
21;50500;ASH_COATED_OSMIUM;9994;15;9992;27;;;10010;14;10011;10;;;10002.5;0.0
21;50500;INTARIAN_PEPPER_ROOT;34044;8;;;;;34052;11;;;;;34048.0;0.0
21;50600;ASH_COATED_OSMIUM;9989;27;;;;;10008;23;;;;;9998.5;0.0
21;50600;INTARIAN_PEPPER_ROOT;34041;10;34039;10;34038;11;34057;9;34059;9;34062;11;34049.5;0.0
21;50700;ASH_COATED_OSMIUM;9988;12;9985;13;;;10009;28;10010;2;;;9999.0;0.0
21;50700;INTARIAN_PEPPER_ROOT;34044;3;34041;10;;;34058;8;34060;9;;;34051.0;0.0
21;50800;ASH_COATED_OSMIUM;9991;15;9989;10;;;10007;11;10008;12;;;9999.0;0.0
21;50800;INTARIAN_PEPPER_ROOT;34046;10;;;;;34062;5;;;;;34054.5;0.0
21;50900;ASH_COATED_OSMIUM;9987;11;9986;12;;;10006;15;10008;11;;;9997.0;0.0
21;50900;INTARIAN_PEPPER_ROOT;34044;8;;;;;34058;20;;;;;34051.0;0.0
21;51000;ASH_COATED_OSMIUM;9991;11;;;;;10009;12;;;;;10000.5;0.0
21;51000;INTARIAN_PEPPER_ROOT;34043;12;;;;;34058;17;;;;;34051.0;0.0
21;51100;ASH_COATED_OSMIUM;9997;2;9995;15;;;10013;11;10014;30;;;10005.0;0.0
21;51100;INTARIAN_PEPPER_ROOT;34042;8;;;;;34054;8;;;;;34048.5;0.0
21;51200;ASH_COATED_OSMIUM;9993;13;9990;4;;;10012;10;10013;11;;;10003.0;0.0
21;51200;INTARIAN_PEPPER_ROOT;34045;11;34042;12;;;34059;9;34061;22;;;34052.5;0.0
21;51300;ASH_COATED_OSMIUM;9990;13;9988;28;;;10006;11;10008;14;;;9998.5;0.0
21;51300;INTARIAN_PEPPER_ROOT;34044;9;;;;;34055;7;;;;;34049.5;0.0
21;51400;ASH_COATED_OSMIUM;9992;28;9989;15;;;10008;12;10011;14;;;10000.5;0.0
21;51400;INTARIAN_PEPPER_ROOT;34044;8;;;;;34055;10;;;;;34049.5;0.0
21;51500;ASH_COATED_OSMIUM;9995;11;9994;15;;;10011;14;10012;13;;;10003.0;0.0
21;51500;INTARIAN_PEPPER_ROOT;34042;11;34040;10;;;34058;10;34059;22;;;34050.5;0.0
21;51600;ASH_COATED_OSMIUM;9998;10;9996;14;;;10014;13;10016;14;;;10006.0;0.0
21;51600;INTARIAN_PEPPER_ROOT;34047;8;;;;;34059;8;;;;;34053.0;0.0
21;51700;ASH_COATED_OSMIUM;10001;10;;;;;10017;13;;;;;10009.0;0.0
21;51700;INTARIAN_PEPPER_ROOT;34046;11;34045;9;;;34055;12;34056;5;;;34050.5;0.0
21;51800;ASH_COATED_OSMIUM;9994;25;9993;14;;;10013;22;10014;13;;;10004.0;0.0
21;51800;INTARIAN_PEPPER_ROOT;34047;12;34044;12;34043;9;34061;9;34062;8;34063;25;34054.5;0.0
21;51900;ASH_COATED_OSMIUM;9996;12;;;;;10015;15;;;;;10006.0;0.0
21;51900;INTARIAN_PEPPER_ROOT;34052;10;;;;;34056;12;;;;;34054.0;0.0
21;52000;ASH_COATED_OSMIUM;9996;23;9995;12;;;10012;10;10013;12;;;10004.0;0.0
21;52000;INTARIAN_PEPPER_ROOT;34046;8;34043;8;34041;9;34057;10;34059;12;34062;8;34052.0;0.0
21;52100;ASH_COATED_OSMIUM;9989;15;9988;14;;;10008;12;10010;14;;;9998.5;0.0
21;52100;INTARIAN_PEPPER_ROOT;34045;22;34043;9;;;34057;12;34060;10;;;34051.5;0.0
21;52200;ASH_COATED_OSMIUM;9992;14;9989;11;;;10008;14;10009;28;;;10000.5;0.0
21;52200;INTARIAN_PEPPER_ROOT;34047;10;34045;8;34044;10;34057;10;34058;10;34059;4;34052.5;0.0
21;52300;ASH_COATED_OSMIUM;9993;23;9991;14;9988;14;10009;13;10011;27;10013;15;10001.0;0.0
21;52300;INTARIAN_PEPPER_ROOT;34048;11;34046;12;;;34060;16;34063;8;;;34054.5;0.0
21;52400;ASH_COATED_OSMIUM;9992;10;9991;14;9989;13;10008;5;10010;5;10012;13;10000.5;0.0
21;52400;INTARIAN_PEPPER_ROOT;34043;11;;;;;34055;12;;;;;34049.5;0.0
21;52500;ASH_COATED_OSMIUM;9996;14;9995;11;;;10012;11;10015;14;;;10004.5;0.0
21;52500;INTARIAN_PEPPER_ROOT;34046;10;34045;11;34043;8;34060;3;34063;9;34066;9;34053.0;0.0
21;52600;ASH_COATED_OSMIUM;9993;12;9992;30;;;10009;8;10011;10;;;10001.5;0.0
21;52600;INTARIAN_PEPPER_ROOT;34048;9;34046;12;;;34059;17;34061;10;;;34053.5;0.0
21;52700;ASH_COATED_OSMIUM;9999;14;;;;;10017;11;;;;;10008.0;0.0
21;52700;INTARIAN_PEPPER_ROOT;34050;8;34047;10;34046;9;34053;16;34054;22;34055;12;34051.5;0.0
21;52800;ASH_COATED_OSMIUM;9994;10;9993;20;9991;25;10010;10;10012;12;10015;14;10002.5;0.0
21;52800;INTARIAN_PEPPER_ROOT;34047;11;34044;23;34041;8;34060;22;34063;11;34066;25;34053.5;0.0
21;52900;ASH_COATED_OSMIUM;9996;9;9995;30;;;10012;11;10015;13;;;10004.5;0.0
21;52900;INTARIAN_PEPPER_ROOT;34047;12;;;;;34059;8;;;;;34053.5;0.0
21;53000;ASH_COATED_OSMIUM;9994;12;9992;23;9990;13;10010;12;10013;14;10015;11;10002.0;0.0
21;53000;INTARIAN_PEPPER_ROOT;34045;9;;;;;34061;8;;;;;34053.0;0.0
21;53100;ASH_COATED_OSMIUM;9987;15;9984;10;9982;15;10003;11;10005;13;10008;13;9995.5;0.0
21;53100;INTARIAN_PEPPER_ROOT;34049;8;34047;10;;;34062;8;34063;10;;;34055.5;0.0
21;53200;ASH_COATED_OSMIUM;9983;12;;;;;9996;10;;;;;9990.0;0.0
21;53200;INTARIAN_PEPPER_ROOT;34049;8;34047;24;34046;10;34063;8;34065;8;34066;8;34056.5;0.0
21;53300;ASH_COATED_OSMIUM;9992;15;9991;22;;;10008;13;10011;24;;;10000.5;0.0
21;53300;INTARIAN_PEPPER_ROOT;34048;18;34046;11;34044;12;34060;12;34061;12;34064;19;34054.0;0.0
21;53400;ASH_COATED_OSMIUM;9992;5;9989;11;9987;14;10008;12;10010;20;10011;13;10000.0;0.0
21;53400;INTARIAN_PEPPER_ROOT;34046;10;;;;;34061;9;;;;;34054.0;0.0
21;53500;ASH_COATED_OSMIUM;9990;14;;;;;10008;24;;;;;9999.0;0.0
21;53500;INTARIAN_PEPPER_ROOT;34047;10;34046;21;;;34063;8;34065;10;;;34055.5;0.0
21;53600;ASH_COATED_OSMIUM;9992;11;9991;14;9988;15;10008;12;10009;2;10011;24;10000.5;0.0
21;53600;INTARIAN_PEPPER_ROOT;34045;23;34044;11;34043;12;34058;18;34061;8;34063;11;34052.0;0.0
21;53700;ASH_COATED_OSMIUM;9996;13;;;;;10014;25;;;;;10005.5;0.0
21;53700;INTARIAN_PEPPER_ROOT;34051;11;34050;12;;;34054;12;34055;10;;;34053.0;0.0
21;53800;ASH_COATED_OSMIUM;9991;15;;;;;10007;15;;;;;9999.5;0.0
21;53800;INTARIAN_PEPPER_ROOT;34043;10;34040;8;;;34061;21;34062;12;;;34052.0;0.0
21;53900;ASH_COATED_OSMIUM;9989;11;9988;12;9987;27;10005;11;10007;15;10008;14;9997.5;0.0
21;53900;INTARIAN_PEPPER_ROOT;34048;10;34046;9;;;34065;11;34066;10;;;34056.5;0.0
21;54000;ASH_COATED_OSMIUM;9989;14;9986;12;;;10005;12;10008;14;;;9997.5;0.0
21;54000;INTARIAN_PEPPER_ROOT;34050;8;34048;10;;;34062;12;34065;12;;;34056.0;0.0
21;54100;ASH_COATED_OSMIUM;10004;14;10002;13;;;10020;11;10023;23;;;10012.5;0.0
21;54100;INTARIAN_PEPPER_ROOT;34048;24;34045;8;;;34062;10;34064;24;;;34055.0;0.0
21;54200;ASH_COATED_OSMIUM;10001;20;;;;;10017;11;;;;;10009.0;0.0
21;54200;INTARIAN_PEPPER_ROOT;34043;12;;;;;34060;25;;;;;34052.0;0.0
21;54300;ASH_COATED_OSMIUM;9998;12;9996;15;;;10016;11;10018;10;;;10007.0;0.0
21;54300;INTARIAN_PEPPER_ROOT;34048;11;34046;8;34045;11;34060;11;34063;25;34066;8;34054.5;0.0
21;54400;ASH_COATED_OSMIUM;9994;25;9993;12;9991;25;10010;10;10013;13;10015;10;10002.5;0.0
21;54400;INTARIAN_PEPPER_ROOT;34052;8;;;;;34064;8;;;;;34058.0;0.0
21;54500;ASH_COATED_OSMIUM;9991;13;9988;21;;;10007;11;10008;12;;;9999.0;0.0
21;54500;INTARIAN_PEPPER_ROOT;34043;12;34040;11;;;34057;11;34060;9;;;34050.0;0.0
21;54600;ASH_COATED_OSMIUM;9991;24;9989;12;9988;11;10007;11;10008;15;10011;10;9999.5;0.0
21;54600;INTARIAN_PEPPER_ROOT;34052;12;34051;12;34050;11;34064;8;34066;9;34069;22;34058.0;0.0
21;54700;ASH_COATED_OSMIUM;10002;10;10001;15;9998;28;10007;10;10009;4;10012;12;10005.0;0.0
21;54700;INTARIAN_PEPPER_ROOT;34048;10;34046;10;;;34061;8;34062;9;;;34054.5;0.0
21;54800;ASH_COATED_OSMIUM;9995;23;9994;29;;;10013;10;10014;10;;;10004.5;0.0
21;54800;INTARIAN_PEPPER_ROOT;34046;21;;;;;34060;11;;;;;34053.0;0.0
21;54900;ASH_COATED_OSMIUM;9994;12;;;;;10010;28;;;;;10002.5;0.0
21;54900;INTARIAN_PEPPER_ROOT;34048;11;;;;;34061;10;;;;;34055.0;0.0
21;55000;ASH_COATED_OSMIUM;9986;12;;;;;10005;10;;;;;9995.5;0.0
21;55000;INTARIAN_PEPPER_ROOT;34048;8;34047;21;34044;10;34060;11;34062;11;34064;8;34054.0;0.0
21;55100;ASH_COATED_OSMIUM;9986;12;;;;;10002;29;;;;;9994.0;0.0
21;55100;INTARIAN_PEPPER_ROOT;34049;10;34046;20;;;34065;9;34068;12;;;34057.5;0.0
21;55200;ASH_COATED_OSMIUM;9988;14;;;;;10007;15;;;;;9998.0;0.0
21;55200;INTARIAN_PEPPER_ROOT;34052;11;;;;;34065;9;;;;;34059.0;0.0
21;55300;ASH_COATED_OSMIUM;9988;14;9986;29;;;10004;10;10007;11;;;9996.0;0.0
21;55300;INTARIAN_PEPPER_ROOT;34053;9;34050;9;34049;11;34067;9;34068;11;34070;9;34060.0;0.0
21;55400;ASH_COATED_OSMIUM;9986;10;9983;14;;;10005;14;10007;25;;;9995.5;0.0
21;55400;INTARIAN_PEPPER_ROOT;34049;11;;;;;34061;11;;;;;34055.5;0.0
21;55500;ASH_COATED_OSMIUM;9984;12;9983;12;;;10000;11;10001;11;;;9992.5;0.0
21;55500;INTARIAN_PEPPER_ROOT;34044;10;34041;10;34040;8;34061;9;34062;8;34064;10;34053.0;0.0
21;55600;ASH_COATED_OSMIUM;9988;25;9986;11;9985;15;10007;13;10008;15;10011;14;9998.0;0.0
21;55600;INTARIAN_PEPPER_ROOT;34054;11;34053;25;;;34065;9;34068;8;;;34059.5;0.0
21;55700;ASH_COATED_OSMIUM;9995;12;9993;11;;;10011;15;10014;24;;;10003.0;0.0
21;55700;INTARIAN_PEPPER_ROOT;34048;10;;;;;34060;21;;;;;34054.0;0.0
21;55800;ASH_COATED_OSMIUM;9992;26;9990;15;9988;22;10010;14;10013;24;10016;10;10001.0;0.0
21;55800;INTARIAN_PEPPER_ROOT;34049;11;34048;12;;;34063;8;34066;8;;;34056.5;0.0
21;55900;ASH_COATED_OSMIUM;9992;12;9990;11;9989;10;10008;10;10011;14;10013;11;10000.0;0.0
21;55900;INTARIAN_PEPPER_ROOT;34050;9;34047;9;34045;11;34064;4;34067;9;34069;24;34057.5;0.0
21;56000;ASH_COATED_OSMIUM;9985;12;9984;15;9982;10;10001;14;10002;11;10005;29;9993.5;0.0
21;56000;INTARIAN_PEPPER_ROOT;34054;9;34051;9;;;34069;8;34072;11;;;34061.5;0.0
21;56100;ASH_COATED_OSMIUM;9984;14;;;;;10000;11;;;;;9992.5;0.0
21;56100;INTARIAN_PEPPER_ROOT;34050;10;;;;;34062;11;;;;;34056.0;0.0
21;56200;ASH_COATED_OSMIUM;9979;25;;;;;9995;10;;;;;9987.0;0.0
21;56200;INTARIAN_PEPPER_ROOT;34050;22;34047;9;;;34063;11;34066;11;;;34056.5;0.0
21;56300;ASH_COATED_OSMIUM;9981;12;9979;5;9976;10;9997;15;9999;27;10000;13;9989.5;0.0
21;56300;INTARIAN_PEPPER_ROOT;34052;15;34049;12;34048;11;34069;12;34071;9;34074;9;34060.5;0.0
21;56400;ASH_COATED_OSMIUM;9991;21;;;;;10000;13;;;;;9995.5;0.0
21;56400;INTARIAN_PEPPER_ROOT;34054;10;34053;11;;;34067;12;34069;8;;;34060.5;0.0
21;56500;ASH_COATED_OSMIUM;9993;10;9990;12;;;10009;15;10012;13;;;10001.5;0.0
21;56500;INTARIAN_PEPPER_ROOT;34049;21;34048;10;34047;9;34060;10;34063;8;34064;8;34055.0;0.0
21;56600;ASH_COATED_OSMIUM;9993;13;9991;10;;;10009;13;10010;14;;;10001.5;0.0
21;56600;INTARIAN_PEPPER_ROOT;34054;11;;;;;34065;17;;;;;34059.5;0.0
21;56700;ASH_COATED_OSMIUM;9989;11;;;;;10008;11;;;;;9999.0;0.0
21;56700;INTARIAN_PEPPER_ROOT;34052;10;;;;;34065;8;;;;;34059.0;0.0
21;56800;ASH_COATED_OSMIUM;9991;10;9990;13;;;10001;11;10003;11;;;9996.0;0.0
21;56800;INTARIAN_PEPPER_ROOT;34047;11;34044;8;;;34060;12;34062;18;;;34054.0;0.0
21;56900;ASH_COATED_OSMIUM;9983;14;9982;28;;;10002;24;10005;11;;;9993.0;0.0
21;56900;INTARIAN_PEPPER_ROOT;34050;10;34049;12;;;34064;12;34066;9;;;34057.0;0.0
21;57000;ASH_COATED_OSMIUM;9991;12;;;;;10007;11;;;;;9999.5;0.0
21;57000;INTARIAN_PEPPER_ROOT;34051;10;34048;12;34047;11;34065;8;34066;12;34069;3;34058.0;0.0
21;57100;ASH_COATED_OSMIUM;9987;10;9986;14;;;10003;23;10004;13;;;9995.0;0.0
21;57100;INTARIAN_PEPPER_ROOT;34054;22;34051;11;34048;8;34068;17;34070;15;34073;11;34061.5;0.0
21;57200;ASH_COATED_OSMIUM;9981;10;9980;30;;;10000;10;10001;15;;;9991.0;0.0
21;57200;INTARIAN_PEPPER_ROOT;34045;10;34044;11;;;34059;11;34062;11;;;34052.5;0.0
21;57300;ASH_COATED_OSMIUM;9980;13;9977;12;;;9998;15;10001;13;;;9989.5;0.0
21;57300;INTARIAN_PEPPER_ROOT;34054;9;34051;10;;;34067;8;34070;11;;;34061.0;0.0
21;57400;ASH_COATED_OSMIUM;9978;11;9976;12;;;9994;10;9997;14;;;9986.5;0.0
21;57400;INTARIAN_PEPPER_ROOT;34048;19;34047;11;;;34061;9;34064;11;;;34055.0;0.0
21;57500;ASH_COATED_OSMIUM;9981;9;9980;10;;;9997;7;9998;12;;;9989.5;0.0
21;57500;INTARIAN_PEPPER_ROOT;34052;8;34050;8;;;34064;20;34066;10;;;34058.0;0.0
21;57600;ASH_COATED_OSMIUM;9987;11;;;;;10006;15;;;;;9996.5;0.0
21;57600;INTARIAN_PEPPER_ROOT;34047;17;34046;12;;;34063;10;34065;9;;;34055.5;0.0
21;57700;ASH_COATED_OSMIUM;9986;11;9985;11;;;10002;14;10005;15;;;9994.0;0.0
21;57700;INTARIAN_PEPPER_ROOT;34052;5;34050;9;;;34065;8;34067;12;;;34058.5;0.0
21;57800;ASH_COATED_OSMIUM;9991;5;9990;10;;;10009;14;10010;10;;;10000.0;0.0
21;57800;INTARIAN_PEPPER_ROOT;34049;8;;;;;34065;10;;;;;34057.5;0.0
21;57900;ASH_COATED_OSMIUM;9986;14;9983;15;;;10002;29;10005;25;;;9994.0;0.0
21;57900;INTARIAN_PEPPER_ROOT;34047;15;34044;11;34041;15;34061;9;34064;11;34067;8;34054.5;0.0
21;58000;ASH_COATED_OSMIUM;9986;11;9985;12;9982;11;10002;28;10004;12;10005;14;9994.5;0.0
21;58000;INTARIAN_PEPPER_ROOT;34054;5;34052;8;34049;8;34065;8;34068;8;34070;12;34060.0;0.0
21;58100;ASH_COATED_OSMIUM;9986;15;9983;15;;;10005;15;10006;12;;;9996.0;0.0
21;58100;INTARIAN_PEPPER_ROOT;34052;22;34049;12;34046;11;34063;12;34065;11;34068;9;34058.0;0.0
21;58200;ASH_COATED_OSMIUM;9995;11;9992;14;;;10011;10;10014;10;;;10003.5;0.0
21;58200;INTARIAN_PEPPER_ROOT;34047;11;;;;;34061;9;;;;;34054.5;0.0
21;58300;ASH_COATED_OSMIUM;9993;28;;;;;10009;13;;;;;10001.5;0.0
21;58300;INTARIAN_PEPPER_ROOT;34051;8;;;;;34065;20;;;;;34058.0;0.0
21;58400;ASH_COATED_OSMIUM;9987;11;9984;15;9983;15;10006;11;10007;14;10009;15;9997.0;0.0
21;58400;INTARIAN_PEPPER_ROOT;34051;8;34049;10;;;34067;8;34068;9;;;34059.0;0.0
21;58500;ASH_COATED_OSMIUM;9989;15;9988;15;9987;10;9999;10;10000;11;10001;2;9994.5;0.0
21;58500;INTARIAN_PEPPER_ROOT;34050;9;34047;9;34044;8;34066;9;34068;11;34069;22;34058.0;0.0
21;58600;ASH_COATED_OSMIUM;9981;10;9979;10;9976;11;9997;13;10000;13;10001;11;9989.0;0.0
21;58600;INTARIAN_PEPPER_ROOT;34052;12;34050;12;34049;11;34067;10;34070;12;34072;9;34059.5;0.0
21;58700;ASH_COATED_OSMIUM;9978;15;9976;12;;;9997;10;9998;13;;;9987.5;0.0
21;58700;INTARIAN_PEPPER_ROOT;34050;10;;;;;34064;8;;;;;34057.5;0.0
21;58800;ASH_COATED_OSMIUM;9983;14;9982;11;;;9999;21;10002;6;;;9991.0;0.0
21;58800;INTARIAN_PEPPER_ROOT;34052;16;34049;22;34048;10;34065;9;34066;10;34067;11;34059.0;0.0
21;58900;ASH_COATED_OSMIUM;9987;14;9985;13;9984;20;10006;13;10009;21;10012;15;9996.5;0.0
21;58900;INTARIAN_PEPPER_ROOT;34047;9;34044;9;;;34060;10;34062;8;;;34054.0;0.0
21;59000;ASH_COATED_OSMIUM;9987;11;9984;15;;;10003;12;10005;11;;;9995.5;0.0
21;59000;INTARIAN_PEPPER_ROOT;34054;8;34053;18;;;34067;11;34070;15;;;34061.0;0.0
21;59100;ASH_COATED_OSMIUM;9990;15;;;;;10006;10;;;;;9998.0;0.0
21;59100;INTARIAN_PEPPER_ROOT;34058;18;34056;3;;;34070;4;34073;8;;;34064.0;0.0
21;59200;ASH_COATED_OSMIUM;9995;13;;;;;10011;10;;;;;10003.0;0.0
21;59200;INTARIAN_PEPPER_ROOT;34057;12;34054;22;;;34069;12;34071;12;;;34063.0;0.0
21;59300;ASH_COATED_OSMIUM;9988;13;9987;11;;;10006;15;10008;23;;;9997.5;0.0
21;59300;INTARIAN_PEPPER_ROOT;34057;8;;;;;34069;16;;;;;34063.5;0.0
21;59400;ASH_COATED_OSMIUM;9984;12;9982;14;;;10000;20;10002;10;;;9992.5;0.0
21;59400;INTARIAN_PEPPER_ROOT;34058;8;34056;11;;;34069;8;34070;9;;;34064.0;0.0
21;59500;ASH_COATED_OSMIUM;9986;11;9985;4;9984;10;10002;13;10004;11;10005;15;9994.5;0.0
21;59500;INTARIAN_PEPPER_ROOT;34050;9;34049;9;;;34061;11;34062;9;;;34055.5;0.0
21;59600;ASH_COATED_OSMIUM;9985;23;;;;;10001;14;;;;;9993.0;0.0
21;59600;INTARIAN_PEPPER_ROOT;34056;8;34053;9;;;34068;11;34071;11;;;34062.0;0.0
21;59700;ASH_COATED_OSMIUM;9984;12;9981;10;;;10000;24;10002;14;;;9992.5;0.0
21;59700;INTARIAN_PEPPER_ROOT;34054;9;;;;;34066;12;;;;;34060.5;0.0
21;59800;ASH_COATED_OSMIUM;9990;14;;;;;10006;14;;;;;9998.0;0.0
21;59800;INTARIAN_PEPPER_ROOT;34052;12;34051;20;;;34067;9;34068;8;;;34059.5;0.0
21;59900;ASH_COATED_OSMIUM;9989;10;;;;;10005;14;;;;;9997.5;0.0
21;59900;INTARIAN_PEPPER_ROOT;34054;19;34051;12;34048;9;34066;9;34069;15;34072;12;34060.0;0.0
21;60000;ASH_COATED_OSMIUM;9983;13;9981;14;;;9999;15;10001;21;;;9991.5;0.0
21;60000;INTARIAN_PEPPER_ROOT;34052;11;;;;;34065;18;;;;;34058.5;0.0
21;60100;ASH_COATED_OSMIUM;9983;12;9981;10;;;9999;12;10001;10;;;9991.0;0.0
21;60100;INTARIAN_PEPPER_ROOT;34058;8;34057;10;34056;11;34072;18;34073;11;34074;25;34065.0;0.0
21;60200;ASH_COATED_OSMIUM;9977;25;;;;;9993;10;;;;;9985.5;0.0
21;60200;INTARIAN_PEPPER_ROOT;34053;17;34052;21;34051;10;34065;11;34066;9;34069;16;34059.5;0.0
21;60300;ASH_COATED_OSMIUM;9975;10;9974;13;;;9993;25;9994;14;;;9984.5;0.0
21;60300;INTARIAN_PEPPER_ROOT;34052;12;34050;11;34047;12;34066;8;34069;8;34072;11;34059.5;0.0
21;60400;ASH_COATED_OSMIUM;9985;14;9984;13;;;9998;11;10000;22;;;9991.5;0.0
21;60400;INTARIAN_PEPPER_ROOT;34054;11;34052;8;;;34065;11;34067;11;;;34060.0;0.0
21;60500;ASH_COATED_OSMIUM;9980;13;;;;;9999;14;;;;;9989.5;0.0
21;60500;INTARIAN_PEPPER_ROOT;34052;9;;;;;34065;12;;;;;34059.0;0.0
21;60600;ASH_COATED_OSMIUM;9984;14;;;;;10000;12;;;;;9992.0;0.0
21;60600;INTARIAN_PEPPER_ROOT;34054;10;34052;8;34051;12;34070;9;34073;10;34075;12;34062.5;0.0
21;60700;ASH_COATED_OSMIUM;9988;15;;;;;10007;10;;;;;9997.5;0.0
21;60700;INTARIAN_PEPPER_ROOT;34058;10;;;;;34070;12;;;;;34064.0;0.0
21;60800;ASH_COATED_OSMIUM;9986;12;9983;11;9981;13;10002;11;10004;14;10007;15;9994.5;0.0
21;60800;INTARIAN_PEPPER_ROOT;34054;9;34053;11;34051;16;34068;9;34071;9;34072;8;34061.0;0.0
21;60900;ASH_COATED_OSMIUM;9988;10;9987;27;9985;13;10004;14;10005;15;10007;14;9996.0;0.0
21;60900;INTARIAN_PEPPER_ROOT;34053;10;34050;11;34048;21;34065;12;34067;10;34069;24;34059.5;0.0
21;61000;ASH_COATED_OSMIUM;9987;11;;;;;10003;14;;;;;9995.0;0.0
21;61000;INTARIAN_PEPPER_ROOT;34057;10;;;;;34070;11;;;;;34063.5;0.0
21;61100;ASH_COATED_OSMIUM;9984;10;;;;;10002;12;;;;;9993.5;0.0
21;61100;INTARIAN_PEPPER_ROOT;34052;8;;;;;34065;12;;;;;34059.0;0.0
21;61200;ASH_COATED_OSMIUM;9989;10;9986;14;9983;13;10005;15;10006;15;10009;14;9997.5;0.0
21;61200;INTARIAN_PEPPER_ROOT;34053;10;34052;10;;;34066;9;34067;10;;;34060.0;0.0
21;61300;ASH_COATED_OSMIUM;9989;30;9987;12;;;10007;13;10008;12;;;9998.5;0.0
21;61300;INTARIAN_PEPPER_ROOT;34053;23;34051;11;34050;11;34066;12;34068;9;34070;17;34059.5;0.0
21;61400;ASH_COATED_OSMIUM;9985;21;9984;11;;;10003;13;10004;13;;;9994.5;0.0
21;61400;INTARIAN_PEPPER_ROOT;34053;12;34052;10;;;34068;10;34071;23;;;34061.0;0.0
21;61500;ASH_COATED_OSMIUM;9985;11;9984;11;;;10006;10;10009;11;;;9995.5;0.0
21;61500;INTARIAN_PEPPER_ROOT;34055;10;;;;;34067;21;;;;;34061.5;0.0
21;61600;ASH_COATED_OSMIUM;9993;15;9991;11;;;10011;15;10014;25;;;10002.0;0.0
21;61600;INTARIAN_PEPPER_ROOT;34054;12;34053;9;;;34068;12;34069;8;;;34061.0;0.0
21;61700;ASH_COATED_OSMIUM;9989;10;9986;29;9983;12;10005;12;10006;15;10007;12;9997.5;0.0
21;61700;INTARIAN_PEPPER_ROOT;34054;18;;;;;34068;11;;;;;34061.5;0.0
21;61800;ASH_COATED_OSMIUM;9991;15;9988;12;9985;15;10007;14;10008;6;10011;11;9999.5;0.0
21;61800;INTARIAN_PEPPER_ROOT;34056;12;;;;;34070;11;;;;;34063.5;0.0
21;61900;ASH_COATED_OSMIUM;9991;15;;;;;10007;14;;;;;9999.5;0.0
21;61900;INTARIAN_PEPPER_ROOT;34058;9;34057;8;34056;8;34069;9;34072;10;34073;11;34063.5;0.0
21;62000;ASH_COATED_OSMIUM;9989;25;;;;;10007;15;;;;;9998.5;0.0
21;62000;INTARIAN_PEPPER_ROOT;34055;15;34052;9;34049;22;34070;11;34073;20;34074;15;34063.0;0.0
21;62100;ASH_COATED_OSMIUM;9990;14;9988;13;9986;12;10008;12;10010;14;10013;12;9999.0;0.0
21;62100;INTARIAN_PEPPER_ROOT;34057;12;34056;10;;;34069;11;34071;12;;;34063.5;0.0
21;62200;ASH_COATED_OSMIUM;9991;12;9989;14;;;10010;11;10013;12;;;10000.5;0.0
21;62200;INTARIAN_PEPPER_ROOT;34055;24;34053;12;34052;10;34068;12;34071;8;34074;4;34061.5;0.0
21;62300;ASH_COATED_OSMIUM;9985;28;;;;;10003;11;;;;;9994.5;0.0
21;62300;INTARIAN_PEPPER_ROOT;34061;8;;;;;34070;20;;;;;34066.0;0.0
21;62400;ASH_COATED_OSMIUM;9983;15;;;;;9999;10;;;;;9991.5;0.0
21;62400;INTARIAN_PEPPER_ROOT;34059;9;34056;8;;;34072;9;34074;9;;;34065.5;0.0
21;62500;ASH_COATED_OSMIUM;9975;25;9974;13;;;9991;15;9993;13;;;9983.5;0.0
21;62500;INTARIAN_PEPPER_ROOT;34055;19;;;;;34070;10;;;;;34063.0;0.0
21;62600;ASH_COATED_OSMIUM;9980;15;9979;15;;;9996;11;9997;28;;;9988.0;0.0
21;62600;INTARIAN_PEPPER_ROOT;34059;8;;;;;34074;12;;;;;34067.0;0.0
21;62700;ASH_COATED_OSMIUM;9982;25;9981;15;;;9998;22;9999;10;;;9990.0;0.0
21;62700;INTARIAN_PEPPER_ROOT;34056;10;;;;;34069;12;;;;;34063.0;0.0
21;62800;ASH_COATED_OSMIUM;9981;11;;;;;9997;13;;;;;9989.5;0.0
21;62800;INTARIAN_PEPPER_ROOT;34060;8;;;;;34072;15;;;;;34066.5;0.0
21;62900;ASH_COATED_OSMIUM;9985;3;9982;11;9979;10;10001;11;10003;13;10004;25;9993.5;0.0
21;62900;INTARIAN_PEPPER_ROOT;34059;12;34057;11;34055;10;34071;8;34072;8;34074;10;34065.5;0.0
21;63000;ASH_COATED_OSMIUM;9981;11;;;;;9997;13;;;;;9989.0;0.0
21;63000;INTARIAN_PEPPER_ROOT;34058;11;34057;19;34055;10;34070;11;34071;9;34073;8;34064.5;0.0
21;63100;ASH_COATED_OSMIUM;9981;11;;;;;9997;12;;;;;9989.0;0.0
21;63100;INTARIAN_PEPPER_ROOT;34057;11;;;;;34070;9;;;;;34063.5;0.0
21;63200;ASH_COATED_OSMIUM;9987;14;9986;12;;;10003;10;10004;15;;;9995.5;0.0
21;63200;INTARIAN_PEPPER_ROOT;34060;12;34059;10;34057;12;34076;10;34077;5;34078;8;34068.5;0.0
21;63300;ASH_COATED_OSMIUM;9988;11;9986;12;;;10004;14;10006;12;;;9996.5;0.0
21;63300;INTARIAN_PEPPER_ROOT;34056;10;;;;;34068;10;;;;;34062.5;0.0
21;63400;ASH_COATED_OSMIUM;9985;27;9982;15;9979;14;10001;12;10004;12;10006;11;9993.5;0.0
21;63400;INTARIAN_PEPPER_ROOT;34058;10;34057;8;;;34072;11;34074;20;;;34065.5;0.0
21;63500;ASH_COATED_OSMIUM;9987;25;;;;;10003;15;;;;;9995.0;0.0
21;63500;INTARIAN_PEPPER_ROOT;34059;9;34057;11;;;34070;11;34073;10;;;34064.5;0.0
21;63600;ASH_COATED_OSMIUM;9985;12;9983;3;;;10001;15;10002;12;;;9993.5;0.0
21;63600;INTARIAN_PEPPER_ROOT;34058;11;34057;9;34056;11;34075;12;34077;18;34078;8;34066.5;0.0
21;63700;ASH_COATED_OSMIUM;9982;28;9979;15;;;9998;12;9999;13;;;9990.0;0.0
21;63700;INTARIAN_PEPPER_ROOT;34055;11;34053;9;34050;9;34069;9;34070;11;34072;10;34062.0;0.0
21;63800;ASH_COATED_OSMIUM;9981;12;9978;11;;;10002;15;10003;14;;;9991.5;0.0
