day;timestamp;product;bid_price_1;bid_volume_1;bid_price_2;bid_volume_2;bid_price_3;bid_volume_3;ask_price_1;ask_volume_1;ask_price_2;ask_volume_2;ask_price_3;ask_volume_3;mid_price;profit_and_loss
17;0;ASH_COATED_OSMIUM;9987;15;;;;;10003;10;;;;;9995.0;0.0
17;0;INTARIAN_PEPPER_ROOT;29994;8;;;;;30006;10;;;;;30000.5;0.0
17;100;ASH_COATED_OSMIUM;9991;24;9989;11;9987;15;10010;20;10011;13;10013;15;10000.5;0.0
17;100;INTARIAN_PEPPER_ROOT;29991;9;;;;;30004;9;;;;;29998.0;0.0
17;200;ASH_COATED_OSMIUM;9985;11;9983;12;9982;13;10004;13;10007;15;10008;12;9995.0;0.0
17;200;INTARIAN_PEPPER_ROOT;29993;10;;;;;30009;12;;;;;30001.0;0.0
17;300;ASH_COATED_OSMIUM;9986;12;9985;13;;;10002;13;10005;13;;;9994.0;0.0
17;300;INTARIAN_PEPPER_ROOT;29997;8;29995;17;;;30009;11;30012;9;;;30003.0;0.0
17;400;ASH_COATED_OSMIUM;9986;13;9985;10;;;10002;24;10003;24;;;9994.0;0.0
17;400;INTARIAN_PEPPER_ROOT;29993;8;29990;8;;;30008;10;30009;9;;;30000.5;0.0
17;500;ASH_COATED_OSMIUM;9984;12;9981;13;;;10003;10;10006;15;;;9994.0;0.0
17;500;INTARIAN_PEPPER_ROOT;29991;9;29988;10;29987;21;30006;15;30008;11;30011;8;29999.0;0.0
17;600;ASH_COATED_OSMIUM;9994;12;9993;11;9991;13;10004;13;10007;13;10010;13;9999.5;0.0
17;600;INTARIAN_PEPPER_ROOT;29996;9;;;;;30010;11;;;;;30003.0;0.0
17;700;ASH_COATED_OSMIUM;9991;15;9988;13;9986;20;10007;10;10008;10;10009;12;9999.0;0.0
17;700;INTARIAN_PEPPER_ROOT;29998;8;29996;9;29994;11;30011;9;30014;10;30017;20;30004.5;0.0
17;800;ASH_COATED_OSMIUM;9985;22;9982;15;9979;12;10001;15;10004;15;10006;11;9993.5;0.0
17;800;INTARIAN_PEPPER_ROOT;29995;11;29993;11;29990;10;30008;10;30010;11;30012;9;30001.5;0.0
17;900;ASH_COATED_OSMIUM;9990;13;9987;10;9986;24;10006;29;10008;20;10010;12;9998.5;0.0
17;900;INTARIAN_PEPPER_ROOT;29995;10;;;;;30007;4;;;;;30001.5;0.0
17;1000;ASH_COATED_OSMIUM;9984;11;9981;5;;;10001;12;10003;10;;;9992.5;0.0
17;1000;INTARIAN_PEPPER_ROOT;29994;9;29991;19;29989;12;30008;11;30010;9;30011;9;30001.0;0.0
17;1100;ASH_COATED_OSMIUM;9989;14;9986;29;9985;27;10007;15;10009;29;10010;15;9998.5;0.0
17;1100;INTARIAN_PEPPER_ROOT;29995;12;29993;16;;;30003;11;30004;10;;;29999.5;0.0
17;1200;ASH_COATED_OSMIUM;9984;26;9982;14;9981;14;10002;11;10005;4;10006;15;9993.5;0.0
17;1200;INTARIAN_PEPPER_ROOT;29999;11;29998;25;29995;11;30011;12;30014;9;30015;12;30005.0;0.0
17;1300;ASH_COATED_OSMIUM;9985;26;;;;;10003;10;;;;;9994.0;0.0
17;1300;INTARIAN_PEPPER_ROOT;29996;10;29995;11;29992;12;30004;9;30007;11;30010;11;30000.5;0.0
17;1400;ASH_COATED_OSMIUM;9985;29;;;;;10001;11;;;;;9993.0;0.0
17;1400;INTARIAN_PEPPER_ROOT;29993;9;29992;12;;;30006;10;30008;10;;;30000.0;0.0
17;1500;ASH_COATED_OSMIUM;9985;10;9984;13;;;10001;14;10003;10;;;9993.0;0.0
17;1500;INTARIAN_PEPPER_ROOT;29995;9;;;;;30008;9;;;;;30002.0;0.0
17;1600;ASH_COATED_OSMIUM;9985;11;9982;23;;;10001;13;10003;12;;;9993.5;0.0
17;1600;INTARIAN_PEPPER_ROOT;29997;9;29995;9;;;30009;10;30010;8;;;30003.5;0.0
17;1700;ASH_COATED_OSMIUM;9985;14;9982;14;;;10001;15;10002;11;;;9993.0;0.0
17;1700;INTARIAN_PEPPER_ROOT;29994;8;;;;;30006;12;;;;;30000.5;0.0
17;1800;ASH_COATED_OSMIUM;9988;15;;;;;10007;25;;;;;9998.0;0.0
17;1800;INTARIAN_PEPPER_ROOT;29998;9;29996;23;;;30002;17;30003;25;;;30000.5;0.0
17;1900;ASH_COATED_OSMIUM;9995;10;;;;;10000;15;;;;;9998.0;0.0
17;1900;INTARIAN_PEPPER_ROOT;29997;11;29996;10;29994;10;30010;8;30013;12;30016;4;30003.5;0.0
17;2000;ASH_COATED_OSMIUM;9989;11;9986;11;;;10005;13;10008;13;;;9997.5;0.0
17;2000;INTARIAN_PEPPER_ROOT;29996;12;29994;3;29992;12;30008;4;30011;10;30013;8;30002.0;0.0
17;2100;ASH_COATED_OSMIUM;9983;5;;;;;10001;10;;;;;9992.0;0.0
17;2100;INTARIAN_PEPPER_ROOT;29992;10;29989;11;29986;9;30008;12;30009;8;30012;3;30000.0;0.0
17;2200;ASH_COATED_OSMIUM;9982;14;9979;3;9977;15;10003;10;10005;15;10007;13;9992.5;0.0
17;2200;INTARIAN_PEPPER_ROOT;29993;9;29992;16;;;30007;11;30009;12;;;30000.5;0.0
17;2300;ASH_COATED_OSMIUM;9984;10;;;;;10000;30;;;;;9992.5;0.0
17;2300;INTARIAN_PEPPER_ROOT;29997;11;29994;10;;;30014;8;30016;20;;;30005.5;0.0
17;2400;ASH_COATED_OSMIUM;9985;10;9982;13;;;10001;25;10003;11;;;9993.0;0.0
17;2400;INTARIAN_PEPPER_ROOT;29997;5;29996;24;;;30009;11;30012;11;;;30003.5;0.0
17;2500;ASH_COATED_OSMIUM;9990;23;9988;11;9985;14;10006;10;10009;15;10012;13;9998.5;0.0
17;2500;INTARIAN_PEPPER_ROOT;29994;11;29992;9;;;30011;10;30014;10;;;30002.5;0.0
17;2600;ASH_COATED_OSMIUM;9985;5;9984;30;;;10001;11;10002;15;;;9993.0;0.0
17;2600;INTARIAN_PEPPER_ROOT;29996;9;;;;;30008;25;;;;;30002.0;0.0
17;2700;ASH_COATED_OSMIUM;9984;13;9983;13;;;10000;15;10002;15;;;9992.5;0.0
17;2700;INTARIAN_PEPPER_ROOT;29996;9;29993;10;;;30008;23;30009;12;;;30002.5;0.0
17;2800;ASH_COATED_OSMIUM;9984;10;;;;;10000;11;;;;;9992.5;0.0
17;2800;INTARIAN_PEPPER_ROOT;29997;9;29994;12;29993;8;30010;10;30013;8;30015;25;30004.0;0.0
17;2900;ASH_COATED_OSMIUM;9992;11;9991;15;;;10004;10;10006;12;;;9998.0;0.0
17;2900;INTARIAN_PEPPER_ROOT;29998;10;29997;9;29994;9;30009;9;30011;12;30014;10;30003.5;0.0
17;3000;ASH_COATED_OSMIUM;9985;11;9984;10;;;10001;12;10004;24;;;9993.0;0.0
17;3000;INTARIAN_PEPPER_ROOT;29996;11;29995;12;;;30010;10;30011;11;;;30003.5;0.0
17;3100;ASH_COATED_OSMIUM;9990;10;9988;13;9986;13;10006;13;10008;10;10009;15;9998.0;0.0
17;3100;INTARIAN_PEPPER_ROOT;29994;11;29993;10;29990;12;30011;4;30014;12;30016;12;30003.0;0.0
17;3200;ASH_COATED_OSMIUM;9984;26;;;;;10000;15;;;;;9992.0;0.0
17;3200;INTARIAN_PEPPER_ROOT;29996;10;29994;9;29991;25;30007;10;30008;8;30009;24;30002.0;0.0
17;3300;ASH_COATED_OSMIUM;9991;26;9990;10;9988;29;10002;15;10005;10;10008;23;9996.5;0.0
17;3300;INTARIAN_PEPPER_ROOT;30004;10;;;;;30007;18;;;;;30005.5;0.0
17;3400;ASH_COATED_OSMIUM;9988;15;9985;13;;;10004;14;10007;11;;;9996.5;0.0
17;3400;INTARIAN_PEPPER_ROOT;30003;9;30000;20;;;30006;9;30009;8;;;30005.0;0.0
17;3500;ASH_COATED_OSMIUM;9988;12;;;;;10004;12;;;;;9996.5;0.0
17;3500;INTARIAN_PEPPER_ROOT;29997;11;29994;12;29992;23;30011;8;30013;10;30014;8;30004.5;0.0
17;3600;ASH_COATED_OSMIUM;9982;13;;;;;10001;14;;;;;9991.5;0.0
17;3600;INTARIAN_PEPPER_ROOT;29999;12;29998;9;;;30016;8;30019;12;;;30007.5;0.0
17;3700;ASH_COATED_OSMIUM;9982;12;9979;10;;;10000;10;10002;28;;;9991.0;0.0
17;3700;INTARIAN_PEPPER_ROOT;29998;12;29996;11;;;30013;11;30014;6;;;30005.5;0.0
17;3800;ASH_COATED_OSMIUM;9983;13;;;;;9999;10;;;;;9991.0;0.0
17;3800;INTARIAN_PEPPER_ROOT;29998;11;29995;12;;;30011;10;30012;12;;;30005.0;0.0
17;3900;ASH_COATED_OSMIUM;9981;11;9979;15;;;10000;15;10002;29;;;9991.0;0.0
17;3900;INTARIAN_PEPPER_ROOT;29993;8;29992;11;;;30007;9;30009;9;;;30000.5;0.0
17;4000;ASH_COATED_OSMIUM;9987;13;;;;;10005;15;;;;;9996.0;0.0
17;4000;INTARIAN_PEPPER_ROOT;29996;12;29994;11;;;30009;9;30012;9;;;30003.0;0.0
17;4100;ASH_COATED_OSMIUM;9987;25;9986;27;;;10003;4;10005;10;;;9995.5;0.0
17;4100;INTARIAN_PEPPER_ROOT;29995;15;29994;9;29993;8;30009;9;30010;7;30012;10;30002.5;0.0
17;4200;ASH_COATED_OSMIUM;9982;12;;;;;9998;15;;;;;9990.5;0.0
17;4200;INTARIAN_PEPPER_ROOT;29996;12;29994;18;;;30010;12;30013;10;;;30003.0;0.0
17;4300;ASH_COATED_OSMIUM;9982;12;9979;15;;;9998;29;10000;10;;;9990.0;0.0
17;4300;INTARIAN_PEPPER_ROOT;30001;11;29999;10;29998;10;30014;17;30015;23;30018;8;30008.0;0.0
17;4400;ASH_COATED_OSMIUM;9980;24;9977;30;;;9999;14;10000;23;;;9990.0;0.0
17;4400;INTARIAN_PEPPER_ROOT;29996;9;29993;20;;;30012;11;30013;8;;;30004.0;0.0
17;4500;ASH_COATED_OSMIUM;9982;26;9981;10;9979;29;9998;10;10000;11;10002;11;9990.5;0.0
17;4500;INTARIAN_PEPPER_ROOT;29992;9;;;;;30007;11;;;;;30000.0;0.0
17;4600;ASH_COATED_OSMIUM;9985;14;9984;10;;;10006;23;10007;12;;;9996.0;0.0
17;4600;INTARIAN_PEPPER_ROOT;29994;10;29991;10;29988;10;30006;10;30007;11;30010;11;30000.5;0.0
17;4700;ASH_COATED_OSMIUM;9981;13;;;;;10000;15;;;;;9990.5;0.0
17;4700;INTARIAN_PEPPER_ROOT;30004;9;;;;;30007;17;;;;;30006.0;0.0
17;4800;ASH_COATED_OSMIUM;9982;15;;;;;9998;13;;;;;9990.5;0.0
17;4800;INTARIAN_PEPPER_ROOT;29999;8;29996;8;;;30014;24;30015;9;;;30006.5;0.0
17;4900;ASH_COATED_OSMIUM;9983;11;;;;;9999;10;;;;;9991.0;0.0
17;4900;INTARIAN_PEPPER_ROOT;30001;10;29998;24;29995;25;30015;12;30016;15;30017;9;30008.5;0.0
17;5000;ASH_COATED_OSMIUM;9988;13;9985;10;9983;30;10004;12;10005;10;10008;15;9996.5;0.0
17;5000;INTARIAN_PEPPER_ROOT;29998;8;;;;;30012;8;;;;;30005.5;0.0
17;5100;ASH_COATED_OSMIUM;9988;15;9987;13;9985;15;10004;15;10005;13;10007;26;9996.0;0.0
17;5100;INTARIAN_PEPPER_ROOT;29998;12;;;;;30014;9;;;;;30006.0;0.0
17;5200;ASH_COATED_OSMIUM;9985;15;;;;;9995;13;;;;;9990.5;0.0
17;5200;INTARIAN_PEPPER_ROOT;29996;11;29993;8;;;30012;12;30013;12;;;30004.5;0.0
17;5300;ASH_COATED_OSMIUM;9982;13;9980;14;9978;13;9998;10;10001;15;10003;15;9990.5;0.0
17;5300;INTARIAN_PEPPER_ROOT;30002;18;;;;;30014;9;;;;;30008.5;0.0
17;5400;ASH_COATED_OSMIUM;9986;13;9983;11;;;10005;11;10006;13;;;9995.5;0.0
17;5400;INTARIAN_PEPPER_ROOT;29996;9;29993;10;;;30011;9;30013;12;;;30004.0;0.0
17;5500;ASH_COATED_OSMIUM;9981;10;9978;20;9977;14;9997;15;9999;12;10000;14;9989.5;0.0
17;5500;INTARIAN_PEPPER_ROOT;29997;10;;;;;30012;11;;;;;30004.5;0.0
17;5600;ASH_COATED_OSMIUM;9980;12;9978;11;;;9999;8;10002;14;;;9989.5;0.0
17;5600;INTARIAN_PEPPER_ROOT;29999;12;29998;12;29997;10;30011;9;30014;8;30016;9;30005.0;0.0
17;5700;ASH_COATED_OSMIUM;9981;14;9979;12;9976;10;9997;11;9999;11;10000;12;9989.5;0.0
17;5700;INTARIAN_PEPPER_ROOT;30000;15;29999;12;29997;11;30014;8;30017;11;30018;10;30007.0;0.0
17;5800;ASH_COATED_OSMIUM;9988;10;9985;14;;;9999;14;10001;14;;;9994.0;0.0
17;5800;INTARIAN_PEPPER_ROOT;30000;12;29999;10;;;30012;8;30014;9;;;30006.0;0.0
17;5900;ASH_COATED_OSMIUM;9986;29;9983;14;;;10002;10;10003;25;;;9994.5;0.0
17;5900;INTARIAN_PEPPER_ROOT;29999;11;;;;;30014;12;;;;;30007.0;0.0
17;6000;ASH_COATED_OSMIUM;9983;11;9982;24;9980;11;9993;14;9996;15;9997;12;9988.5;0.0
17;6000;INTARIAN_PEPPER_ROOT;29991;12;29989;12;;;30007;12;30008;9;;;29999.0;0.0
17;6100;ASH_COATED_OSMIUM;9984;11;9983;4;;;10003;28;10004;11;;;9994.0;0.0
17;6100;INTARIAN_PEPPER_ROOT;29998;12;29995;9;;;30013;11;30015;12;;;30006.0;0.0
17;6200;ASH_COATED_OSMIUM;9986;27;9985;20;;;10002;12;10005;11;;;9994.0;0.0
17;6200;INTARIAN_PEPPER_ROOT;29995;12;29993;16;;;30009;10;30012;25;;;30002.0;0.0
17;6300;ASH_COATED_OSMIUM;9978;12;9977;15;9975;15;9997;15;9999;15;10000;11;9988.0;0.0
17;6300;INTARIAN_PEPPER_ROOT;30000;11;29998;8;;;30012;12;30014;9;;;30006.0;0.0
17;6400;ASH_COATED_OSMIUM;9981;10;9979;10;;;9993;23;9996;12;;;9987.5;0.0
17;6400;INTARIAN_PEPPER_ROOT;30003;25;30002;12;30001;12;30015;11;30017;9;30019;9;30009.0;0.0
17;6500;ASH_COATED_OSMIUM;9988;21;9986;11;;;9997;26;10000;20;;;9993.0;0.0
17;6500;INTARIAN_PEPPER_ROOT;29998;12;29996;17;29995;10;30011;8;30012;8;30015;10;30005.0;0.0
17;6600;ASH_COATED_OSMIUM;9977;21;;;;;9998;14;;;;;9988.0;0.0
17;6600;INTARIAN_PEPPER_ROOT;30002;10;30000;9;29999;9;30016;12;30017;12;30018;22;30009.5;0.0
17;6700;ASH_COATED_OSMIUM;9979;28;;;;;9995;11;;;;;9987.5;0.0
17;6700;INTARIAN_PEPPER_ROOT;29997;8;;;;;30011;12;;;;;30004.5;0.0
17;6800;ASH_COATED_OSMIUM;9984;11;9983;10;;;10000;5;10001;13;;;9992.5;0.0
17;6800;INTARIAN_PEPPER_ROOT;30001;11;29999;9;29996;11;30014;9;30016;16;30019;15;30007.5;0.0
17;6900;ASH_COATED_OSMIUM;9985;11;9983;12;9980;13;10001;14;10002;11;10003;11;9993.0;0.0
17;6900;INTARIAN_PEPPER_ROOT;29999;12;29996;21;;;30016;10;30017;8;;;30008.0;0.0
17;7000;ASH_COATED_OSMIUM;9978;10;;;;;9997;10;;;;;9987.5;0.0
17;7000;INTARIAN_PEPPER_ROOT;29998;10;29996;25;29994;9;30012;10;30015;12;30018;9;30005.5;0.0
17;7100;ASH_COATED_OSMIUM;9985;23;9982;15;9979;15;10001;25;10003;13;10005;14;9993.5;0.0
17;7100;INTARIAN_PEPPER_ROOT;30002;10;;;;;30015;9;;;;;30009.0;0.0
17;7200;ASH_COATED_OSMIUM;9980;12;9978;12;;;9996;22;9998;12;;;9988.0;0.0
17;7200;INTARIAN_PEPPER_ROOT;30002;11;29999;8;;;30014;8;30017;23;;;30008.5;0.0
17;7300;ASH_COATED_OSMIUM;9985;13;;;;;10001;10;;;;;9993.5;0.0
17;7300;INTARIAN_PEPPER_ROOT;30000;23;;;;;30016;10;;;;;30008.5;0.0
17;7400;ASH_COATED_OSMIUM;9985;14;9982;14;9980;5;10003;22;10005;12;10006;10;9994.0;0.0
17;7400;INTARIAN_PEPPER_ROOT;30001;8;;;;;30015;8;;;;;30008.0;0.0
17;7500;ASH_COATED_OSMIUM;9981;15;9979;13;9978;11;9996;14;9997;13;9998;5;9989.0;0.0
17;7500;INTARIAN_PEPPER_ROOT;30005;20;30003;8;30002;9;30016;12;30017;12;30018;9;30010.5;0.0
17;7600;ASH_COATED_OSMIUM;9981;11;9979;12;;;9997;14;9998;12;;;9989.0;0.0
17;7600;INTARIAN_PEPPER_ROOT;30002;10;29999;11;;;30015;10;30017;12;;;30008.5;0.0
17;7700;ASH_COATED_OSMIUM;9981;2;9979;14;9978;29;9997;26;9998;10;10001;15;9989.5;0.0
17;7700;INTARIAN_PEPPER_ROOT;29999;10;29998;8;29996;25;30011;22;30014;8;30016;10;30005.5;0.0
17;7800;ASH_COATED_OSMIUM;9987;26;9986;14;;;10003;13;10004;15;;;9995.0;0.0
17;7800;INTARIAN_PEPPER_ROOT;30001;12;29999;8;;;30013;17;30014;10;;;30007.0;0.0
17;7900;ASH_COATED_OSMIUM;9987;23;;;;;10003;12;;;;;9995.0;0.0
17;7900;INTARIAN_PEPPER_ROOT;30003;17;30000;8;;;30015;23;30016;8;;;30009.5;0.0
17;8000;ASH_COATED_OSMIUM;9985;11;9984;12;;;10004;10;10007;25;;;9994.5;0.0
17;8000;INTARIAN_PEPPER_ROOT;30000;23;;;;;30016;21;;;;;30008.5;0.0
17;8100;ASH_COATED_OSMIUM;9985;10;9984;15;9981;10;10004;12;10005;14;10007;13;9995.0;0.0
17;8100;INTARIAN_PEPPER_ROOT;30001;8;29998;12;;;30013;8;30014;24;;;30007.5;0.0
17;8200;ASH_COATED_OSMIUM;9983;28;9981;12;;;9996;11;9999;11;;;9989.5;0.0
17;8200;INTARIAN_PEPPER_ROOT;30001;10;30000;11;29998;12;30015;12;30018;16;30019;8;30008.5;0.0
17;8300;ASH_COATED_OSMIUM;9981;15;;;;;9997;23;;;;;9989.5;0.0
17;8300;INTARIAN_PEPPER_ROOT;29998;10;29995;11;;;30012;11;30013;10;;;30005.0;0.0
17;8400;ASH_COATED_OSMIUM;9987;11;9986;10;;;10003;11;10004;27;;;9995.0;0.0
17;8400;INTARIAN_PEPPER_ROOT;30005;8;;;;;30019;9;;;;;30012.0;0.0
17;8500;ASH_COATED_OSMIUM;9990;14;;;;;9999;10;;;;;9995.0;0.0
17;8500;INTARIAN_PEPPER_ROOT;30000;11;29997;9;;;30012;8;30013;5;;;30006.0;0.0
17;8600;ASH_COATED_OSMIUM;9981;14;;;;;9997;13;;;;;9989.5;0.0
17;8600;INTARIAN_PEPPER_ROOT;30000;9;;;;;30014;24;;;;;30007.5;0.0
17;8700;ASH_COATED_OSMIUM;9985;10;9983;21;9980;10;10004;14;10005;14;10006;12;9994.5;0.0
17;8700;INTARIAN_PEPPER_ROOT;30000;11;29999;11;29996;12;30011;23;30013;10;30014;9;30006.0;0.0
17;8800;ASH_COATED_OSMIUM;9981;27;9978;15;;;9997;15;9999;10;;;9989.5;0.0
17;8800;INTARIAN_PEPPER_ROOT;30003;8;30001;18;;;30017;8;30019;12;;;30010.0;0.0
17;8900;ASH_COATED_OSMIUM;9981;12;9979;13;;;9999;14;10000;10;;;9990.0;0.0
17;8900;INTARIAN_PEPPER_ROOT;30000;11;;;;;30017;25;;;;;30009.0;0.0
17;9000;ASH_COATED_OSMIUM;9981;11;;;;;10000;11;;;;;9990.5;0.0
17;9000;INTARIAN_PEPPER_ROOT;30003;19;30001;8;;;30016;8;30019;8;;;30009.5;0.0
17;9100;ASH_COATED_OSMIUM;9988;15;;;;;10004;25;;;;;9996.0;0.0
17;9100;INTARIAN_PEPPER_ROOT;30002;12;;;;;30014;11;;;;;30008.5;0.0
17;9200;ASH_COATED_OSMIUM;9986;13;;;;;10005;30;;;;;9996.0;0.0
17;9200;INTARIAN_PEPPER_ROOT;30006;12;30005;9;30004;12;30017;10;30018;9;30019;10;30012.0;0.0
17;9300;ASH_COATED_OSMIUM;9981;11;;;;;9999;12;;;;;9990.5;0.0
17;9300;INTARIAN_PEPPER_ROOT;30012;16;;;;;30025;12;;;;;30019.0;0.0
17;9400;ASH_COATED_OSMIUM;9982;12;9979;14;9978;11;9998;20;10001;21;10004;13;9990.0;0.0
17;9400;INTARIAN_PEPPER_ROOT;30003;9;30000;9;;;30014;8;30016;5;;;30008.5;0.0
17;9500;ASH_COATED_OSMIUM;9980;12;;;;;9999;21;;;;;9989.5;0.0
17;9500;INTARIAN_PEPPER_ROOT;30012;9;;;;;30015;9;;;;;30013.5;0.0
17;9600;ASH_COATED_OSMIUM;9982;14;9980;22;9978;12;9998;28;9999;20;10002;14;9990.5;0.0
17;9600;INTARIAN_PEPPER_ROOT;30004;16;30003;8;30001;11;30017;10;30020;12;30021;9;30010.5;0.0
17;9700;ASH_COATED_OSMIUM;9987;11;9985;22;;;10003;11;10006;24;;;9995.5;0.0
17;9700;INTARIAN_PEPPER_ROOT;30007;8;30004;8;30001;8;30018;23;30019;8;30022;8;30013.0;0.0
17;9800;ASH_COATED_OSMIUM;9981;14;9980;10;9978;14;9999;15;10001;24;10003;29;9990.5;0.0
17;9800;INTARIAN_PEPPER_ROOT;30006;25;30003;8;30001;12;30019;9;30021;10;30023;9;30012.5;0.0
17;9900;ASH_COATED_OSMIUM;9983;14;9982;11;;;9999;15;10001;10;;;9991.5;0.0
17;9900;INTARIAN_PEPPER_ROOT;30005;9;30002;11;;;30019;11;30021;8;;;30012.0;0.0
17;10000;ASH_COATED_OSMIUM;9982;13;;;;;10000;12;;;;;9991.5;0.0
17;10000;INTARIAN_PEPPER_ROOT;29994;11;;;;;30014;11;;;;;30004.0;0.0
17;10100;ASH_COATED_OSMIUM;9983;10;;;;;10001;10;;;;;9992.0;0.0
17;10100;INTARIAN_PEPPER_ROOT;30004;10;30003;12;;;30015;10;30017;11;;;30010.0;0.0
17;10200;ASH_COATED_OSMIUM;9983;15;;;;;10002;12;;;;;9992.5;0.0
17;10200;INTARIAN_PEPPER_ROOT;30007;18;30006;9;30004;8;30019;10;30021;12;30023;12;30013.0;0.0
17;10300;ASH_COATED_OSMIUM;9988;11;9985;27;;;10006;25;10007;10;;;9997.5;0.0
17;10300;INTARIAN_PEPPER_ROOT;30004;11;30002;10;29999;8;30017;24;30020;8;30023;16;30011.0;0.0
17;10400;ASH_COATED_OSMIUM;9983;10;;;;;10001;14;;;;;9992.5;0.0
17;10400;INTARIAN_PEPPER_ROOT;30006;18;30004;12;;;30022;9;30023;11;;;30014.0;0.0
17;10500;ASH_COATED_OSMIUM;9988;13;9987;27;;;10004;12;10007;25;;;9996.5;0.0
17;10500;INTARIAN_PEPPER_ROOT;30004;10;;;;;30018;18;;;;;30011.5;0.0
17;10600;ASH_COATED_OSMIUM;9983;12;;;;;9999;25;;;;;9991.5;0.0
17;10600;INTARIAN_PEPPER_ROOT;30003;9;;;;;30015;11;;;;;30009.0;0.0
17;10700;ASH_COATED_OSMIUM;9989;14;;;;;10005;25;;;;;9997.0;0.0
17;10700;INTARIAN_PEPPER_ROOT;30006;8;;;;;30017;3;;;;;30012.0;0.0
17;10800;ASH_COATED_OSMIUM;9988;4;9985;11;9983;11;10004;10;10007;13;10010;15;9996.0;0.0
17;10800;INTARIAN_PEPPER_ROOT;30005;8;;;;;30018;8;;;;;30012.0;0.0
17;10900;ASH_COATED_OSMIUM;9986;11;9985;10;;;10005;23;10008;13;;;9996.0;0.0
17;10900;INTARIAN_PEPPER_ROOT;30006;11;30005;8;30004;8;30017;12;30020;10;30021;9;30011.5;0.0
17;11000;ASH_COATED_OSMIUM;9983;10;9981;22;9980;13;9999;14;10001;15;10003;15;9991.0;0.0
17;11000;INTARIAN_PEPPER_ROOT;30003;11;;;;;30014;10;;;;;30009.0;0.0
17;11100;ASH_COATED_OSMIUM;9986;15;;;;;9995;12;;;;;9991.0;0.0
17;11100;INTARIAN_PEPPER_ROOT;30006;22;;;;;30017;11;;;;;30012.0;0.0
17;11200;ASH_COATED_OSMIUM;9987;25;9986;3;9983;30;10005;12;10006;26;10009;15;9996.0;0.0
17;11200;INTARIAN_PEPPER_ROOT;30004;11;30001;10;;;30018;10;30020;19;;;30011.5;0.0
17;11300;ASH_COATED_OSMIUM;9985;11;9983;28;;;10006;12;10009;15;;;9996.0;0.0
17;11300;INTARIAN_PEPPER_ROOT;30002;18;;;;;30015;9;;;;;30008.5;0.0
17;11400;ASH_COATED_OSMIUM;9986;11;9984;23;;;10005;12;10007;11;;;9996.0;0.0
17;11400;INTARIAN_PEPPER_ROOT;30001;12;29999;23;29998;10;30012;8;30015;9;30017;8;30007.0;0.0
17;11500;ASH_COATED_OSMIUM;9983;14;9980;12;;;9999;13;10001;21;;;9991.0;0.0
17;11500;INTARIAN_PEPPER_ROOT;30000;10;29998;20;29995;8;30013;11;30016;10;30019;8;30006.5;0.0
17;11600;ASH_COATED_OSMIUM;9987;10;9986;14;9984;14;10003;13;10005;12;10008;10;9995.5;0.0
17;11600;INTARIAN_PEPPER_ROOT;30004;9;30001;22;;;30017;12;30019;8;;;30011.0;0.0
17;11700;ASH_COATED_OSMIUM;9986;15;;;;;10005;12;;;;;9995.5;0.0
17;11700;INTARIAN_PEPPER_ROOT;30006;11;30003;11;30002;11;30020;12;30021;8;30024;9;30013.5;0.0
17;11800;ASH_COATED_OSMIUM;9988;12;9986;14;;;10004;15;10006;14;;;9996.0;0.0
17;11800;INTARIAN_PEPPER_ROOT;30003;11;;;;;30015;9;;;;;30009.0;0.0
17;11900;ASH_COATED_OSMIUM;9987;15;9984;10;9983;12;10006;11;10009;13;10011;26;9996.5;0.0
17;11900;INTARIAN_PEPPER_ROOT;30007;8;30006;12;30003;9;30024;12;30026;10;30028;20;30016.0;0.0
17;12000;ASH_COATED_OSMIUM;9988;15;9987;10;;;10004;12;10007;12;;;9996.5;0.0
17;12000;INTARIAN_PEPPER_ROOT;30006;4;30003;9;30002;11;30017;9;30019;23;30020;11;30011.5;0.0
17;12100;ASH_COATED_OSMIUM;9988;28;9987;11;9986;2;10004;15;10006;12;10009;24;9996.5;0.0
17;12100;INTARIAN_PEPPER_ROOT;30006;8;30004;12;;;30018;8;30019;20;;;30012.5;0.0
17;12200;ASH_COATED_OSMIUM;9987;14;9984;13;;;10006;2;10007;23;;;9997.0;0.0
17;12200;INTARIAN_PEPPER_ROOT;30001;12;29998;9;;;30017;15;30019;10;;;30009.0;0.0
17;12300;ASH_COATED_OSMIUM;9984;13;;;;;10000;15;;;;;9992.0;0.0
17;12300;INTARIAN_PEPPER_ROOT;30005;11;30004;10;;;30022;10;30023;9;;;30013.5;0.0
17;12400;ASH_COATED_OSMIUM;9990;15;;;;;10006;14;;;;;9998.0;0.0
17;12400;INTARIAN_PEPPER_ROOT;30007;6;30004;12;;;30021;12;30022;22;;;30014.5;0.0
17;12500;ASH_COATED_OSMIUM;9989;10;9986;28;;;10005;13;10008;15;;;9997.5;0.0
17;12500;INTARIAN_PEPPER_ROOT;30006;12;30003;8;;;30022;11;30024;10;;;30014.5;0.0
17;12600;ASH_COATED_OSMIUM;9988;30;9987;11;9985;13;10006;12;10007;14;10008;12;9997.5;0.0
17;12600;INTARIAN_PEPPER_ROOT;30004;8;30002;8;;;30020;9;30023;12;;;30012.5;0.0
17;12700;ASH_COATED_OSMIUM;9989;12;9987;20;;;9995;13;9997;14;;;9992.0;0.0
17;12700;INTARIAN_PEPPER_ROOT;30009;17;30006;11;30004;10;30023;8;30024;23;30027;9;30016.0;0.0
17;12800;ASH_COATED_OSMIUM;9984;14;9983;14;;;10000;2;10001;14;;;9992.0;0.0
17;12800;INTARIAN_PEPPER_ROOT;30011;12;30009;10;;;30023;12;30024;9;;;30017.0;0.0
17;12900;ASH_COATED_OSMIUM;9989;12;;;;;10005;20;;;;;9997.0;0.0
17;12900;INTARIAN_PEPPER_ROOT;30006;9;30004;9;;;30020;8;30022;15;;;30013.0;0.0
17;13000;ASH_COATED_OSMIUM;9982;15;;;;;10000;15;;;;;9991.5;0.0
17;13000;INTARIAN_PEPPER_ROOT;30006;16;30004;9;;;30020;8;30022;12;;;30013.0;0.0
17;13100;ASH_COATED_OSMIUM;9987;15;9984;28;9983;15;10006;14;10009;12;10012;11;9996.5;0.0
17;13100;INTARIAN_PEPPER_ROOT;30006;11;30003;11;;;30019;11;30021;9;;;30012.5;0.0
17;13200;ASH_COATED_OSMIUM;9987;11;;;;;10005;13;;;;;9996.0;0.0
17;13200;INTARIAN_PEPPER_ROOT;30006;11;;;;;30020;12;;;;;30013.0;0.0
17;13300;ASH_COATED_OSMIUM;9986;5;;;;;10005;10;;;;;9996.0;0.0
17;13300;INTARIAN_PEPPER_ROOT;30007;11;;;;;30020;16;;;;;30014.0;0.0
17;13400;ASH_COATED_OSMIUM;9987;13;9985;11;;;10006;15;10007;10;;;9996.5;0.0
17;13400;INTARIAN_PEPPER_ROOT;30009;12;;;;;30022;10;;;;;30016.0;0.0
17;13500;ASH_COATED_OSMIUM;9987;14;9985;20;;;10005;10;10007;10;;;9996.0;0.0
17;13500;INTARIAN_PEPPER_ROOT;30004;9;;;;;30017;10;;;;;30011.0;0.0
17;13600;ASH_COATED_OSMIUM;9988;14;9986;11;;;10004;13;10005;13;;;9996.0;0.0
17;13600;INTARIAN_PEPPER_ROOT;30006;10;30005;21;;;30018;11;30021;12;;;30012.0;0.0
17;13700;ASH_COATED_OSMIUM;9986;13;9985;14;;;10005;10;10006;12;;;9996.0;0.0
17;13700;INTARIAN_PEPPER_ROOT;30008;9;30005;12;30004;10;30020;9;30022;12;30025;8;30014.0;0.0
17;13800;ASH_COATED_OSMIUM;9983;11;9980;10;9977;13;9999;29;10000;4;10002;15;9991.0;0.0
17;13800;INTARIAN_PEPPER_ROOT;30001;15;;;;;30017;11;;;;;30009.5;0.0
17;13900;ASH_COATED_OSMIUM;9988;29;9987;12;;;10004;13;10006;14;;;9996.0;0.0
17;13900;INTARIAN_PEPPER_ROOT;30005;9;30003;9;30001;11;30018;11;30020;12;30023;11;30012.0;0.0
17;14000;ASH_COATED_OSMIUM;9988;14;;;;;10004;10;;;;;9996.5;0.0
17;14000;INTARIAN_PEPPER_ROOT;30002;9;29999;23;;;30017;8;30018;9;;;30010.0;0.0
17;14100;ASH_COATED_OSMIUM;9983;10;;;;;9999;12;;;;;9991.5;0.0
17;14100;INTARIAN_PEPPER_ROOT;30006;8;30005;8;30003;12;30022;9;30023;8;30024;11;30014.0;0.0
17;14200;ASH_COATED_OSMIUM;9989;14;9986;11;;;10005;12;10008;27;;;9997.5;0.0
17;14200;INTARIAN_PEPPER_ROOT;30006;15;30004;11;;;30020;11;30022;11;;;30013.5;0.0
17;14300;ASH_COATED_OSMIUM;9989;24;9988;10;;;10005;13;10008;11;;;9997.0;0.0
17;14300;INTARIAN_PEPPER_ROOT;30013;12;;;;;30028;11;;;;;30020.5;0.0
17;14400;ASH_COATED_OSMIUM;9981;13;9979;23;;;10002;11;10005;12;;;9991.5;0.0
17;14400;INTARIAN_PEPPER_ROOT;30006;8;;;;;30019;9;;;;;30012.5;0.0
17;14500;ASH_COATED_OSMIUM;9983;12;;;;;9999;15;;;;;9991.0;0.0
17;14500;INTARIAN_PEPPER_ROOT;30007;17;;;;;30022;12;;;;;30015.0;0.0
17;14600;ASH_COATED_OSMIUM;9988;12;9987;13;9984;11;10004;21;10007;25;10008;11;9996.5;0.0
17;14600;INTARIAN_PEPPER_ROOT;30005;8;30004;8;;;30017;22;30018;11;;;30011.0;0.0
17;14700;ASH_COATED_OSMIUM;9987;13;9986;10;;;10005;12;10007;29;;;9996.5;0.0
17;14700;INTARIAN_PEPPER_ROOT;30006;11;;;;;30019;12;;;;;30013.0;0.0
17;14800;ASH_COATED_OSMIUM;9988;10;9985;12;;;10004;13;10006;10;;;9996.5;0.0
17;14800;INTARIAN_PEPPER_ROOT;30004;22;;;;;30024;12;;;;;30014.5;0.0
17;14900;ASH_COATED_OSMIUM;9982;12;;;;;10001;11;;;;;9991.5;0.0
17;14900;INTARIAN_PEPPER_ROOT;30010;12;30009;10;30007;4;30022;17;30023;8;30024;19;30016.5;0.0
17;15000;ASH_COATED_OSMIUM;9982;11;9981;23;;;10000;13;10003;10;;;9991.5;0.0
17;15000;INTARIAN_PEPPER_ROOT;30014;25;30011;11;;;30025;11;30028;8;;;30019.5;0.0
17;15100;ASH_COATED_OSMIUM;9989;13;;;;;10002;24;;;;;9996.0;0.0
17;15100;INTARIAN_PEPPER_ROOT;30009;9;30008;9;;;30022;24;30024;8;;;30015.5;0.0
17;15200;ASH_COATED_OSMIUM;9981;12;9978;30;9977;11;10000;26;10002;30;10004;15;9991.0;0.0
17;15200;INTARIAN_PEPPER_ROOT;30008;8;30006;11;;;30020;17;30023;12;;;30014.0;0.0
17;15300;ASH_COATED_OSMIUM;9981;12;9978;11;;;10000;24;10002;13;;;9991.0;0.0
17;15300;INTARIAN_PEPPER_ROOT;30005;18;;;;;30021;12;;;;;30013.5;0.0
17;15400;ASH_COATED_OSMIUM;9988;14;9986;15;;;10004;10;10007;11;;;9996.0;0.0
17;15400;INTARIAN_PEPPER_ROOT;30010;9;;;;;30025;12;;;;;30017.5;0.0
17;15500;ASH_COATED_OSMIUM;9981;13;;;;;10000;11;;;;;9991.0;0.0
17;15500;INTARIAN_PEPPER_ROOT;30010;12;30007;12;;;30025;8;30027;8;;;30017.5;0.0
17;15600;ASH_COATED_OSMIUM;9988;10;9986;12;9983;15;10004;13;10005;29;10007;13;9996.0;0.0
17;15600;INTARIAN_PEPPER_ROOT;30008;16;30007;8;30006;12;30021;8;30024;12;30027;9;30014.5;0.0
17;15700;ASH_COATED_OSMIUM;9983;12;;;;;9999;13;;;;;9991.5;0.0
17;15700;INTARIAN_PEPPER_ROOT;30012;10;30010;11;;;30024;9;30027;5;;;30018.0;0.0
17;15800;ASH_COATED_OSMIUM;9988;12;;;;;10004;12;;;;;9996.5;0.0
17;15800;INTARIAN_PEPPER_ROOT;30011;8;30009;9;;;30024;11;30026;11;;;30017.5;0.0
17;15900;ASH_COATED_OSMIUM;9983;13;9982;11;;;9999;14;10002;14;;;9991.5;0.0
17;15900;INTARIAN_PEPPER_ROOT;30009;11;;;;;30025;23;;;;;30017.0;0.0
17;16000;ASH_COATED_OSMIUM;9986;29;9985;10;;;9996;5;9997;3;;;9991.0;0.0
17;16000;INTARIAN_PEPPER_ROOT;30011;12;;;;;30025;8;;;;;30018.5;0.0
17;16100;ASH_COATED_OSMIUM;9987;24;;;;;10006;11;;;;;9996.5;0.0
17;16100;INTARIAN_PEPPER_ROOT;30007;5;30005;8;;;30019;21;30020;10;;;30013.0;0.0
17;16200;ASH_COATED_OSMIUM;9983;12;;;;;9999;12;;;;;9991.0;0.0
17;16200;INTARIAN_PEPPER_ROOT;30011;10;30010;21;30009;8;30024;9;30027;10;30030;20;30017.5;0.0
17;16300;ASH_COATED_OSMIUM;9988;10;;;;;10004;23;;;;;9996.0;0.0
17;16300;INTARIAN_PEPPER_ROOT;30002;12;30000;9;29999;8;30017;11;30018;23;30019;12;30010.0;0.0
17;16400;ASH_COATED_OSMIUM;9981;15;;;;;10000;11;;;;;9990.5;0.0
17;16400;INTARIAN_PEPPER_ROOT;30008;11;;;;;30021;22;;;;;30014.5;0.0
17;16500;ASH_COATED_OSMIUM;9983;15;;;;;9999;14;;;;;9991.0;0.0
17;16500;INTARIAN_PEPPER_ROOT;30009;8;30007;11;;;30022;11;30025;12;;;30015.5;0.0
17;16600;ASH_COATED_OSMIUM;9983;4;9980;12;;;9999;10;10000;10;;;9991.0;0.0
17;16600;INTARIAN_PEPPER_ROOT;30009;12;30007;9;30005;9;30023;8;30026;11;30028;11;30016.0;0.0
17;16700;ASH_COATED_OSMIUM;9983;27;9981;13;;;9999;24;10002;11;;;9991.0;0.0
17;16700;INTARIAN_PEPPER_ROOT;30010;8;30008;9;;;30025;8;30027;10;;;30018.0;0.0
17;16800;ASH_COATED_OSMIUM;9982;15;9979;13;9977;13;9998;10;9999;11;10002;10;9990.5;0.0
17;16800;INTARIAN_PEPPER_ROOT;30013;10;;;;;30026;9;;;;;30019.5;0.0
17;16900;ASH_COATED_OSMIUM;9982;8;9981;13;;;9998;22;10000;11;;;9990.5;0.0
17;16900;INTARIAN_PEPPER_ROOT;30008;12;30007;12;30006;8;30021;12;30022;10;30023;10;30015.0;0.0
17;17000;ASH_COATED_OSMIUM;9982;12;9980;22;9978;12;9998;24;9999;27;10002;15;9990.0;0.0
17;17000;INTARIAN_PEPPER_ROOT;30007;17;30006;11;;;30021;8;30024;12;;;30014.5;0.0
17;17100;ASH_COATED_OSMIUM;9982;10;;;;;9998;11;;;;;9990.0;0.0
17;17100;INTARIAN_PEPPER_ROOT;30012;9;30010;8;30009;10;30024;12;30025;24;30028;11;30018.5;0.0
17;17200;ASH_COATED_OSMIUM;9982;24;9981;12;;;9998;15;10001;25;;;9990.0;0.0
17;17200;INTARIAN_PEPPER_ROOT;30007;8;;;;;30020;23;;;;;30013.5;0.0
17;17300;ASH_COATED_OSMIUM;9982;13;;;;;9998;11;;;;;9990.0;0.0
17;17300;INTARIAN_PEPPER_ROOT;30011;24;30009;20;;;30027;12;30029;22;;;30019.0;0.0
17;17400;ASH_COATED_OSMIUM;9991;13;9990;24;;;10000;10;10002;14;;;9995.5;0.0
17;17400;INTARIAN_PEPPER_ROOT;30013;16;;;;;30026;10;;;;;30020.0;0.0
17;17500;ASH_COATED_OSMIUM;9986;11;;;;;10005;15;;;;;9996.0;0.0
17;17500;INTARIAN_PEPPER_ROOT;30013;21;30011;9;30010;22;30016;20;30017;8;30020;11;30015.0;0.0
17;17600;ASH_COATED_OSMIUM;9982;15;9981;15;9980;11;9998;15;10001;11;10003;11;9990.5;0.0
17;17600;INTARIAN_PEPPER_ROOT;30012;9;;;;;30024;8;;;;;30018.5;0.0
17;17700;ASH_COATED_OSMIUM;9987;12;9984;22;9982;10;10003;10;10006;13;10008;29;9995.5;0.0
17;17700;INTARIAN_PEPPER_ROOT;30010;8;30008;10;;;30026;8;30027;9;;;30018.5;0.0
17;17800;ASH_COATED_OSMIUM;9987;13;9986;13;9985;15;10003;29;10006;12;10008;11;9995.5;0.0
17;17800;INTARIAN_PEPPER_ROOT;30012;9;30011;8;;;30024;10;30026;12;;;30018.0;0.0
17;17900;ASH_COATED_OSMIUM;9981;14;9980;15;9977;13;9999;13;10002;15;10003;13;9990.0;0.0
17;17900;INTARIAN_PEPPER_ROOT;30009;8;;;;;30022;10;;;;;30016.0;0.0
17;18000;ASH_COATED_OSMIUM;9987;11;9985;13;;;10003;12;10006;15;;;9995.5;0.0
17;18000;INTARIAN_PEPPER_ROOT;30015;8;;;;;30029;8;;;;;30022.0;0.0
17;18100;ASH_COATED_OSMIUM;9982;14;9981;15;9978;14;9998;10;10001;12;10002;13;9990.0;0.0
17;18100;INTARIAN_PEPPER_ROOT;30012;12;;;;;30025;10;;;;;30018.5;0.0
17;18200;ASH_COATED_OSMIUM;9981;26;9978;14;;;10000;11;10003;12;;;9990.5;0.0
17;18200;INTARIAN_PEPPER_ROOT;30012;12;;;;;30025;12;;;;;30018.5;0.0
17;18300;ASH_COATED_OSMIUM;9982;10;;;;;9998;11;;;;;9990.0;0.0
17;18300;INTARIAN_PEPPER_ROOT;30011;10;;;;;30027;10;;;;;30019.5;0.0
17;18400;ASH_COATED_OSMIUM;9982;12;;;;;9998;11;;;;;9990.5;0.0
17;18400;INTARIAN_PEPPER_ROOT;30012;8;30009;9;;;30025;10;30027;11;;;30018.5;0.0
17;18500;ASH_COATED_OSMIUM;9987;10;;;;;10005;11;;;;;9996.0;0.0
17;18500;INTARIAN_PEPPER_ROOT;30010;25;30007;12;;;30023;9;30024;10;;;30017.0;0.0
17;18600;ASH_COATED_OSMIUM;9986;10;9985;15;;;10005;7;10007;15;;;9996.0;0.0
17;18600;INTARIAN_PEPPER_ROOT;30016;11;30015;9;;;30027;8;30028;9;;;30021.5;0.0
17;18700;ASH_COATED_OSMIUM;9986;11;9984;12;9981;30;10005;15;10006;20;10007;10;9995.5;0.0
17;18700;INTARIAN_PEPPER_ROOT;30013;22;30010;11;;;30026;9;30029;11;;;30019.5;0.0
17;18800;ASH_COATED_OSMIUM;9986;12;9984;5;;;10005;14;10008;15;;;9995.5;0.0
17;18800;INTARIAN_PEPPER_ROOT;30013;10;;;;;30026;12;;;;;30019.5;0.0
17;18900;ASH_COATED_OSMIUM;9987;25;9984;15;;;10003;10;10006;11;;;9995.0;0.0
17;18900;INTARIAN_PEPPER_ROOT;30013;12;30010;10;;;30026;12;30028;9;;;30020.0;0.0
17;19000;ASH_COATED_OSMIUM;9986;12;9985;14;;;10002;14;10004;12;;;9994.5;0.0
17;19000;INTARIAN_PEPPER_ROOT;30013;11;30010;23;30008;9;30025;11;30028;10;30031;9;30019.5;0.0
17;19100;ASH_COATED_OSMIUM;9987;21;;;;;10003;10;;;;;9995.0;0.0
17;19100;INTARIAN_PEPPER_ROOT;30018;10;30015;11;;;30020;12;30021;11;;;30019.5;0.0
17;19200;ASH_COATED_OSMIUM;9980;23;9979;21;;;9998;12;10001;11;;;9989.5;0.0
17;19200;INTARIAN_PEPPER_ROOT;30012;9;30009;10;;;30026;12;30028;8;;;30019.0;0.0
17;19300;ASH_COATED_OSMIUM;9987;15;9986;12;;;10003;10;10004;12;;;9995.0;0.0
17;19300;INTARIAN_PEPPER_ROOT;30014;20;;;;;30026;12;;;;;30020.5;0.0
17;19400;ASH_COATED_OSMIUM;9980;14;9978;11;9975;14;9998;13;9999;12;10001;15;9989.5;0.0
17;19400;INTARIAN_PEPPER_ROOT;30013;8;30012;12;30009;8;30027;9;30030;8;30032;9;30020.0;0.0
17;19500;ASH_COATED_OSMIUM;9980;20;9977;14;9974;15;9999;12;10002;14;10003;30;9989.5;0.0
17;19500;INTARIAN_PEPPER_ROOT;30020;12;30017;9;30015;10;30023;10;30024;10;30027;12;30022.0;0.0
17;19600;ASH_COATED_OSMIUM;9980;11;;;;;9996;10;;;;;9988.5;0.0
17;19600;INTARIAN_PEPPER_ROOT;30014;12;;;;;30028;12;;;;;30021.0;0.0
17;19700;ASH_COATED_OSMIUM;9980;12;;;;;9996;13;;;;;9988.5;0.0
17;19700;INTARIAN_PEPPER_ROOT;30010;11;;;;;30029;24;;;;;30019.5;0.0
17;19800;ASH_COATED_OSMIUM;9984;13;;;;;9990;13;;;;;9987.5;0.0
17;19800;INTARIAN_PEPPER_ROOT;30008;9;30006;9;30003;9;30024;10;30027;9;30030;9;30016.5;0.0
17;19900;ASH_COATED_OSMIUM;9980;4;;;;;9996;15;;;;;9988.0;0.0
17;19900;INTARIAN_PEPPER_ROOT;30012;11;30010;21;;;30029;11;30032;9;;;30020.5;0.0
17;20000;ASH_COATED_OSMIUM;9983;20;9982;10;;;10002;15;10004;12;;;9993.0;0.0
17;20000;INTARIAN_PEPPER_ROOT;30012;12;;;;;30024;8;;;;;30018.5;0.0
17;20100;ASH_COATED_OSMIUM;9985;14;9982;15;9981;15;10001;10;10002;14;10005;14;9993.5;0.0
17;20100;INTARIAN_PEPPER_ROOT;30015;12;30012;8;;;30029;10;30030;12;;;30022.5;0.0
17;20200;ASH_COATED_OSMIUM;9985;10;;;;;10001;12;;;;;9993.5;0.0
17;20200;INTARIAN_PEPPER_ROOT;30013;10;30010;12;;;30024;8;30026;4;;;30018.5;0.0
17;20300;ASH_COATED_OSMIUM;9986;14;;;;;10002;11;;;;;9994.0;0.0
17;20300;INTARIAN_PEPPER_ROOT;30015;9;30013;11;30012;9;30029;9;30030;17;30032;12;30022.0;0.0
17;20400;ASH_COATED_OSMIUM;9985;14;9982;13;;;10001;11;10003;10;;;9993.5;0.0
17;20400;INTARIAN_PEPPER_ROOT;30013;9;30011;8;30008;12;30029;9;30030;11;30033;9;30021.0;0.0
17;20500;ASH_COATED_OSMIUM;9985;10;9983;13;;;10001;12;10004;14;;;9993.5;0.0
17;20500;INTARIAN_PEPPER_ROOT;30009;9;30006;11;30004;9;30024;17;30025;10;30027;11;30017.0;0.0
17;20600;ASH_COATED_OSMIUM;9985;14;9983;15;;;10001;20;10004;13;;;9993.5;0.0
17;20600;INTARIAN_PEPPER_ROOT;30013;9;30012;12;;;30029;9;30032;10;;;30021.5;0.0
17;20700;ASH_COATED_OSMIUM;9984;14;9982;11;;;10002;15;10005;13;;;9993.5;0.0
17;20700;INTARIAN_PEPPER_ROOT;30012;8;30009;8;;;30027;8;30028;9;;;30019.5;0.0
17;20800;ASH_COATED_OSMIUM;9980;10;9977;15;;;9996;22;9997;30;;;9988.0;0.0
17;20800;INTARIAN_PEPPER_ROOT;30013;8;30010;10;;;30030;12;30031;10;;;30022.0;0.0
17;20900;ASH_COATED_OSMIUM;9985;11;9984;12;9981;27;10001;13;10002;15;10003;12;9993.5;0.0
17;20900;INTARIAN_PEPPER_ROOT;30014;10;30013;10;;;30031;8;30033;5;;;30023.0;0.0
17;21000;ASH_COATED_OSMIUM;9989;23;;;;;9999;29;;;;;9994.0;0.0
17;21000;INTARIAN_PEPPER_ROOT;30012;8;30011;8;30008;9;30028;18;30030;12;30033;11;30020.0;0.0
17;21100;ASH_COATED_OSMIUM;9981;14;;;;;9997;15;;;;;9989.0;0.0
17;21100;INTARIAN_PEPPER_ROOT;30016;11;30013;10;;;30029;11;30030;8;;;30022.5;0.0
17;21200;ASH_COATED_OSMIUM;9980;13;;;;;9996;14;;;;;9988.5;0.0
17;21200;INTARIAN_PEPPER_ROOT;30014;8;30011;9;;;30025;12;30027;10;;;30020.0;0.0
17;21300;ASH_COATED_OSMIUM;9979;13;9977;10;;;9997;14;9998;13;;;9988.0;0.0
17;21300;INTARIAN_PEPPER_ROOT;30015;8;;;;;30027;11;;;;;30021.0;0.0
17;21400;ASH_COATED_OSMIUM;9985;14;9982;22;9980;12;10001;28;10004;27;10007;27;9993.0;0.0
17;21400;INTARIAN_PEPPER_ROOT;30016;8;30013;11;;;30029;10;30030;10;;;30022.5;0.0
17;21500;ASH_COATED_OSMIUM;9983;25;9980;11;;;10002;11;10003;24;;;9993.0;0.0
17;21500;INTARIAN_PEPPER_ROOT;30011;8;30009;10;30006;25;30024;24;30026;11;30027;8;30017.5;0.0
17;21600;ASH_COATED_OSMIUM;9979;29;9977;13;;;9995;15;9998;14;;;9987.5;0.0
17;21600;INTARIAN_PEPPER_ROOT;30018;24;;;;;30030;12;;;;;30024.0;0.0
17;21700;ASH_COATED_OSMIUM;9985;21;9984;27;9983;24;10001;10;10002;11;10005;25;9993.0;0.0
17;21700;INTARIAN_PEPPER_ROOT;30022;9;30021;10;;;30025;11;30027;12;;;30024.0;0.0
17;21800;ASH_COATED_OSMIUM;9978;10;;;;;9996;10;;;;;9987.5;0.0
17;21800;INTARIAN_PEPPER_ROOT;30016;8;;;;;30028;10;;;;;30022.0;0.0
17;21900;ASH_COATED_OSMIUM;9983;10;9981;15;9979;28;9993;13;9996;14;9998;11;9988.5;0.0
17;21900;INTARIAN_PEPPER_ROOT;30018;10;30016;10;;;30029;8;30032;11;;;30023.5;0.0
17;22000;ASH_COATED_OSMIUM;9980;28;;;;;9996;26;;;;;9988.5;0.0
17;22000;INTARIAN_PEPPER_ROOT;30012;8;;;;;30029;9;;;;;30020.5;0.0
17;22100;ASH_COATED_OSMIUM;9982;11;9980;11;9978;23;9998;12;9999;10;10001;12;9990.0;0.0
17;22100;INTARIAN_PEPPER_ROOT;30012;8;;;;;30023;11;;;;;30017.5;0.0
17;22200;ASH_COATED_OSMIUM;9981;13;9980;11;9977;13;9999;15;10000;12;10003;10;9990.0;0.0
17;22200;INTARIAN_PEPPER_ROOT;30019;11;30016;8;30013;10;30035;21;30036;8;30039;10;30027.0;0.0
17;22300;ASH_COATED_OSMIUM;9987;13;9984;14;9983;28;10003;20;10006;12;10007;11;9995.0;0.0
17;22300;INTARIAN_PEPPER_ROOT;30015;8;30013;12;30011;10;30030;21;30031;9;30033;21;30023.0;0.0
17;22400;ASH_COATED_OSMIUM;9986;11;;;;;10004;10;;;;;9995.0;0.0
17;22400;INTARIAN_PEPPER_ROOT;30015;21;30012;10;30011;11;30026;10;30029;11;30030;9;30020.5;0.0
17;22500;ASH_COATED_OSMIUM;9982;13;9981;22;9979;14;9998;12;10000;11;10003;11;9990.0;0.0
17;22500;INTARIAN_PEPPER_ROOT;30015;8;;;;;30029;10;;;;;30022.5;0.0
17;22600;ASH_COATED_OSMIUM;9985;15;;;;;10004;15;;;;;9994.5;0.0
17;22600;INTARIAN_PEPPER_ROOT;30016;10;30013;8;30012;12;30027;11;30029;11;30031;11;30022.0;0.0
17;22700;ASH_COATED_OSMIUM;9987;13;;;;;10003;14;;;;;9995.0;0.0
17;22700;INTARIAN_PEPPER_ROOT;30014;11;30013;23;30010;10;30028;9;30030;12;30032;21;30021.0;0.0
17;22800;ASH_COATED_OSMIUM;9987;12;;;;;9993;14;;;;;9990.0;0.0
17;22800;INTARIAN_PEPPER_ROOT;30016;21;30013;9;;;30029;12;30031;8;;;30022.5;0.0
17;22900;ASH_COATED_OSMIUM;9987;2;9985;29;;;10003;20;10004;30;;;9995.0;0.0
17;22900;INTARIAN_PEPPER_ROOT;30015;10;30013;8;;;30026;11;30029;10;;;30021.0;0.0
17;23000;ASH_COATED_OSMIUM;9993;12;;;;;9998;10;;;;;9995.5;0.0
17;23000;INTARIAN_PEPPER_ROOT;30015;9;30013;10;;;30028;22;30031;10;;;30022.0;0.0
17;23100;ASH_COATED_OSMIUM;9987;2;;;;;10005;28;;;;;9996.5;0.0
17;23100;INTARIAN_PEPPER_ROOT;30013;8;;;;;30027;12;;;;;30020.5;0.0
17;23200;ASH_COATED_OSMIUM;9983;14;9981;11;;;9999;13;10002;14;;;9991.0;0.0
17;23200;INTARIAN_PEPPER_ROOT;30014;24;;;;;30030;12;;;;;30022.0;0.0
17;23300;ASH_COATED_OSMIUM;9988;13;9986;14;;;10004;14;10007;11;;;9996.0;0.0
17;23300;INTARIAN_PEPPER_ROOT;30017;10;30016;8;;;30029;12;30031;10;;;30023.0;0.0
17;23400;ASH_COATED_OSMIUM;9981;2;9980;10;;;9999;12;10000;21;;;9990.5;0.0
17;23400;INTARIAN_PEPPER_ROOT;30016;9;30015;11;;;30029;9;30032;11;;;30022.5;0.0
17;23500;ASH_COATED_OSMIUM;9987;11;9986;14;;;10003;25;10005;20;;;9995.0;0.0
17;23500;INTARIAN_PEPPER_ROOT;30016;11;30015;10;;;30030;9;30032;12;;;30023.0;0.0
17;23600;ASH_COATED_OSMIUM;9981;10;9978;13;9975;25;9998;20;10001;12;10003;12;9990.0;0.0
17;23600;INTARIAN_PEPPER_ROOT;30016;17;30013;11;30010;8;30029;12;30032;16;30034;9;30023.0;0.0
17;23700;ASH_COATED_OSMIUM;9986;11;9984;14;9983;9;10005;15;10008;11;10011;11;9996.0;0.0
17;23700;INTARIAN_PEPPER_ROOT;30015;11;30013;9;;;30029;8;30031;3;;;30022.0;0.0
17;23800;ASH_COATED_OSMIUM;9982;14;9979;13;;;9998;12;10000;15;;;9990.5;0.0
17;23800;INTARIAN_PEPPER_ROOT;30016;8;30015;10;30013;16;30032;23;30033;9;30034;9;30024.5;0.0
17;23900;ASH_COATED_OSMIUM;9987;14;9984;11;9981;15;10003;13;10006;11;10007;14;9995.0;0.0
17;23900;INTARIAN_PEPPER_ROOT;30019;12;30017;9;;;30031;3;30033;8;;;30025.5;0.0
17;24000;ASH_COATED_OSMIUM;9982;15;9981;30;;;9998;9;10001;15;;;9990.0;0.0
17;24000;INTARIAN_PEPPER_ROOT;30022;10;30020;11;;;30030;9;30032;9;;;30026.5;0.0
17;24100;ASH_COATED_OSMIUM;9982;11;;;;;9998;14;;;;;9990.0;0.0
17;24100;INTARIAN_PEPPER_ROOT;30017;8;30016;10;;;30030;11;30033;9;;;30024.0;0.0
17;24200;ASH_COATED_OSMIUM;9981;26;9978;13;;;9997;11;10000;10;;;9989.5;0.0
17;24200;INTARIAN_PEPPER_ROOT;30019;8;;;;;30032;10;;;;;30025.5;0.0
17;24300;ASH_COATED_OSMIUM;9981;12;9979;21;9977;14;9997;22;9998;7;10001;21;9989.0;0.0
17;24300;INTARIAN_PEPPER_ROOT;30017;24;30015;11;;;30030;9;30032;12;;;30023.5;0.0
17;24400;ASH_COATED_OSMIUM;9987;15;9984;11;;;10003;11;10006;10;;;9995.0;0.0
17;24400;INTARIAN_PEPPER_ROOT;30017;9;30015;10;30013;8;30031;8;30033;8;30035;9;30024.5;0.0
17;24500;ASH_COATED_OSMIUM;9984;24;9981;13;9978;3;9994;10;9996;10;9997;11;9989.0;0.0
17;24500;INTARIAN_PEPPER_ROOT;30018;8;30016;17;30015;10;30030;7;30031;12;30033;10;30024.0;0.0
17;24600;ASH_COATED_OSMIUM;9987;13;;;;;10003;12;;;;;9995.0;0.0
17;24600;INTARIAN_PEPPER_ROOT;30018;12;30017;9;30015;9;30030;10;30031;20;30032;10;30024.0;0.0
17;24700;ASH_COATED_OSMIUM;9985;14;9982;11;9979;13;10004;11;10006;28;10009;15;9995.0;0.0
17;24700;INTARIAN_PEPPER_ROOT;30013;10;;;;;30028;8;;;;;30020.5;0.0
17;24800;ASH_COATED_OSMIUM;9985;12;9982;15;;;9995;15;9997;13;;;9990.0;0.0
17;24800;INTARIAN_PEPPER_ROOT;30011;12;;;;;30025;12;;;;;30018.0;0.0
17;24900;ASH_COATED_OSMIUM;9982;13;9981;12;9980;13;9998;11;10001;15;10004;11;9990.0;0.0
17;24900;INTARIAN_PEPPER_ROOT;30026;8;30025;10;;;30034;11;30035;23;;;30030.0;0.0
17;25000;ASH_COATED_OSMIUM;9985;11;9983;15;;;10004;13;10005;14;;;9995.0;0.0
17;25000;INTARIAN_PEPPER_ROOT;30018;10;30016;23;;;30032;9;30033;17;;;30025.0;0.0
17;25100;ASH_COATED_OSMIUM;9987;15;9985;11;9984;13;10003;10;10006;14;10009;15;9995.5;0.0
17;25100;INTARIAN_PEPPER_ROOT;30016;12;;;;;30030;11;;;;;30023.0;0.0
17;25200;ASH_COATED_OSMIUM;9982;14;;;;;9998;20;;;;;9990.0;0.0
17;25200;INTARIAN_PEPPER_ROOT;30020;12;30017;9;30015;9;30033;8;30036;20;30039;10;30027.0;0.0
17;25300;ASH_COATED_OSMIUM;9986;14;9983;14;;;10005;12;10008;20;;;9995.5;0.0
17;25300;INTARIAN_PEPPER_ROOT;30020;25;30018;8;;;30031;8;30032;9;;;30026.0;0.0
17;25400;ASH_COATED_OSMIUM;9986;12;;;;;10005;15;;;;;9995.5;0.0
17;25400;INTARIAN_PEPPER_ROOT;30020;9;30017;8;30015;10;30033;12;30034;10;30035;12;30026.5;0.0
17;25500;ASH_COATED_OSMIUM;9987;15;9986;11;;;10003;14;10004;12;;;9995.5;0.0
17;25500;INTARIAN_PEPPER_ROOT;30020;8;30019;12;;;30034;8;30036;11;;;30027.0;0.0
17;25600;ASH_COATED_OSMIUM;9988;14;9987;13;;;10004;13;10006;15;;;9996.0;0.0
17;25600;INTARIAN_PEPPER_ROOT;30020;10;30017;9;30014;11;30033;8;30035;12;30037;12;30027.0;0.0
17;25700;ASH_COATED_OSMIUM;9991;15;9989;26;;;10001;13;10002;13;;;9996.0;0.0
17;25700;INTARIAN_PEPPER_ROOT;30022;10;30019;11;30018;20;30035;12;30038;8;30040;19;30028.5;0.0
17;25800;ASH_COATED_OSMIUM;9982;10;9980;24;9978;13;9998;10;10000;12;10003;13;9990.5;0.0
17;25800;INTARIAN_PEPPER_ROOT;30020;8;30019;9;;;30032;12;30035;12;;;30026.0;0.0
17;25900;ASH_COATED_OSMIUM;9982;14;;;;;9998;21;;;;;9990.5;0.0
17;25900;INTARIAN_PEPPER_ROOT;30023;12;30020;11;30018;9;30036;9;30038;8;30039;10;30029.5;0.0
17;26000;ASH_COATED_OSMIUM;9982;13;;;;;9998;22;;;;;9990.5;0.0
17;26000;INTARIAN_PEPPER_ROOT;30019;12;;;;;30031;10;;;;;30025.0;0.0
17;26100;ASH_COATED_OSMIUM;9982;12;9981;20;;;9998;24;10001;10;;;9990.5;0.0
17;26100;INTARIAN_PEPPER_ROOT;30018;18;30017;11;;;30033;12;30035;9;;;30026.0;0.0
17;26200;ASH_COATED_OSMIUM;9982;13;9980;11;9978;21;9998;14;10001;15;10003;13;9990.5;0.0
17;26200;INTARIAN_PEPPER_ROOT;30021;22;;;;;30034;10;;;;;30028.0;0.0
17;26300;ASH_COATED_OSMIUM;9980;10;9977;29;;;9999;13;10000;10;;;9990.0;0.0
17;26300;INTARIAN_PEPPER_ROOT;30020;21;;;;;30033;9;;;;;30026.5;0.0
17;26400;ASH_COATED_OSMIUM;9981;11;9980;13;;;9997;11;10000;15;;;9989.5;0.0
17;26400;INTARIAN_PEPPER_ROOT;30021;12;30020;12;30017;21;30037;9;30040;23;30042;8;30029.0;0.0
17;26500;ASH_COATED_OSMIUM;9981;13;9978;12;;;9997;12;9998;11;;;9989.0;0.0
17;26500;INTARIAN_PEPPER_ROOT;30020;10;;;;;30033;24;;;;;30026.5;0.0
17;26600;ASH_COATED_OSMIUM;9980;12;9979;14;9976;2;9996;29;9999;22;10002;11;9988.5;0.0
17;26600;INTARIAN_PEPPER_ROOT;30022;11;30020;11;;;30025;12;30028;8;;;30024.0;0.0
17;26700;ASH_COATED_OSMIUM;9981;30;9978;12;;;9997;14;10000;13;;;9989.0;0.0
17;26700;INTARIAN_PEPPER_ROOT;30023;9;30021;10;;;30037;8;30040;20;;;30030.0;0.0
17;26800;ASH_COATED_OSMIUM;9986;15;9984;12;9983;10;10002;11;10005;15;10007;14;9994.5;0.0
17;26800;INTARIAN_PEPPER_ROOT;30020;10;30018;9;30017;11;30031;22;30032;11;30033;7;30025.5;0.0
17;26900;ASH_COATED_OSMIUM;9987;14;9985;2;;;10003;11;10005;15;;;9995.0;0.0
17;26900;INTARIAN_PEPPER_ROOT;30018;10;;;;;30032;11;;;;;30025.5;0.0
17;27000;ASH_COATED_OSMIUM;9986;15;9983;14;;;10002;15;10003;22;;;9994.5;0.0
17;27000;INTARIAN_PEPPER_ROOT;30018;12;30015;5;;;30035;8;30038;8;;;30026.5;0.0
17;27100;ASH_COATED_OSMIUM;9984;11;9983;11;;;9994;14;9996;15;;;9989.0;0.0
17;27100;INTARIAN_PEPPER_ROOT;30020;12;30019;19;;;30033;11;30036;8;;;30026.5;0.0
17;27200;ASH_COATED_OSMIUM;9981;14;9980;5;9979;15;9997;10;10000;14;10002;10;9989.5;0.0
17;27200;INTARIAN_PEPPER_ROOT;30019;12;30016;9;;;30033;8;30034;10;;;30026.5;0.0
17;27300;ASH_COATED_OSMIUM;9987;25;;;;;10003;12;;;;;9995.0;0.0
17;27300;INTARIAN_PEPPER_ROOT;30019;10;30017;11;;;30033;8;30036;12;;;30026.0;0.0
17;27400;ASH_COATED_OSMIUM;9987;12;9986;13;;;10003;10;10006;12;;;9995.0;0.0
17;27400;INTARIAN_PEPPER_ROOT;30019;8;;;;;30033;9;;;;;30026.0;0.0
17;27500;ASH_COATED_OSMIUM;9981;13;;;;;9997;22;;;;;9989.5;0.0
17;27500;INTARIAN_PEPPER_ROOT;30019;12;;;;;30036;12;;;;;30028.0;0.0
17;27600;ASH_COATED_OSMIUM;9986;10;9985;13;9984;10;10002;13;10004;13;10005;13;9994.0;0.0
17;27600;INTARIAN_PEPPER_ROOT;30023;8;;;;;30037;12;;;;;30030.0;0.0
17;27700;ASH_COATED_OSMIUM;9981;15;9979;13;;;9997;12;9998;11;;;9989.0;0.0
17;27700;INTARIAN_PEPPER_ROOT;30023;11;30020;8;30019;9;30037;9;30039;9;30040;9;30030.5;0.0
17;27800;ASH_COATED_OSMIUM;9984;14;9981;15;;;9994;15;9995;11;;;9989.0;0.0
17;27800;INTARIAN_PEPPER_ROOT;30022;9;30021;8;30019;11;30035;11;30038;10;30039;11;30029.0;0.0
17;27900;ASH_COATED_OSMIUM;9983;11;;;;;9993;15;;;;;9988.5;0.0
17;27900;INTARIAN_PEPPER_ROOT;30024;12;30023;15;;;30035;8;30036;9;;;30029.5;0.0
17;28000;ASH_COATED_OSMIUM;9979;10;9978;12;;;9997;15;10000;12;;;9988.5;0.0
17;28000;INTARIAN_PEPPER_ROOT;30020;19;30019;20;;;30033;11;30035;17;;;30027.0;0.0
17;28100;ASH_COATED_OSMIUM;9985;20;9983;13;;;10001;13;10002;24;;;9993.5;0.0
17;28100;INTARIAN_PEPPER_ROOT;30021;11;30019;8;;;30038;10;30039;10;;;30030.0;0.0
17;28200;ASH_COATED_OSMIUM;9983;12;9981;14;9978;10;10004;14;10006;24;10009;12;9993.5;0.0
17;28200;INTARIAN_PEPPER_ROOT;30022;20;30021;19;;;30038;12;30039;9;;;30030.5;0.0
17;28300;ASH_COATED_OSMIUM;9980;14;9977;15;;;9996;20;9999;24;;;9988.0;0.0
17;28300;INTARIAN_PEPPER_ROOT;30021;19;30018;12;30017;10;30036;9;30039;12;30041;9;30028.5;0.0
17;28400;ASH_COATED_OSMIUM;9985;10;;;;;10001;15;;;;;9993.5;0.0
17;28400;INTARIAN_PEPPER_ROOT;30022;12;30020;9;;;30033;12;30034;10;;;30027.5;0.0
17;28500;ASH_COATED_OSMIUM;9979;3;9977;10;;;9995;10;9996;10;;;9987.5;0.0
17;28500;INTARIAN_PEPPER_ROOT;30022;23;;;;;30038;10;;;;;30030.5;0.0
17;28600;ASH_COATED_OSMIUM;9984;12;9983;11;;;10000;10;10001;15;;;9992.5;0.0
17;28600;INTARIAN_PEPPER_ROOT;30022;12;30020;12;30017;19;30034;12;30035;20;30038;12;30028.0;0.0
17;28700;ASH_COATED_OSMIUM;9978;11;;;;;9996;25;;;;;9987.0;0.0
17;28700;INTARIAN_PEPPER_ROOT;30019;11;;;;;30036;9;;;;;30027.5;0.0
17;28800;ASH_COATED_OSMIUM;9985;13;9982;11;;;10001;12;10004;26;;;9993.0;0.0
17;28800;INTARIAN_PEPPER_ROOT;30021;10;30018;12;;;30033;8;30036;9;;;30027.5;0.0
17;28900;ASH_COATED_OSMIUM;9986;15;9983;28;;;10002;13;10004;14;;;9994.0;0.0
17;28900;INTARIAN_PEPPER_ROOT;30026;8;;;;;30033;25;;;;;30030.0;0.0
17;29000;ASH_COATED_OSMIUM;9981;10;;;;;9997;10;;;;;9989.0;0.0
17;29000;INTARIAN_PEPPER_ROOT;30020;11;30019;16;;;30033;12;30034;9;;;30026.5;0.0
17;29100;ASH_COATED_OSMIUM;9986;13;9983;10;;;10002;24;10005;21;;;9994.0;0.0
17;29100;INTARIAN_PEPPER_ROOT;30023;8;30020;20;;;30038;12;30039;12;;;30031.0;0.0
17;29200;ASH_COATED_OSMIUM;9986;10;;;;;10002;10;;;;;9994.0;0.0
17;29200;INTARIAN_PEPPER_ROOT;30021;8;30020;12;30018;12;30034;11;30035;8;30037;12;30027.5;0.0
17;29300;ASH_COATED_OSMIUM;9986;13;9985;21;;;10002;10;10004;15;;;9994.5;0.0
17;29300;INTARIAN_PEPPER_ROOT;30022;10;30019;8;;;30035;9;30037;11;;;30028.5;0.0
17;29400;ASH_COATED_OSMIUM;9981;10;9979;15;9976;10;9997;15;10000;10;10001;13;9989.5;0.0
17;29400;INTARIAN_PEPPER_ROOT;30022;9;30019;9;30016;8;30034;11;30035;12;30037;15;30028.5;0.0
17;29500;ASH_COATED_OSMIUM;9985;11;9982;14;9979;30;10004;12;10006;10;10008;25;9994.5;0.0
17;29500;INTARIAN_PEPPER_ROOT;30022;12;30021;10;;;30038;12;30039;9;;;30030.5;0.0
17;29600;ASH_COATED_OSMIUM;9981;24;9978;10;9975;12;9997;11;10000;10;10002;22;9989.5;0.0
17;29600;INTARIAN_PEPPER_ROOT;30021;8;;;;;30034;11;;;;;30028.0;0.0
17;29700;ASH_COATED_OSMIUM;9979;15;;;;;10000;30;;;;;9989.5;0.0
17;29700;INTARIAN_PEPPER_ROOT;30023;11;30021;8;30020;8;30035;11;30036;9;30037;11;30029.0;0.0
17;29800;ASH_COATED_OSMIUM;9981;10;;;;;9997;15;;;;;9989.5;0.0
17;29800;INTARIAN_PEPPER_ROOT;30023;19;;;;;30040;8;;;;;30031.5;0.0
17;29900;ASH_COATED_OSMIUM;9986;13;9983;11;9982;14;10002;11;10004;13;10007;12;9994.5;0.0
17;29900;INTARIAN_PEPPER_ROOT;30021;11;30020;9;30018;11;30036;12;30037;10;30039;16;30028.5;0.0
17;30000;ASH_COATED_OSMIUM;9981;13;9979;26;;;9997;13;10000;13;;;9989.5;0.0
17;30000;INTARIAN_PEPPER_ROOT;30024;19;30023;11;;;30037;11;30039;10;;;30030.5;0.0
17;30100;ASH_COATED_OSMIUM;9982;13;;;;;9998;15;;;;;9990.0;0.0
17;30100;INTARIAN_PEPPER_ROOT;30023;16;;;;;30034;9;;;;;30029.0;0.0
17;30200;ASH_COATED_OSMIUM;9981;24;9978;14;9977;14;9997;10;9999;12;10001;11;9989.5;0.0
17;30200;INTARIAN_PEPPER_ROOT;30024;15;30021;10;;;30038;10;30041;8;;;30031.0;0.0
17;30300;ASH_COATED_OSMIUM;9980;15;9977;10;;;9996;14;9999;23;;;9988.0;0.0
17;30300;INTARIAN_PEPPER_ROOT;30022;10;;;;;30035;11;;;;;30028.5;0.0
17;30400;ASH_COATED_OSMIUM;9980;13;9979;11;;;9996;14;9999;15;;;9988.0;0.0
17;30400;INTARIAN_PEPPER_ROOT;30024;11;30022;9;;;30036;8;30039;11;;;30030.5;0.0
17;30500;ASH_COATED_OSMIUM;9980;24;9977;13;;;9996;12;9998;24;;;9988.0;0.0
17;30500;INTARIAN_PEPPER_ROOT;30020;8;;;;;30031;8;;;;;30026.0;0.0
17;30600;ASH_COATED_OSMIUM;9983;15;9980;14;9977;13;10002;12;10003;11;10006;27;9993.0;0.0
17;30600;INTARIAN_PEPPER_ROOT;30026;11;;;;;30038;16;;;;;30032.5;0.0
17;30700;ASH_COATED_OSMIUM;9984;25;9981;12;;;10002;11;10003;10;;;9993.5;0.0
17;30700;INTARIAN_PEPPER_ROOT;30024;9;30021;18;;;30039;10;30041;9;;;30032.0;0.0
17;30800;ASH_COATED_OSMIUM;9985;13;9984;10;9982;15;10001;26;10003;30;10006;15;9993.5;0.0
17;30800;INTARIAN_PEPPER_ROOT;30020;11;30017;12;30016;10;30034;18;30035;10;30036;8;30027.5;0.0
17;30900;ASH_COATED_OSMIUM;9986;15;;;;;10002;14;;;;;9994.0;0.0
17;30900;INTARIAN_PEPPER_ROOT;30023;11;30020;12;;;30035;10;30037;11;;;30029.0;0.0
17;31000;ASH_COATED_OSMIUM;9979;11;;;;;9997;10;;;;;9988.5;0.0
17;31000;INTARIAN_PEPPER_ROOT;30024;11;30023;11;;;30036;10;30039;10;;;30030.5;0.0
17;31100;ASH_COATED_OSMIUM;9980;12;;;;;9996;10;;;;;9988.5;0.0
17;31100;INTARIAN_PEPPER_ROOT;30025;12;30024;9;30022;10;30037;10;30039;8;30040;12;30031.5;0.0
17;31200;ASH_COATED_OSMIUM;9979;13;9978;10;;;9998;13;10001;14;;;9989.0;0.0
17;31200;INTARIAN_PEPPER_ROOT;30023;11;30021;8;30020;11;30040;9;30042;8;30045;11;30032.0;0.0
17;31300;ASH_COATED_OSMIUM;9978;10;9975;15;;;9997;12;10000;12;;;9988.0;0.0
17;31300;INTARIAN_PEPPER_ROOT;30023;12;30022;17;;;30038;9;30039;9;;;30030.5;0.0
17;31400;ASH_COATED_OSMIUM;9980;15;9977;13;9976;12;9996;4;9997;15;9998;10;9988.5;0.0
17;31400;INTARIAN_PEPPER_ROOT;30024;8;30021;12;30020;12;30036;10;30039;9;30042;9;30030.5;0.0
17;31500;ASH_COATED_OSMIUM;9981;14;9978;15;9977;13;9997;11;10000;11;10003;15;9989.0;0.0
17;31500;INTARIAN_PEPPER_ROOT;30027;15;30026;8;;;30040;8;30042;10;;;30034.0;0.0
17;31600;ASH_COATED_OSMIUM;9981;14;9979;26;;;9997;11;9999;12;;;9989.5;0.0
17;31600;INTARIAN_PEPPER_ROOT;30026;12;30023;10;;;30040;12;30041;12;;;30033.5;0.0
17;31700;ASH_COATED_OSMIUM;9979;15;;;;;10000;12;;;;;9989.5;0.0
17;31700;INTARIAN_PEPPER_ROOT;30021;8;30019;21;;;30036;8;30037;10;;;30029.0;0.0
17;31800;ASH_COATED_OSMIUM;9981;13;9978;13;9975;30;9997;27;10000;14;10001;10;9989.5;0.0
17;31800;INTARIAN_PEPPER_ROOT;30025;11;;;;;30037;9;;;;;30031.5;0.0
17;31900;ASH_COATED_OSMIUM;9980;14;9979;15;;;9998;14;10000;26;;;9989.5;0.0
17;31900;INTARIAN_PEPPER_ROOT;30028;15;30025;9;;;30041;10;30043;8;;;30034.5;0.0
17;32000;ASH_COATED_OSMIUM;9986;13;9984;30;;;10002;14;10005;13;;;9994.0;0.0
17;32000;INTARIAN_PEPPER_ROOT;30023;12;30022;10;30020;12;30036;9;30038;10;30040;11;30029.5;0.0
17;32100;ASH_COATED_OSMIUM;9986;13;;;;;10002;12;;;;;9994.0;0.0
17;32100;INTARIAN_PEPPER_ROOT;30024;11;30021;10;30019;22;30035;9;30038;8;30041;10;30030.0;0.0
17;32200;ASH_COATED_OSMIUM;9980;22;9978;14;9975;14;9996;13;9998;12;10001;14;9988.5;0.0
17;32200;INTARIAN_PEPPER_ROOT;30025;8;30024;11;30022;8;30041;9;30042;10;30045;8;30033.0;0.0
17;32300;ASH_COATED_OSMIUM;9983;14;9982;10;;;9993;15;9995;24;;;9988.0;0.0
17;32300;INTARIAN_PEPPER_ROOT;30024;9;30021;25;30018;8;30037;12;30038;9;30041;9;30030.5;0.0
17;32400;ASH_COATED_OSMIUM;9985;11;9982;15;;;10001;29;10004;13;;;9993.5;0.0
17;32400;INTARIAN_PEPPER_ROOT;30025;11;30023;8;;;30037;10;30039;25;;;30031.5;0.0
17;32500;ASH_COATED_OSMIUM;9984;5;;;;;10003;10;;;;;9993.5;0.0
17;32500;INTARIAN_PEPPER_ROOT;30029;9;;;;;30037;10;;;;;30033.0;0.0
17;32600;ASH_COATED_OSMIUM;9985;10;9983;15;;;10001;14;10003;11;;;9993.0;0.0
17;32600;INTARIAN_PEPPER_ROOT;30027;12;;;;;30043;11;;;;;30035.5;0.0
17;32700;ASH_COATED_OSMIUM;9984;5;9981;14;;;10002;10;10005;13;;;9993.5;0.0
17;32700;INTARIAN_PEPPER_ROOT;30031;10;30029;11;;;30043;12;30045;12;;;30037.5;0.0
17;32800;ASH_COATED_OSMIUM;9980;10;9978;15;9977;13;9996;15;9999;12;10002;14;9988.0;0.0
17;32800;INTARIAN_PEPPER_ROOT;30031;10;30030;7;;;30043;23;30044;12;;;30037.0;0.0
17;32900;ASH_COATED_OSMIUM;9980;15;;;;;9996;11;;;;;9988.0;0.0
17;32900;INTARIAN_PEPPER_ROOT;30025;11;;;;;30036;12;;;;;30030.5;0.0
17;33000;ASH_COATED_OSMIUM;9985;27;;;;;10001;10;;;;;9993.5;0.0
17;33000;INTARIAN_PEPPER_ROOT;30022;10;30019;8;30016;11;30038;23;30041;12;30043;12;30030.5;0.0
17;33100;ASH_COATED_OSMIUM;9978;13;9975;12;;;9997;13;10000;13;;;9988.0;0.0
17;33100;INTARIAN_PEPPER_ROOT;30031;11;30030;12;;;30038;24;30039;8;;;30035.0;0.0
17;33200;ASH_COATED_OSMIUM;9984;12;;;;;10002;28;;;;;9993.0;0.0
17;33200;INTARIAN_PEPPER_ROOT;30027;11;30026;9;;;30039;8;30040;10;;;30033.5;0.0
17;33300;ASH_COATED_OSMIUM;9978;11;9977;9;9976;13;9997;13;10000;11;10002;10;9988.0;0.0
17;33300;INTARIAN_PEPPER_ROOT;30026;12;30023;12;;;30040;8;30042;10;;;30033.5;0.0
17;33400;ASH_COATED_OSMIUM;9983;12;;;;;10002;25;;;;;9993.0;0.0
17;33400;INTARIAN_PEPPER_ROOT;30026;18;30024;9;30021;9;30041;22;30042;8;30045;8;30034.0;0.0
17;33500;ASH_COATED_OSMIUM;9979;13;9977;15;;;9995;13;9998;13;;;9987.5;0.0
17;33500;INTARIAN_PEPPER_ROOT;30028;12;30027;9;;;30042;10;30043;9;;;30035.5;0.0
17;33600;ASH_COATED_OSMIUM;9985;12;9984;14;9983;15;10001;4;10004;15;10007;10;9993.0;0.0
17;33600;INTARIAN_PEPPER_ROOT;30028;9;;;;;30041;12;;;;;30034.5;0.0
17;33700;ASH_COATED_OSMIUM;9979;10;9976;14;;;9995;15;9998;26;;;9987.5;0.0
17;33700;INTARIAN_PEPPER_ROOT;30026;10;30023;10;30021;8;30040;12;30041;20;30043;12;30033.0;0.0
17;33800;ASH_COATED_OSMIUM;9979;14;;;;;9995;28;;;;;9987.0;0.0
17;33800;INTARIAN_PEPPER_ROOT;30024;8;30023;10;;;30038;10;30039;11;;;30031.0;0.0
17;33900;ASH_COATED_OSMIUM;9984;13;9982;13;9979;15;10000;12;10002;13;10004;15;9992.0;0.0
17;33900;INTARIAN_PEPPER_ROOT;30027;8;;;;;30039;8;;;;;30033.5;0.0
17;34000;ASH_COATED_OSMIUM;9984;12;9983;15;;;10000;15;10003;13;;;9992.0;0.0
17;34000;INTARIAN_PEPPER_ROOT;30028;15;30025;12;30023;11;30042;16;30043;22;30046;12;30035.0;0.0
17;34100;ASH_COATED_OSMIUM;9979;13;9976;23;;;9995;13;9996;12;;;9987.0;0.0
17;34100;INTARIAN_PEPPER_ROOT;30026;11;30024;9;;;30039;9;30040;8;;;30033.0;0.0
17;34200;ASH_COATED_OSMIUM;9985;29;9982;13;9980;13;10001;15;10004;29;10005;14;9993.0;0.0
17;34200;INTARIAN_PEPPER_ROOT;30024;18;;;;;30040;11;;;;;30032.0;0.0
17;34300;ASH_COATED_OSMIUM;9979;12;9977;14;9974;15;9995;14;9998;13;10000;24;9987.5;0.0
17;34300;INTARIAN_PEPPER_ROOT;30028;10;30026;16;;;30046;10;30049;8;;;30037.5;0.0
17;34400;ASH_COATED_OSMIUM;9983;24;9980;11;;;10002;15;10004;15;;;9993.0;0.0
17;34400;INTARIAN_PEPPER_ROOT;30027;9;;;;;30039;16;;;;;30033.0;0.0
17;34500;ASH_COATED_OSMIUM;9985;13;;;;;10001;13;;;;;9993.5;0.0
17;34500;INTARIAN_PEPPER_ROOT;30030;9;;;;;30043;12;;;;;30037.0;0.0
17;34600;ASH_COATED_OSMIUM;9979;11;;;;;9998;14;;;;;9988.5;0.0
17;34600;INTARIAN_PEPPER_ROOT;30029;8;30026;8;30024;11;30040;15;30043;8;30045;8;30035.0;0.0
17;34700;ASH_COATED_OSMIUM;9981;22;9978;13;;;9997;11;9999;14;;;9989.0;0.0
17;34700;INTARIAN_PEPPER_ROOT;30026;12;30024;8;;;30039;10;30041;11;;;30033.0;0.0
17;34800;ASH_COATED_OSMIUM;9986;14;;;;;10002;12;;;;;9994.5;0.0
17;34800;INTARIAN_PEPPER_ROOT;30024;9;30021;8;;;30042;9;30045;8;;;30033.0;0.0
17;34900;ASH_COATED_OSMIUM;9985;14;;;;;10003;10;;;;;9994.0;0.0
17;34900;INTARIAN_PEPPER_ROOT;30033;9;;;;;30039;11;;;;;30036.0;0.0
17;35000;ASH_COATED_OSMIUM;9986;13;9983;11;9982;21;10002;12;10003;10;10004;10;9994.0;0.0
17;35000;INTARIAN_PEPPER_ROOT;30028;12;30027;15;;;30041;6;30043;11;;;30034.5;0.0
17;35100;ASH_COATED_OSMIUM;9985;13;9983;12;9981;11;10004;10;10007;10;10009;2;9994.5;0.0
17;35100;INTARIAN_PEPPER_ROOT;30026;8;30023;12;;;30040;10;30041;10;;;30033.0;0.0
17;35200;ASH_COATED_OSMIUM;9982;29;9981;11;9978;24;9998;13;10000;28;10001;15;9990.0;0.0
17;35200;INTARIAN_PEPPER_ROOT;30030;12;30027;11;;;30041;9;30043;10;;;30036.0;0.0
17;35300;ASH_COATED_OSMIUM;9987;14;9984;11;9981;15;10003;10;10005;10;10007;10;9995.5;0.0
17;35300;INTARIAN_PEPPER_ROOT;30024;8;30023;8;;;30039;10;30040;8;;;30032.0;0.0
17;35400;ASH_COATED_OSMIUM;9986;10;9984;15;9983;14;10004;21;10005;26;10007;11;9995.5;0.0
17;35400;INTARIAN_PEPPER_ROOT;30029;25;;;;;30042;10;;;;;30036.0;0.0
17;35500;ASH_COATED_OSMIUM;9985;20;;;;;9994;12;;;;;9990.0;0.0
17;35500;INTARIAN_PEPPER_ROOT;30026;3;30024;8;;;30039;8;30040;8;;;30032.5;0.0
17;35600;ASH_COATED_OSMIUM;9987;11;;;;;10003;11;;;;;9995.0;0.0
17;35600;INTARIAN_PEPPER_ROOT;30028;23;30026;18;;;30041;10;30042;8;;;30035.0;0.0
17;35700;ASH_COATED_OSMIUM;9981;15;;;;;9997;3;;;;;9989.5;0.0
17;35700;INTARIAN_PEPPER_ROOT;30033;10;30031;16;30029;12;30044;11;30047;16;30050;10;30038.5;0.0
17;35800;ASH_COATED_OSMIUM;9981;15;9978;4;9976;28;9997;12;9998;14;9999;13;9989.5;0.0
17;35800;INTARIAN_PEPPER_ROOT;30026;10;30023;25;30020;12;30039;9;30041;8;30043;9;30032.5;0.0
17;35900;ASH_COATED_OSMIUM;9986;11;9985;10;;;10002;10;10005;15;;;9994.5;0.0
17;35900;INTARIAN_PEPPER_ROOT;30030;9;30029;9;30027;20;30047;17;30049;8;30050;25;30038.5;0.0
17;36000;ASH_COATED_OSMIUM;9982;25;9979;12;;;9998;23;10000;11;;;9990.0;0.0
17;36000;INTARIAN_PEPPER_ROOT;30030;10;30027;8;30024;11;30042;25;30043;12;30046;12;30036.0;0.0
17;36100;ASH_COATED_OSMIUM;9984;14;;;;;10005;10;;;;;9995.0;0.0
17;36100;INTARIAN_PEPPER_ROOT;30026;9;30023;12;;;30042;9;30045;11;;;30034.5;0.0
17;36200;ASH_COATED_OSMIUM;9986;15;9983;15;;;10002;30;10005;12;;;9994.5;0.0
17;36200;INTARIAN_PEPPER_ROOT;30030;6;;;;;30045;12;;;;;30037.5;0.0
17;36300;ASH_COATED_OSMIUM;9986;10;9984;13;9983;10;10002;11;10004;14;10007;12;9994.5;0.0
17;36300;INTARIAN_PEPPER_ROOT;30030;11;30029;17;;;30042;8;30044;11;;;30036.0;0.0
17;36400;ASH_COATED_OSMIUM;9985;11;9982;12;;;10003;14;10004;29;;;9994.0;0.0
17;36400;INTARIAN_PEPPER_ROOT;30032;11;30030;23;30027;20;30043;11;30045;11;30047;9;30038.0;0.0
17;36500;ASH_COATED_OSMIUM;9979;13;;;;;9998;15;;;;;9989.0;0.0
17;36500;INTARIAN_PEPPER_ROOT;30035;9;;;;;30048;12;;;;;30042.0;0.0
17;36600;ASH_COATED_OSMIUM;9980;14;;;;;9996;15;;;;;9988.5;0.0
17;36600;INTARIAN_PEPPER_ROOT;30027;10;;;;;30041;11;;;;;30034.0;0.0
17;36700;ASH_COATED_OSMIUM;9986;11;;;;;10002;12;;;;;9994.0;0.0
17;36700;INTARIAN_PEPPER_ROOT;30031;10;;;;;30045;11;;;;;30038.5;0.0
17;36800;ASH_COATED_OSMIUM;9984;24;9981;20;9980;14;10003;29;10006;13;10009;10;9994.0;0.0
17;36800;INTARIAN_PEPPER_ROOT;30031;10;30028;10;30026;10;30044;10;30047;9;30049;10;30037.5;0.0
17;36900;ASH_COATED_OSMIUM;9981;12;9979;11;;;9997;14;9998;25;;;9989.0;0.0
17;36900;INTARIAN_PEPPER_ROOT;30030;9;30029;10;30026;15;30034;8;30036;8;30037;11;30032.5;0.0
17;37000;ASH_COATED_OSMIUM;9981;11;9979;15;9977;11;9997;14;10000;11;10002;15;9989.0;0.0
17;37000;INTARIAN_PEPPER_ROOT;30029;22;30026;8;;;30047;11;30049;12;;;30038.0;0.0
17;37100;ASH_COATED_OSMIUM;9986;23;9983;10;;;10002;14;10004;10;;;9994.5;0.0
17;37100;INTARIAN_PEPPER_ROOT;30031;19;30030;10;30027;11;30043;19;30045;8;30046;10;30037.5;0.0
17;37200;ASH_COATED_OSMIUM;9978;10;9977;29;9975;11;9999;10;10001;14;10003;12;9989.0;0.0
17;37200;INTARIAN_PEPPER_ROOT;30032;8;30031;12;;;30045;11;30048;11;;;30039.0;0.0
17;37300;ASH_COATED_OSMIUM;9980;10;9979;2;9977;10;9996;5;9997;13;9998;11;9988.0;0.0
17;37300;INTARIAN_PEPPER_ROOT;30039;8;;;;;30042;22;;;;;30040.5;0.0
17;37400;ASH_COATED_OSMIUM;9986;10;;;;;10002;12;;;;;9994.0;0.0
17;37400;INTARIAN_PEPPER_ROOT;30032;18;30030;8;30028;10;30043;10;30045;24;30046;10;30037.5;0.0
17;37500;ASH_COATED_OSMIUM;9983;11;9982;13;;;10004;13;10006;13;;;9994.0;0.0
17;37500;INTARIAN_PEPPER_ROOT;30034;19;30031;11;30029;12;30048;8;30050;12;30053;17;30041.5;0.0
17;37600;ASH_COATED_OSMIUM;9981;13;;;;;9997;11;;;;;9989.0;0.0
17;37600;INTARIAN_PEPPER_ROOT;30031;23;;;;;30045;19;;;;;30038.5;0.0
17;37700;ASH_COATED_OSMIUM;9985;5;;;;;10004;15;;;;;9995.0;0.0
17;37700;INTARIAN_PEPPER_ROOT;30036;11;30035;10;30033;8;30048;22;30049;9;30051;12;30042.5;0.0
17;37800;ASH_COATED_OSMIUM;9986;12;9985;26;;;10004;11;10005;13;;;9995.5;0.0
17;37800;INTARIAN_PEPPER_ROOT;30027;9;;;;;30041;12;;;;;30034.5;0.0
17;37900;ASH_COATED_OSMIUM;9992;11;;;;;9997;10;;;;;9995.0;0.0
17;37900;INTARIAN_PEPPER_ROOT;30032;22;30031;24;;;30044;12;30045;8;;;30038.5;0.0
17;38000;ASH_COATED_OSMIUM;9982;11;9980;15;;;9998;10;9999;3;;;9990.0;0.0
17;38000;INTARIAN_PEPPER_ROOT;30030;11;;;;;30043;11;;;;;30037.0;0.0
17;38100;ASH_COATED_OSMIUM;9987;11;9984;10;;;10003;14;10004;15;;;9995.5;0.0
17;38100;INTARIAN_PEPPER_ROOT;30031;11;30030;12;;;30044;9;30045;11;;;30038.0;0.0
17;38200;ASH_COATED_OSMIUM;9987;22;;;;;10003;10;;;;;9995.0;0.0
17;38200;INTARIAN_PEPPER_ROOT;30030;8;30028;12;;;30043;10;30045;17;;;30037.0;0.0
17;38300;ASH_COATED_OSMIUM;9987;15;9986;12;;;10003;11;10005;25;;;9995.0;0.0
17;38300;INTARIAN_PEPPER_ROOT;30030;9;30028;18;;;30042;10;30044;21;;;30036.0;0.0
17;38400;ASH_COATED_OSMIUM;9981;12;9979;22;9977;15;9999;10;10002;12;10003;12;9990.0;0.0
17;38400;INTARIAN_PEPPER_ROOT;30031;11;;;;;30047;5;;;;;30039.0;0.0
17;38500;ASH_COATED_OSMIUM;9979;11;;;;;10000;4;;;;;9990.0;0.0
17;38500;INTARIAN_PEPPER_ROOT;30034;10;30032;10;;;30046;11;30048;8;;;30040.0;0.0
17;38600;ASH_COATED_OSMIUM;9990;11;9988;2;;;10000;14;10001;12;;;9995.0;0.0
17;38600;INTARIAN_PEPPER_ROOT;30033;9;30031;10;;;30045;11;30046;19;;;30039.5;0.0
17;38700;ASH_COATED_OSMIUM;9980;3;;;;;9999;15;;;;;9990.0;0.0
17;38700;INTARIAN_PEPPER_ROOT;30032;6;;;;;30046;8;;;;;30039.0;0.0
17;38800;ASH_COATED_OSMIUM;9987;15;9986;11;;;10003;12;10005;10;;;9995.0;0.0
17;38800;INTARIAN_PEPPER_ROOT;30034;11;;;;;30049;8;;;;;30042.0;0.0
17;38900;ASH_COATED_OSMIUM;9987;10;9985;12;9982;12;10003;15;10006;15;10007;10;9995.0;0.0
17;38900;INTARIAN_PEPPER_ROOT;30030;10;30028;12;;;30042;8;30045;8;;;30036.0;0.0
17;39000;ASH_COATED_OSMIUM;9986;20;9985;11;;;10002;13;10004;14;;;9994.5;0.0
17;39000;INTARIAN_PEPPER_ROOT;30032;10;30029;11;30028;9;30049;12;30050;18;30052;10;30041.0;0.0
17;39100;ASH_COATED_OSMIUM;9981;24;9980;21;;;9997;15;9998;26;;;9989.5;0.0
17;39100;INTARIAN_PEPPER_ROOT;30033;8;30031;11;30028;9;30049;10;30052;12;30053;11;30041.0;0.0
17;39200;ASH_COATED_OSMIUM;9982;14;9979;9;;;9998;15;9999;13;;;9990.0;0.0
17;39200;INTARIAN_PEPPER_ROOT;30034;9;30032;9;;;30051;12;30053;9;;;30042.5;0.0
17;39300;ASH_COATED_OSMIUM;9986;12;9983;12;;;10004;27;10005;11;;;9995.0;0.0
17;39300;INTARIAN_PEPPER_ROOT;30033;9;30030;10;30029;9;30044;21;30045;11;30048;12;30039.0;0.0
17;39400;ASH_COATED_OSMIUM;9987;14;;;;;10003;22;;;;;9995.0;0.0
17;39400;INTARIAN_PEPPER_ROOT;30032;12;30029;6;;;30044;9;30046;5;;;30038.0;0.0
17;39500;ASH_COATED_OSMIUM;9980;24;9978;10;;;9999;14;10000;15;;;9990.0;0.0
17;39500;INTARIAN_PEPPER_ROOT;30033;9;;;;;30046;12;;;;;30039.5;0.0
17;39600;ASH_COATED_OSMIUM;9987;21;9986;14;;;10003;10;10006;10;;;9995.5;0.0
17;39600;INTARIAN_PEPPER_ROOT;30033;5;30032;8;;;30045;12;30046;9;;;30039.0;0.0
17;39700;ASH_COATED_OSMIUM;9986;27;9983;12;9980;12;10004;13;10006;13;10009;13;9995.5;0.0
17;39700;INTARIAN_PEPPER_ROOT;30032;8;;;;;30044;11;;;;;30038.5;0.0
17;39800;ASH_COATED_OSMIUM;9981;15;;;;;9999;12;;;;;9990.0;0.0
17;39800;INTARIAN_PEPPER_ROOT;30035;10;30034;22;30032;12;30048;9;30049;22;30052;8;30041.5;0.0
17;39900;ASH_COATED_OSMIUM;9987;29;9985;14;9982;10;10003;11;10004;5;10005;15;9995.5;0.0
17;39900;INTARIAN_PEPPER_ROOT;30034;9;30031;11;30028;9;30046;18;30048;12;30051;11;30040.5;0.0
17;40000;ASH_COATED_OSMIUM;9992;13;;;;;9998;22;;;;;9995.5;0.0
17;40000;INTARIAN_PEPPER_ROOT;30030;11;30029;11;;;30046;9;30048;11;;;30038.5;0.0
17;40100;ASH_COATED_OSMIUM;9988;11;9986;11;9983;12;10004;28;10006;15;10007;10;9996.0;0.0
17;40100;INTARIAN_PEPPER_ROOT;30037;10;;;;;30048;8;;;;;30042.5;0.0
17;40200;ASH_COATED_OSMIUM;9986;10;9984;11;9981;15;10005;13;10007;12;10010;21;9996.0;0.0
17;40200;INTARIAN_PEPPER_ROOT;30032;15;30029;10;30028;10;30049;12;30052;11;30053;11;30040.5;0.0
17;40300;ASH_COATED_OSMIUM;9985;15;9982;13;9981;12;10006;15;10008;10;10011;12;9995.5;0.0
17;40300;INTARIAN_PEPPER_ROOT;30031;9;30030;10;30029;19;30047;22;30048;11;30051;10;30039.5;0.0
17;40400;ASH_COATED_OSMIUM;9982;13;9979;11;9978;10;9998;15;10000;15;10003;25;9990.5;0.0
17;40400;INTARIAN_PEPPER_ROOT;30032;8;30030;9;;;30045;9;30047;9;;;30039.0;0.0
17;40500;ASH_COATED_OSMIUM;9980;11;9977;10;;;10001;11;10003;22;;;9990.5;0.0
17;40500;INTARIAN_PEPPER_ROOT;30038;9;30036;3;;;30042;12;30044;9;;;30040.0;0.0
17;40600;ASH_COATED_OSMIUM;9983;14;9980;12;9978;14;9999;10;10000;14;10001;11;9991.0;0.0
17;40600;INTARIAN_PEPPER_ROOT;30037;10;30034;20;;;30053;19;30055;8;;;30045.0;0.0
17;40700;ASH_COATED_OSMIUM;9983;13;9981;11;;;9999;22;10002;12;;;9991.0;0.0
17;40700;INTARIAN_PEPPER_ROOT;30033;11;;;;;30047;12;;;;;30040.5;0.0
17;40800;ASH_COATED_OSMIUM;9987;12;;;;;10006;11;;;;;9997.0;0.0
17;40800;INTARIAN_PEPPER_ROOT;30035;8;30032;9;;;30047;8;30050;11;;;30041.0;0.0
17;40900;ASH_COATED_OSMIUM;9988;5;;;;;10006;11;;;;;9997.0;0.0
17;40900;INTARIAN_PEPPER_ROOT;30036;8;30034;19;;;30052;9;30054;5;;;30044.0;0.0
17;41000;ASH_COATED_OSMIUM;9984;15;9982;11;9981;10;10000;11;10002;11;10005;13;9992.0;0.0
17;41000;INTARIAN_PEPPER_ROOT;30035;8;30032;17;30031;11;30050;8;30051;9;30054;19;30043.0;0.0
17;41100;ASH_COATED_OSMIUM;9984;14;9982;2;9980;10;10000;28;10002;11;10005;15;9992.0;0.0
17;41100;INTARIAN_PEPPER_ROOT;30038;12;30035;12;;;30041;10;30043;9;;;30039.5;0.0
17;41200;ASH_COATED_OSMIUM;9988;10;9987;28;9986;11;10006;11;10008;12;10011;11;9997.5;0.0
17;41200;INTARIAN_PEPPER_ROOT;30036;8;;;;;30047;21;;;;;30042.0;0.0
17;41300;ASH_COATED_OSMIUM;9982;10;9979;15;;;10000;10;10003;30;;;9991.5;0.0
17;41300;INTARIAN_PEPPER_ROOT;30032;10;30029;10;30026;10;30048;9;30051;24;30052;16;30040.5;0.0
17;41400;ASH_COATED_OSMIUM;9989;14;9988;11;;;10005;12;10007;13;;;9997.0;0.0
17;41400;INTARIAN_PEPPER_ROOT;30036;9;;;;;30048;8;;;;;30042.5;0.0
17;41500;ASH_COATED_OSMIUM;9988;12;;;;;10004;12;;;;;9996.5;0.0
17;41500;INTARIAN_PEPPER_ROOT;30039;12;30036;24;;;30051;8;30053;9;;;30045.5;0.0
17;41600;ASH_COATED_OSMIUM;9982;15;;;;;10001;30;;;;;9991.5;0.0
17;41600;INTARIAN_PEPPER_ROOT;30040;11;30038;10;;;30053;9;30056;9;;;30047.0;0.0
17;41700;ASH_COATED_OSMIUM;9987;14;9986;11;;;10006;12;10009;15;;;9996.5;0.0
17;41700;INTARIAN_PEPPER_ROOT;30035;8;30034;11;30033;8;30048;11;30049;20;30050;15;30042.0;0.0
17;41800;ASH_COATED_OSMIUM;9983;29;;;;;9999;11;;;;;9991.0;0.0
17;41800;INTARIAN_PEPPER_ROOT;30034;10;30031;23;;;30050;8;30053;10;;;30042.0;0.0
17;41900;ASH_COATED_OSMIUM;9988;10;9985;11;;;10004;14;10005;13;;;9996.5;0.0
17;41900;INTARIAN_PEPPER_ROOT;30030;10;30027;11;;;30043;11;30046;12;;;30037.0;0.0
17;42000;ASH_COATED_OSMIUM;9987;11;9984;11;9982;14;10006;14;10008;10;10010;15;9996.5;0.0
17;42000;INTARIAN_PEPPER_ROOT;30036;19;30033;11;;;30047;16;30049;10;;;30041.5;0.0
17;42100;ASH_COATED_OSMIUM;9988;13;9986;11;;;10004;15;10005;14;;;9996.5;0.0
17;42100;INTARIAN_PEPPER_ROOT;30033;10;30031;10;;;30044;12;30046;12;;;30039.0;0.0
17;42200;ASH_COATED_OSMIUM;9988;12;9985;27;9982;10;10004;13;10005;27;10007;10;9996.0;0.0
17;42200;INTARIAN_PEPPER_ROOT;30037;9;30034;12;;;30051;12;30054;24;;;30044.0;0.0
17;42300;ASH_COATED_OSMIUM;9988;12;;;;;10004;13;;;;;9996.5;0.0
17;42300;INTARIAN_PEPPER_ROOT;30036;8;30033;23;;;30047;21;30050;8;;;30041.5;0.0
17;42400;ASH_COATED_OSMIUM;9982;14;9981;13;;;10000;13;10001;11;;;9991.5;0.0
17;42400;INTARIAN_PEPPER_ROOT;30035;9;;;;;30049;10;;;;;30042.5;0.0
17;42500;ASH_COATED_OSMIUM;9988;15;9986;24;;;10006;12;10007;30;;;9997.0;0.0
17;42500;INTARIAN_PEPPER_ROOT;30036;25;30035;24;;;30050;11;30053;10;;;30043.5;0.0
17;42600;ASH_COATED_OSMIUM;9989;15;9987;10;9985;10;10005;13;10008;13;10010;11;9997.0;0.0
17;42600;INTARIAN_PEPPER_ROOT;30033;5;30032;12;;;30045;10;30046;15;;;30039.5;0.0
17;42700;ASH_COATED_OSMIUM;9989;14;;;;;10005;11;;;;;9997.0;0.0
17;42700;INTARIAN_PEPPER_ROOT;30033;10;30032;11;;;30045;12;30046;12;;;30039.5;0.0
17;42800;ASH_COATED_OSMIUM;9989;21;9986;15;;;10005;12;10006;14;;;9997.0;0.0
17;42800;INTARIAN_PEPPER_ROOT;30033;9;30030;11;30029;11;30049;10;30052;8;30053;10;30041.5;0.0
17;42900;ASH_COATED_OSMIUM;9983;11;;;;;9999;10;;;;;9991.5;0.0
17;42900;INTARIAN_PEPPER_ROOT;30041;8;;;;;30044;12;;;;;30042.5;0.0
17;43000;ASH_COATED_OSMIUM;9984;14;;;;;10000;4;;;;;9992.0;0.0
17;43000;INTARIAN_PEPPER_ROOT;30041;9;;;;;30043;12;;;;;30042.0;0.0
17;43100;ASH_COATED_OSMIUM;9984;10;;;;;10000;15;;;;;9992.5;0.0
17;43100;INTARIAN_PEPPER_ROOT;30031;17;30028;9;;;30047;10;30048;9;;;30039.5;0.0
17;43200;ASH_COATED_OSMIUM;9983;10;9980;12;;;9999;14;10002;10;;;9991.0;0.0
17;43200;INTARIAN_PEPPER_ROOT;30035;8;;;;;30049;12;;;;;30042.5;0.0
17;43300;ASH_COATED_OSMIUM;9987;14;9985;15;;;10005;12;10007;20;;;9996.5;0.0
17;43300;INTARIAN_PEPPER_ROOT;30040;22;30039;23;30037;9;30051;9;30052;10;30054;25;30046.0;0.0
17;43400;ASH_COATED_OSMIUM;9987;27;9986;12;;;10006;25;10008;10;;;9996.5;0.0
17;43400;INTARIAN_PEPPER_ROOT;30038;11;30036;19;;;30051;8;30054;8;;;30045.0;0.0
17;43500;ASH_COATED_OSMIUM;9987;10;9985;10;;;10007;12;10010;15;;;9997.0;0.0
17;43500;INTARIAN_PEPPER_ROOT;30037;10;30036;8;;;30049;10;30051;8;;;30043.5;0.0
17;43600;ASH_COATED_OSMIUM;9983;15;;;;;9999;10;;;;;9991.5;0.0
17;43600;INTARIAN_PEPPER_ROOT;30036;10;;;;;30049;12;;;;;30042.5;0.0
17;43700;ASH_COATED_OSMIUM;9987;13;9986;14;;;10006;21;10009;11;;;9997.0;0.0
17;43700;INTARIAN_PEPPER_ROOT;30040;9;30038;10;30035;9;30051;9;30053;8;30055;24;30046.0;0.0
17;43800;ASH_COATED_OSMIUM;9989;13;9987;14;9985;26;10005;15;10008;28;10011;13;9997.5;0.0
17;43800;INTARIAN_PEPPER_ROOT;30040;8;;;;;30052;11;;;;;30046.0;0.0
17;43900;ASH_COATED_OSMIUM;9988;11;9987;10;;;10006;11;10009;11;;;9997.5;0.0
17;43900;INTARIAN_PEPPER_ROOT;30036;21;30033;9;30032;11;30047;11;30049;12;30050;11;30042.0;0.0
17;44000;ASH_COATED_OSMIUM;9990;14;9987;11;;;10006;11;10008;14;;;9998.0;0.0
17;44000;INTARIAN_PEPPER_ROOT;30034;11;30032;8;;;30051;12;30053;12;;;30042.5;0.0
17;44100;ASH_COATED_OSMIUM;9984;14;;;;;10000;14;;;;;9992.5;0.0
17;44100;INTARIAN_PEPPER_ROOT;30034;24;30032;25;;;30046;10;30049;9;;;30040.5;0.0
17;44200;ASH_COATED_OSMIUM;9989;10;9986;24;;;10005;30;10008;13;;;9997.0;0.0
17;44200;INTARIAN_PEPPER_ROOT;30039;18;;;;;30051;8;;;;;30045.0;0.0
17;44300;ASH_COATED_OSMIUM;9988;13;9986;15;;;10006;11;10009;24;;;9997.0;0.0
17;44300;INTARIAN_PEPPER_ROOT;30040;17;30038;17;;;30052;19;30055;20;;;30046.0;0.0
17;44400;ASH_COATED_OSMIUM;9983;10;9982;13;;;9999;23;10000;15;;;9991.5;0.0
17;44400;INTARIAN_PEPPER_ROOT;30043;12;30040;9;30037;9;30054;19;30055;16;30056;8;30048.5;0.0
17;44500;ASH_COATED_OSMIUM;9991;12;9990;10;9988;4;10002;14;10004;10;10006;11;9997.0;0.0
17;44500;INTARIAN_PEPPER_ROOT;30037;19;30034;8;;;30050;9;30053;8;;;30043.5;0.0
17;44600;ASH_COATED_OSMIUM;9982;13;9981;24;;;10000;14;10001;22;;;9991.5;0.0
17;44600;INTARIAN_PEPPER_ROOT;30035;10;30033;9;30030;9;30052;8;30055;12;30057;10;30043.5;0.0
17;44700;ASH_COATED_OSMIUM;9987;10;;;;;10006;10;;;;;9997.0;0.0
17;44700;INTARIAN_PEPPER_ROOT;30039;11;;;;;30052;12;;;;;30046.0;0.0
17;44800;ASH_COATED_OSMIUM;9989;11;9987;10;9984;10;10005;13;10006;15;10008;22;9997.0;0.0
17;44800;INTARIAN_PEPPER_ROOT;30040;23;30039;12;;;30052;9;30055;8;;;30046.0;0.0
17;44900;ASH_COATED_OSMIUM;9989;15;9987;27;9986;11;10005;11;10008;13;10010;12;9997.0;0.0
17;44900;INTARIAN_PEPPER_ROOT;30038;9;30037;8;;;30051;9;30054;16;;;30044.5;0.0
17;45000;ASH_COATED_OSMIUM;9983;12;9982;14;;;9999;11;10000;14;;;9991.0;0.0
17;45000;INTARIAN_PEPPER_ROOT;30046;9;30044;12;30042;9;30048;18;30051;8;30052;8;30047.0;0.0
17;45100;ASH_COATED_OSMIUM;9988;14;9985;12;9982;13;10004;12;10005;13;10008;15;9996.5;0.0
17;45100;INTARIAN_PEPPER_ROOT;30037;15;;;;;30049;8;;;;;30043.0;0.0
17;45200;ASH_COATED_OSMIUM;9988;13;9987;28;;;9995;15;9998;15;;;9992.0;0.0
17;45200;INTARIAN_PEPPER_ROOT;30039;8;30037;11;;;30051;10;30052;12;;;30045.0;0.0
17;45300;ASH_COATED_OSMIUM;9987;15;9984;13;9982;12;10006;28;10008;15;10010;2;9997.0;0.0
17;45300;INTARIAN_PEPPER_ROOT;30038;8;30037;12;;;30050;8;30053;9;;;30044.5;0.0
17;45400;ASH_COATED_OSMIUM;9989;3;;;;;10005;11;;;;;9997.5;0.0
17;45400;INTARIAN_PEPPER_ROOT;30039;22;30036;10;30035;9;30052;10;30054;8;30056;23;30046.0;0.0
17;45500;ASH_COATED_OSMIUM;9984;11;9981;24;;;10000;13;10002;13;;;9992.5;0.0
17;45500;INTARIAN_PEPPER_ROOT;30040;9;30037;25;;;30052;11;30053;10;;;30046.0;0.0
17;45600;ASH_COATED_OSMIUM;9984;11;9981;14;9978;12;10000;13;10001;13;10003;13;9992.5;0.0
17;45600;INTARIAN_PEPPER_ROOT;30038;9;;;;;30050;10;;;;;30044.5;0.0
17;45700;ASH_COATED_OSMIUM;9984;10;;;;;10000;11;;;;;9992.5;0.0
17;45700;INTARIAN_PEPPER_ROOT;30041;22;30040;8;;;30055;12;30056;9;;;30048.5;0.0
17;45800;ASH_COATED_OSMIUM;9988;10;9986;13;;;10006;13;10008;14;;;9997.0;0.0
17;45800;INTARIAN_PEPPER_ROOT;30042;12;;;;;30054;8;;;;;30048.0;0.0
17;45900;ASH_COATED_OSMIUM;9982;11;9980;10;;;10001;11;10004;11;;;9992.0;0.0
17;45900;INTARIAN_PEPPER_ROOT;30042;10;30039;11;;;30055;10;30056;21;;;30049.0;0.0
17;46000;ASH_COATED_OSMIUM;9983;14;9982;13;9981;13;9999;23;10001;13;10004;13;9991.5;0.0
17;46000;INTARIAN_PEPPER_ROOT;30038;10;;;;;30051;16;;;;;30044.5;0.0
17;46100;ASH_COATED_OSMIUM;9988;10;9985;10;;;10004;11;10005;12;;;9996.5;0.0
17;46100;INTARIAN_PEPPER_ROOT;30040;12;30038;11;30035;8;30054;11;30057;9;30059;9;30047.0;0.0
17;46200;ASH_COATED_OSMIUM;9991;12;9988;20;;;10001;12;10004;14;;;9996.5;0.0
17;46200;INTARIAN_PEPPER_ROOT;30038;9;;;;;30052;12;;;;;30045.5;0.0
17;46300;ASH_COATED_OSMIUM;9987;11;;;;;9994;11;;;;;9991.0;0.0
17;46300;INTARIAN_PEPPER_ROOT;30041;11;30039;9;;;30055;8;30057;8;;;30048.0;0.0
17;46400;ASH_COATED_OSMIUM;9983;12;9981;27;;;9999;10;10001;14;;;9991.0;0.0
17;46400;INTARIAN_PEPPER_ROOT;30040;10;;;;;30055;9;;;;;30048.0;0.0
17;46500;ASH_COATED_OSMIUM;9986;12;;;;;10005;28;;;;;9996.0;0.0
17;46500;INTARIAN_PEPPER_ROOT;30041;10;30040;10;;;30053;8;30055;9;;;30047.0;0.0
17;46600;ASH_COATED_OSMIUM;9989;11;;;;;10005;10;;;;;9997.0;0.0
17;46600;INTARIAN_PEPPER_ROOT;30038;10;30036;25;;;30052;12;30055;10;;;30045.0;0.0
17;46700;ASH_COATED_OSMIUM;9984;12;9983;13;9980;13;10000;12;10001;14;10004;14;9992.0;0.0
17;46700;INTARIAN_PEPPER_ROOT;30039;8;30037;11;30036;11;30054;12;30055;9;30057;11;30047.0;0.0
17;46800;ASH_COATED_OSMIUM;9989;13;9988;14;9987;15;10005;20;10008;10;10011;12;9997.5;0.0
17;46800;INTARIAN_PEPPER_ROOT;30036;9;30034;25;30032;8;30051;22;30052;10;30053;12;30043.5;0.0
17;46900;ASH_COATED_OSMIUM;9983;15;9981;11;9980;14;10002;29;10003;28;10004;11;9992.5;0.0
17;46900;INTARIAN_PEPPER_ROOT;30039;8;30037;8;;;30056;12;30059;12;;;30048.0;0.0
17;47000;ASH_COATED_OSMIUM;9982;13;9981;14;9978;10;10001;3;10004;13;10006;24;9992.0;0.0
17;47000;INTARIAN_PEPPER_ROOT;30041;23;30039;8;30036;11;30049;19;30050;10;30051;12;30045.5;0.0
17;47100;ASH_COATED_OSMIUM;9989;15;9988;10;9985;12;10005;15;10006;10;10008;13;9997.5;0.0
17;47100;INTARIAN_PEPPER_ROOT;30040;24;;;;;30051;10;;;;;30046.0;0.0
17;47200;ASH_COATED_OSMIUM;9983;12;;;;;9999;21;;;;;9991.0;0.0
17;47200;INTARIAN_PEPPER_ROOT;30044;24;30042;10;30039;21;30056;11;30059;20;30060;9;30050.0;0.0
17;47300;ASH_COATED_OSMIUM;9983;14;9980;20;9978;24;9999;12;10000;10;10002;27;9991.0;0.0
17;47300;INTARIAN_PEPPER_ROOT;30044;23;;;;;30057;17;;;;;30051.0;0.0
17;47400;ASH_COATED_OSMIUM;9983;22;9981;10;;;9999;12;10002;25;;;9991.0;0.0
17;47400;INTARIAN_PEPPER_ROOT;30041;17;;;;;30054;8;;;;;30047.5;0.0
17;47500;ASH_COATED_OSMIUM;9985;15;9983;10;9982;10;10006;11;10009;12;10011;30;9996.0;0.0
17;47500;INTARIAN_PEPPER_ROOT;30039;9;;;;;30051;10;;;;;30045.5;0.0
17;47600;ASH_COATED_OSMIUM;9988;26;;;;;9994;11;;;;;9991.0;0.0
17;47600;INTARIAN_PEPPER_ROOT;30038;8;30035;12;30034;10;30054;12;30056;11;30058;12;30046.5;0.0
17;47700;ASH_COATED_OSMIUM;9982;14;9979;13;;;10000;23;10002;15;;;9991.0;0.0
17;47700;INTARIAN_PEPPER_ROOT;30043;12;30041;12;;;30057;11;30059;9;;;30050.0;0.0
17;47800;ASH_COATED_OSMIUM;9982;12;9981;15;;;10001;13;10004;15;;;9991.5;0.0
17;47800;INTARIAN_PEPPER_ROOT;30038;23;30035;11;;;30055;9;30056;10;;;30046.5;0.0
17;47900;ASH_COATED_OSMIUM;9983;12;9981;15;9978;10;9999;13;10000;24;10002;11;9991.5;0.0
17;47900;INTARIAN_PEPPER_ROOT;30041;10;30038;11;;;30057;16;30060;5;;;30049.0;0.0
17;48000;ASH_COATED_OSMIUM;9989;14;;;;;10005;13;;;;;9997.0;0.0
17;48000;INTARIAN_PEPPER_ROOT;30041;11;30040;10;30039;21;30054;11;30056;12;30058;12;30047.5;0.0
17;48100;ASH_COATED_OSMIUM;9989;5;;;;;10005;10;;;;;9997.5;0.0
17;48100;INTARIAN_PEPPER_ROOT;30039;9;30037;11;;;30052;12;30054;10;;;30046.0;0.0
17;48200;ASH_COATED_OSMIUM;9989;12;9986;24;9983;15;10005;23;10008;10;10011;12;9997.0;0.0
17;48200;INTARIAN_PEPPER_ROOT;30042;12;30041;4;;;30054;25;30056;12;;;30048.0;0.0
17;48300;ASH_COATED_OSMIUM;9991;11;9988;10;9985;14;10003;11;10004;12;10005;13;9997.0;0.0
17;48300;INTARIAN_PEPPER_ROOT;30042;9;30040;9;;;30053;9;30055;12;;;30047.5;0.0
17;48400;ASH_COATED_OSMIUM;9988;3;9986;14;9983;15;10004;12;10006;11;10008;21;9996.5;0.0
17;48400;INTARIAN_PEPPER_ROOT;30046;8;30043;15;;;30058;8;30060;12;;;30052.0;0.0
17;48500;ASH_COATED_OSMIUM;9980;30;9979;15;;;10001;11;10003;29;;;9991.0;0.0
17;48500;INTARIAN_PEPPER_ROOT;30043;8;;;;;30054;11;;;;;30048.5;0.0
17;48600;ASH_COATED_OSMIUM;9988;11;;;;;10004;15;;;;;9996.5;0.0
17;48600;INTARIAN_PEPPER_ROOT;30043;12;;;;;30057;16;;;;;30050.0;0.0
17;48700;ASH_COATED_OSMIUM;9982;13;9979;10;;;10000;3;10003;24;;;9991.0;0.0
17;48700;INTARIAN_PEPPER_ROOT;30041;8;30038;11;;;30053;8;30055;10;;;30047.5;0.0
17;48800;ASH_COATED_OSMIUM;9985;10;9982;13;;;9998;14;10001;10;;;9991.5;0.0
17;48800;INTARIAN_PEPPER_ROOT;30041;11;30040;10;;;30054;9;30057;12;;;30048.0;0.0
17;48900;ASH_COATED_OSMIUM;9989;13;;;;;10005;14;;;;;9997.0;0.0
17;48900;INTARIAN_PEPPER_ROOT;30044;10;30043;8;;;30057;12;30059;8;;;30051.0;0.0
17;49000;ASH_COATED_OSMIUM;9986;13;;;;;10007;14;;;;;9997.0;0.0
17;49000;INTARIAN_PEPPER_ROOT;30042;18;;;;;30059;12;;;;;30050.5;0.0
17;49100;ASH_COATED_OSMIUM;9984;8;9983;12;9982;13;10000;13;10002;10;10004;10;9992.0;0.0
17;49100;INTARIAN_PEPPER_ROOT;30044;12;30041;12;;;30056;8;30057;9;;;30050.0;0.0
17;49200;ASH_COATED_OSMIUM;9988;14;9986;25;;;10004;14;10007;14;;;9996.5;0.0
17;49200;INTARIAN_PEPPER_ROOT;30037;8;30034;12;;;30049;8;30050;8;;;30043.5;0.0
17;49300;ASH_COATED_OSMIUM;9984;4;9983;7;;;10000;14;10001;12;;;9992.0;0.0
17;49300;INTARIAN_PEPPER_ROOT;30046;9;30043;22;;;30059;11;30061;9;;;30052.5;0.0
17;49400;ASH_COATED_OSMIUM;9984;14;9981;13;9978;22;10002;11;10003;11;10006;13;9993.0;0.0
17;49400;INTARIAN_PEPPER_ROOT;30038;10;;;;;30057;11;;;;;30048.0;0.0
17;49500;ASH_COATED_OSMIUM;9990;11;9989;22;9988;14;10006;26;10009;14;10011;26;9998.5;0.0
17;49500;INTARIAN_PEPPER_ROOT;30044;9;;;;;30056;12;;;;;30050.5;0.0
17;49600;ASH_COATED_OSMIUM;9985;11;9984;15;;;10001;14;10002;23;;;9993.0;0.0
17;49600;INTARIAN_PEPPER_ROOT;30048;15;30045;12;30043;10;30060;8;30063;11;30064;11;30054.5;0.0
17;49700;ASH_COATED_OSMIUM;9991;14;9989;10;;;10007;13;10010;12;;;9999.0;0.0
17;49700;INTARIAN_PEPPER_ROOT;30041;10;30040;7;;;30053;11;30056;12;;;30047.5;0.0
17;49800;ASH_COATED_OSMIUM;9985;14;9983;10;9980;12;10001;3;10004;13;10005;12;9993.5;0.0
17;49800;INTARIAN_PEPPER_ROOT;30043;9;30040;10;;;30057;11;30059;8;;;30050.0;0.0
17;49900;ASH_COATED_OSMIUM;9990;13;9988;27;;;10006;12;10008;6;;;9998.5;0.0
17;49900;INTARIAN_PEPPER_ROOT;30039;11;30038;11;30037;25;30056;10;30059;8;30062;12;30048.0;0.0
17;50000;ASH_COATED_OSMIUM;9989;25;9988;11;9987;14;10005;14;10006;10;10008;15;9997.5;0.0
17;50000;INTARIAN_PEPPER_ROOT;30045;12;30042;9;;;30057;10;30060;19;;;30051.0;0.0
17;50100;ASH_COATED_OSMIUM;9983;13;9982;13;9980;14;10002;3;10003;14;10006;27;9992.5;0.0
17;50100;INTARIAN_PEPPER_ROOT;30047;11;30046;11;;;30059;10;30062;9;;;30053.5;0.0
17;50200;ASH_COATED_OSMIUM;9990;28;9987;10;;;10006;13;10008;11;;;9998.0;0.0
17;50200;INTARIAN_PEPPER_ROOT;30041;20;30040;8;30038;11;30054;10;30055;8;30057;8;30047.5;0.0
17;50300;ASH_COATED_OSMIUM;9995;13;9993;5;;;10001;2;10004;20;;;9998.0;0.0
17;50300;INTARIAN_PEPPER_ROOT;30041;12;30039;16;;;30058;9;30059;8;;;30049.5;0.0
17;50400;ASH_COATED_OSMIUM;9985;8;;;;;10001;12;;;;;9993.0;0.0
17;50400;INTARIAN_PEPPER_ROOT;30044;9;;;;;30058;12;;;;;30051.0;0.0
17;50500;ASH_COATED_OSMIUM;9988;26;;;;;10007;15;;;;;9997.5;0.0
17;50500;INTARIAN_PEPPER_ROOT;30043;25;30042;9;30041;10;30056;12;30059;9;30061;11;30050.0;0.0
17;50600;ASH_COATED_OSMIUM;9982;23;;;;;10001;12;;;;;9992.0;0.0
17;50600;INTARIAN_PEPPER_ROOT;30044;20;30042;6;;;30056;9;30058;10;;;30050.0;0.0
17;50700;ASH_COATED_OSMIUM;9984;14;9982;13;9979;11;10000;11;10001;11;10004;15;9992.5;0.0
17;50700;INTARIAN_PEPPER_ROOT;30041;8;30039;8;30037;9;30055;12;30057;9;30060;8;30048.5;0.0
17;50800;ASH_COATED_OSMIUM;9984;12;9981;13;;;10000;27;10001;10;;;9992.5;0.0
17;50800;INTARIAN_PEPPER_ROOT;30045;9;30043;9;30042;12;30064;11;30065;10;30068;8;30054.5;0.0
17;50900;ASH_COATED_OSMIUM;9984;23;;;;;10000;9;;;;;9992.0;0.0
17;50900;INTARIAN_PEPPER_ROOT;30042;10;30040;10;;;30057;9;30060;8;;;30049.5;0.0
17;51000;ASH_COATED_OSMIUM;9981;14;9980;27;;;10002;12;10005;11;;;9992.0;0.0
17;51000;INTARIAN_PEPPER_ROOT;30044;8;;;;;30058;12;;;;;30051.5;0.0
17;51100;ASH_COATED_OSMIUM;9992;14;9990;13;;;10001;12;10002;12;;;9997.0;0.0
17;51100;INTARIAN_PEPPER_ROOT;30044;10;30042;20;30040;12;30057;8;30058;18;30060;22;30050.5;0.0
17;51200;ASH_COATED_OSMIUM;9989;13;9986;14;;;10005;13;10007;15;;;9997.0;0.0
17;51200;INTARIAN_PEPPER_ROOT;30044;16;30041;11;;;30058;21;30061;11;;;30051.5;0.0
17;51300;ASH_COATED_OSMIUM;9983;21;9981;11;;;10002;10;10004;12;;;9992.5;0.0
17;51300;INTARIAN_PEPPER_ROOT;30040;12;30039;11;30038;11;30052;10;30054;9;30055;11;30046.5;0.0
17;51400;ASH_COATED_OSMIUM;9981;14;9980;14;;;10002;15;10003;10;;;9992.0;0.0
17;51400;INTARIAN_PEPPER_ROOT;30046;10;30045;8;30042;9;30051;8;30052;8;30055;11;30048.5;0.0
17;51500;ASH_COATED_OSMIUM;9987;10;9984;11;9981;11;10006;23;10008;13;10010;15;9996.5;0.0
17;51500;INTARIAN_PEPPER_ROOT;30043;22;30041;17;30040;8;30055;8;30057;23;30060;8;30049.0;0.0
17;51600;ASH_COATED_OSMIUM;9988;14;;;;;10004;25;;;;;9996.5;0.0
17;51600;INTARIAN_PEPPER_ROOT;30044;12;;;;;30055;18;;;;;30050.0;0.0
17;51700;ASH_COATED_OSMIUM;9988;10;9985;12;;;10004;12;10006;15;;;9996.5;0.0
17;51700;INTARIAN_PEPPER_ROOT;30046;9;;;;;30059;10;;;;;30053.0;0.0
17;51800;ASH_COATED_OSMIUM;9988;13;9986;15;;;10004;13;10007;3;;;9996.5;0.0
17;51800;INTARIAN_PEPPER_ROOT;30045;12;30044;8;30043;9;30056;9;30059;19;30062;8;30051.0;0.0
17;51900;ASH_COATED_OSMIUM;9992;14;9991;11;;;10001;10;10004;13;;;9997.0;0.0
17;51900;INTARIAN_PEPPER_ROOT;30046;18;30045;11;;;30057;15;30060;9;;;30052.0;0.0
17;52000;ASH_COATED_OSMIUM;9994;10;9991;14;;;10001;11;10002;13;;;9997.5;0.0
17;52000;INTARIAN_PEPPER_ROOT;30045;12;30044;24;30043;8;30057;21;30058;10;30061;15;30051.0;0.0
17;52100;ASH_COATED_OSMIUM;9989;10;;;;;10005;14;;;;;9997.5;0.0
17;52100;INTARIAN_PEPPER_ROOT;30044;15;;;;;30057;12;;;;;30050.5;0.0
17;52200;ASH_COATED_OSMIUM;9989;12;9987;15;9985;10;10005;13;10006;10;10007;13;9997.5;0.0
17;52200;INTARIAN_PEPPER_ROOT;30048;8;30045;11;;;30062;8;30063;12;;;30055.0;0.0
17;52300;ASH_COATED_OSMIUM;9984;20;9983;12;;;10000;10;10002;11;;;9992.5;0.0
17;52300;INTARIAN_PEPPER_ROOT;30046;12;30044;9;30041;9;30058;12;30060;9;30063;11;30052.0;0.0
17;52400;ASH_COATED_OSMIUM;9992;11;9990;14;9987;25;10002;12;10004;11;10006;14;9997.5;0.0
17;52400;INTARIAN_PEPPER_ROOT;30043;19;30040;10;;;30060;22;30062;10;;;30051.5;0.0
17;52500;ASH_COATED_OSMIUM;9989;11;9987;22;;;10005;10;10007;15;;;9997.0;0.0
17;52500;INTARIAN_PEPPER_ROOT;30045;10;30043;10;30041;15;30058;10;30061;10;30062;11;30052.0;0.0
17;52600;ASH_COATED_OSMIUM;9989;14;;;;;10005;14;;;;;9997.5;0.0
17;52600;INTARIAN_PEPPER_ROOT;30042;23;30040;11;;;30059;10;30061;8;;;30051.0;0.0
17;52700;ASH_COATED_OSMIUM;9983;15;;;;;10002;13;;;;;9992.5;0.0
17;52700;INTARIAN_PEPPER_ROOT;30045;15;30043;11;;;30057;10;30058;8;;;30051.0;0.0
17;52800;ASH_COATED_OSMIUM;9989;15;9987;11;;;9995;14;9997;10;;;9992.0;0.0
17;52800;INTARIAN_PEPPER_ROOT;30043;9;30041;8;;;30060;12;30063;11;;;30052.0;0.0
17;52900;ASH_COATED_OSMIUM;9983;13;9981;15;9978;14;9999;10;10000;13;10003;13;9991.5;0.0
17;52900;INTARIAN_PEPPER_ROOT;30046;9;30043;8;30040;10;30063;10;30064;10;30065;12;30054.5;0.0
17;53000;ASH_COATED_OSMIUM;9983;12;;;;;9999;15;;;;;9991.5;0.0
17;53000;INTARIAN_PEPPER_ROOT;30046;10;30045;11;30042;8;30057;12;30058;9;30060;25;30051.5;0.0
17;53100;ASH_COATED_OSMIUM;9988;14;;;;;10004;10;;;;;9996.5;0.0
17;53100;INTARIAN_PEPPER_ROOT;30046;17;;;;;30058;9;;;;;30052.5;0.0
17;53200;ASH_COATED_OSMIUM;9982;9;;;;;10000;24;;;;;9991.5;0.0
17;53200;INTARIAN_PEPPER_ROOT;30049;11;30048;11;;;30061;10;30063;9;;;30055.0;0.0
17;53300;ASH_COATED_OSMIUM;9989;12;9987;12;;;10005;11;10008;13;;;9997.0;0.0
17;53300;INTARIAN_PEPPER_ROOT;30046;8;30044;8;30041;8;30061;12;30063;8;30066;12;30053.5;0.0
17;53400;ASH_COATED_OSMIUM;9988;13;9986;11;;;10004;11;10005;21;;;9996.5;0.0
17;53400;INTARIAN_PEPPER_ROOT;30049;3;30048;10;;;30061;9;30063;10;;;30055.0;0.0
17;53500;ASH_COATED_OSMIUM;9983;10;;;;;9999;13;;;;;9991.5;0.0
17;53500;INTARIAN_PEPPER_ROOT;30044;21;30042;12;;;30059;18;30060;25;;;30051.5;0.0
17;53600;ASH_COATED_OSMIUM;9982;14;9981;15;;;10001;13;10002;20;;;9991.5;0.0
17;53600;INTARIAN_PEPPER_ROOT;30046;12;30044;12;30043;12;30061;8;30062;8;30064;8;30054.0;0.0
17;53700;ASH_COATED_OSMIUM;9982;10;9979;11;9976;26;10000;21;10001;15;10002;26;9991.5;0.0
17;53700;INTARIAN_PEPPER_ROOT;30046;12;30043;6;30041;10;30060;10;30062;12;30063;12;30053.0;0.0
17;53800;ASH_COATED_OSMIUM;9989;13;;;;;10005;11;;;;;9997.0;0.0
17;53800;INTARIAN_PEPPER_ROOT;30047;9;30046;9;;;30058;12;30061;9;;;30053.0;0.0
17;53900;ASH_COATED_OSMIUM;9989;14;;;;;10005;12;;;;;9997.5;0.0
17;53900;INTARIAN_PEPPER_ROOT;30042;12;30039;12;;;30055;8;30058;21;;;30049.0;0.0
17;54000;ASH_COATED_OSMIUM;9982;11;9981;11;;;10001;13;10003;25;;;9992.0;0.0
17;54000;INTARIAN_PEPPER_ROOT;30045;10;30042;25;;;30060;10;30061;11;;;30053.0;0.0
17;54100;ASH_COATED_OSMIUM;9984;11;9982;13;;;10000;15;10003;10;;;9992.0;0.0
17;54100;INTARIAN_PEPPER_ROOT;30046;8;30045;4;;;30063;8;30065;25;;;30054.5;0.0
17;54200;ASH_COATED_OSMIUM;9984;24;9983;5;9981;14;10000;14;10001;15;10002;12;9992.5;0.0
17;54200;INTARIAN_PEPPER_ROOT;30050;11;30049;9;;;30062;11;30065;10;;;30056.5;0.0
17;54300;ASH_COATED_OSMIUM;9984;15;9982;15;9980;15;10000;13;10003;14;10006;4;9992.5;0.0
17;54300;INTARIAN_PEPPER_ROOT;30051;6;30050;8;;;30064;24;30066;9;;;30058.0;0.0
17;54400;ASH_COATED_OSMIUM;9985;10;9984;26;;;10001;13;10002;11;;;9993.0;0.0
17;54400;INTARIAN_PEPPER_ROOT;30046;11;30045;8;;;30059;11;30061;11;;;30053.0;0.0
17;54500;ASH_COATED_OSMIUM;9983;10;;;;;10002;11;;;;;9993.0;0.0
17;54500;INTARIAN_PEPPER_ROOT;30047;12;30045;16;30043;8;30059;22;30061;15;30063;9;30053.5;0.0
17;54600;ASH_COATED_OSMIUM;9990;10;9988;10;;;10006;11;10008;10;;;9998.5;0.0
17;54600;INTARIAN_PEPPER_ROOT;30050;11;30049;8;;;30062;11;30065;9;;;30056.0;0.0
17;54700;ASH_COATED_OSMIUM;9985;15;9983;15;9981;11;10001;15;10004;10;10006;24;9993.0;0.0
17;54700;INTARIAN_PEPPER_ROOT;30055;3;30054;11;;;30059;11;30060;12;;;30057.0;0.0
17;54800;ASH_COATED_OSMIUM;9990;14;9987;13;9986;14;10006;10;10007;13;10009;14;9998.0;0.0
17;54800;INTARIAN_PEPPER_ROOT;30048;12;30045;22;;;30061;10;30062;8;;;30054.5;0.0
17;54900;ASH_COATED_OSMIUM;9983;13;9982;11;;;10002;11;10004;10;;;9993.0;0.0
17;54900;INTARIAN_PEPPER_ROOT;30053;9;30052;10;;;30056;15;30058;12;;;30055.0;0.0
17;55000;ASH_COATED_OSMIUM;9990;26;9988;11;9987;13;10006;14;10008;14;10009;12;9998.0;0.0
17;55000;INTARIAN_PEPPER_ROOT;30051;9;30049;9;;;30064;12;30067;15;;;30058.0;0.0
17;55100;ASH_COATED_OSMIUM;9983;11;9982;15;;;10001;10;10004;14;;;9992.5;0.0
17;55100;INTARIAN_PEPPER_ROOT;30048;6;30046;12;;;30060;18;30063;9;;;30054.5;0.0
17;55200;ASH_COATED_OSMIUM;9989;14;9988;10;9985;10;10007;13;10009;14;10012;23;9998.0;0.0
17;55200;INTARIAN_PEPPER_ROOT;30052;8;30049;11;30048;24;30064;21;30067;12;30068;8;30058.5;0.0
17;55300;ASH_COATED_OSMIUM;9990;14;;;;;10006;30;;;;;9998.5;0.0
17;55300;INTARIAN_PEPPER_ROOT;30048;9;30045;5;;;30061;24;30064;10;;;30055.0;0.0
17;55400;ASH_COATED_OSMIUM;9989;28;;;;;10005;15;;;;;9997.5;0.0
17;55400;INTARIAN_PEPPER_ROOT;30048;10;30046;17;;;30065;11;30066;11;;;30057.0;0.0
17;55500;ASH_COATED_OSMIUM;9989;10;9986;12;9983;29;10005;13;10008;10;10009;12;9997.5;0.0
17;55500;INTARIAN_PEPPER_ROOT;30049;11;30046;11;;;30060;12;30062;11;;;30055.0;0.0
17;55600;ASH_COATED_OSMIUM;9982;10;9979;25;;;10001;21;10003;24;;;9992.0;0.0
17;55600;INTARIAN_PEPPER_ROOT;30049;8;30048;10;30045;9;30063;12;30065;12;30066;11;30056.0;0.0
17;55700;ASH_COATED_OSMIUM;9990;11;9989;11;9987;21;10006;13;10007;12;10010;12;9998.5;0.0
17;55700;INTARIAN_PEPPER_ROOT;30051;12;30050;11;30047;11;30064;6;30067;24;30068;18;30058.0;0.0
17;55800;ASH_COATED_OSMIUM;9989;15;;;;;10008;21;;;;;9999.0;0.0
17;55800;INTARIAN_PEPPER_ROOT;30051;16;30048;10;;;30063;10;30064;12;;;30057.0;0.0
17;55900;ASH_COATED_OSMIUM;9990;3;9987;14;;;10008;11;10009;24;;;9999.5;0.0
17;55900;INTARIAN_PEPPER_ROOT;30046;10;30043;10;30041;24;30057;9;30058;16;30059;9;30051.5;0.0
17;56000;ASH_COATED_OSMIUM;9992;10;9990;13;;;10008;11;10010;14;;;10000.0;0.0
17;56000;INTARIAN_PEPPER_ROOT;30047;11;;;;;30064;23;;;;;30056.0;0.0
17;56100;ASH_COATED_OSMIUM;9992;13;9989;13;;;10008;14;10010;24;;;10000.0;0.0
17;56100;INTARIAN_PEPPER_ROOT;30051;21;30050;12;;;30064;8;30067;9;;;30057.5;0.0
17;56200;ASH_COATED_OSMIUM;9992;10;;;;;10008;13;;;;;10000.0;0.0
17;56200;INTARIAN_PEPPER_ROOT;30051;21;30048;8;;;30065;12;30068;21;;;30058.0;0.0
17;56300;ASH_COATED_OSMIUM;9989;14;9986;11;;;10010;13;10011;15;;;10000.0;0.0
17;56300;INTARIAN_PEPPER_ROOT;30049;15;30048;11;;;30061;10;30062;8;;;30055.5;0.0
17;56400;ASH_COATED_OSMIUM;9992;14;9989;10;9987;14;10008;12;10011;10;10012;12;10000.0;0.0
17;56400;INTARIAN_PEPPER_ROOT;30053;20;;;;;30065;11;;;;;30059.0;0.0
17;56500;ASH_COATED_OSMIUM;9990;11;9989;5;9986;14;10009;10;10011;12;10014;11;9999.5;0.0
17;56500;INTARIAN_PEPPER_ROOT;30053;10;30050;9;;;30065;9;30067;23;;;30059.0;0.0
17;56600;ASH_COATED_OSMIUM;9991;14;9990;14;;;10007;15;10008;26;;;9999.5;0.0
17;56600;INTARIAN_PEPPER_ROOT;30047;11;;;;;30059;11;;;;;30053.5;0.0
17;56700;ASH_COATED_OSMIUM;9992;29;9990;13;;;10008;11;10009;15;;;10000.0;0.0
17;56700;INTARIAN_PEPPER_ROOT;30055;11;30052;10;;;30067;11;30068;9;;;30061.0;0.0
17;56800;ASH_COATED_OSMIUM;9986;10;9984;13;9983;13;10002;10;10003;12;10004;11;9994.5;0.0
17;56800;INTARIAN_PEPPER_ROOT;30052;24;30050;12;30049;6;30065;10;30066;12;30068;24;30059.0;0.0
17;56900;ASH_COATED_OSMIUM;9991;5;9990;14;9987;12;10009;10;10011;11;10013;8;10000.0;0.0
17;56900;INTARIAN_PEPPER_ROOT;30050;9;;;;;30064;10;;;;;30057.0;0.0
17;57000;ASH_COATED_OSMIUM;9992;14;9991;15;;;10008;11;10010;27;;;10000.0;0.0
17;57000;INTARIAN_PEPPER_ROOT;30051;8;;;;;30063;10;;;;;30057.0;0.0
17;57100;ASH_COATED_OSMIUM;9986;14;;;;;10002;12;;;;;9994.5;0.0
17;57100;INTARIAN_PEPPER_ROOT;30052;8;30051;21;;;30063;25;30066;11;;;30058.0;0.0
17;57200;ASH_COATED_OSMIUM;9996;12;9994;14;;;10005;14;10008;26;;;10000.5;0.0
17;57200;INTARIAN_PEPPER_ROOT;30052;8;;;;;30064;10;;;;;30058.5;0.0
17;57300;ASH_COATED_OSMIUM;9985;13;9983;29;9980;12;10004;11;10006;28;10007;10;9995.0;0.0
17;57300;INTARIAN_PEPPER_ROOT;30051;9;30050;18;30049;10;30063;8;30065;10;30066;12;30057.0;0.0
17;57400;ASH_COATED_OSMIUM;9987;29;9986;12;9985;14;10003;15;10005;14;10007;13;9995.0;0.0
17;57400;INTARIAN_PEPPER_ROOT;30049;11;;;;;30061;9;;;;;30055.5;0.0
17;57500;ASH_COATED_OSMIUM;9992;12;9991;10;;;10008;3;10010;3;;;10000.0;0.0
17;57500;INTARIAN_PEPPER_ROOT;30049;11;30046;11;30043;21;30061;9;30062;9;30063;11;30055.5;0.0
17;57600;ASH_COATED_OSMIUM;9987;14;9984;14;9982;20;10003;4;10004;13;10007;30;9995.5;0.0
17;57600;INTARIAN_PEPPER_ROOT;30053;12;30051;9;;;30065;10;30067;8;;;30059.5;0.0
17;57700;ASH_COATED_OSMIUM;9987;15;9985;12;9984;15;10003;13;10005;23;10006;12;9995.0;0.0
17;57700;INTARIAN_PEPPER_ROOT;30052;10;30051;11;;;30069;9;30070;21;;;30060.5;0.0
17;57800;ASH_COATED_OSMIUM;9991;30;;;;;9998;14;;;;;9994.5;0.0
17;57800;INTARIAN_PEPPER_ROOT;30053;8;30050;9;;;30064;11;30065;11;;;30058.5;0.0
17;57900;ASH_COATED_OSMIUM;9989;12;9987;11;9985;20;9999;10;10001;15;10003;13;9994.5;0.0
17;57900;INTARIAN_PEPPER_ROOT;30054;10;;;;;30067;9;;;;;30061.0;0.0
17;58000;ASH_COATED_OSMIUM;9992;28;9990;13;;;10008;15;10010;11;;;10000.0;0.0
17;58000;INTARIAN_PEPPER_ROOT;30050;12;30049;12;;;30067;23;30070;10;;;30058.5;0.0
17;58100;ASH_COATED_OSMIUM;9991;15;9990;11;9987;12;9998;13;10000;13;10002;14;9994.5;0.0
17;58100;INTARIAN_PEPPER_ROOT;30054;10;30051;8;30050;10;30071;8;30073;10;30074;11;30062.5;0.0
17;58200;ASH_COATED_OSMIUM;9986;15;9985;13;;;10002;14;10004;13;;;9994.5;0.0
17;58200;INTARIAN_PEPPER_ROOT;30051;11;;;;;30068;8;;;;;30060.0;0.0
17;58300;ASH_COATED_OSMIUM;9985;11;9984;11;;;10004;11;10005;15;;;9994.5;0.0
17;58300;INTARIAN_PEPPER_ROOT;30053;10;30052;8;;;30066;15;30068;9;;;30060.0;0.0
17;58400;ASH_COATED_OSMIUM;9986;12;9984;11;9982;12;10002;3;10003;15;10006;10;9994.5;0.0
17;58400;INTARIAN_PEPPER_ROOT;30050;24;30048;8;30045;15;30064;11;30066;8;30067;11;30057.5;0.0
17;58500;ASH_COATED_OSMIUM;9992;10;9991;11;9988;13;10008;13;10010;13;10012;13;10000.0;0.0
17;58500;INTARIAN_PEPPER_ROOT;30055;12;30053;20;;;30068;11;30069;8;;;30062.0;0.0
17;58600;ASH_COATED_OSMIUM;9991;10;;;;;10007;29;;;;;9999.5;0.0
17;58600;INTARIAN_PEPPER_ROOT;30049;24;30047;10;;;30063;8;30065;12;;;30056.5;0.0
17;58700;ASH_COATED_OSMIUM;9986;12;9985;13;;;10002;15;10005;22;;;9994.5;0.0
17;58700;INTARIAN_PEPPER_ROOT;30053;12;30051;12;;;30066;12;30068;22;;;30059.5;0.0
17;58800;ASH_COATED_OSMIUM;9991;12;9989;23;9986;14;10009;7;10011;10;10013;15;10000.5;0.0
17;58800;INTARIAN_PEPPER_ROOT;30052;11;30051;9;;;30066;10;30068;10;;;30059.0;0.0
17;58900;ASH_COATED_OSMIUM;9992;13;9989;15;9988;12;10008;15;10011;26;10012;11;10000.5;0.0
17;58900;INTARIAN_PEPPER_ROOT;30053;9;30050;9;;;30064;22;30067;8;;;30059.0;0.0
17;59000;ASH_COATED_OSMIUM;9990;10;9989;26;;;10001;11;10003;11;;;9995.5;0.0
17;59000;INTARIAN_PEPPER_ROOT;30053;9;30051;5;30048;22;30065;11;30066;22;30069;9;30059.0;0.0
17;59100;ASH_COATED_OSMIUM;9991;14;9988;14;;;10010;15;10013;13;;;10000.5;0.0
17;59100;INTARIAN_PEPPER_ROOT;30051;6;30050;10;;;30062;8;30063;8;;;30056.5;0.0
17;59200;ASH_COATED_OSMIUM;9986;15;;;;;10005;23;;;;;9995.5;0.0
17;59200;INTARIAN_PEPPER_ROOT;30050;11;30047;12;;;30062;11;30065;9;;;30056.5;0.0
17;59300;ASH_COATED_OSMIUM;9987;10;9986;25;9985;12;10003;10;10006;12;10007;12;9995.5;0.0
17;59300;INTARIAN_PEPPER_ROOT;30055;24;;;;;30069;9;;;;;30062.0;0.0
17;59400;ASH_COATED_OSMIUM;9988;15;;;;;10004;29;;;;;9996.0;0.0
17;59400;INTARIAN_PEPPER_ROOT;30055;9;30053;12;;;30072;10;30073;9;;;30063.5;0.0
17;59500;ASH_COATED_OSMIUM;9991;13;;;;;10010;10;;;;;10001.0;0.0
17;59500;INTARIAN_PEPPER_ROOT;30053;23;30051;11;30048;12;30067;23;30070;25;30072;23;30060.0;0.0
17;59600;ASH_COATED_OSMIUM;9985;11;;;;;10004;12;;;;;9995.0;0.0
17;59600;INTARIAN_PEPPER_ROOT;30053;11;;;;;30066;12;;;;;30059.5;0.0
17;59700;ASH_COATED_OSMIUM;9990;15;;;;;10009;14;;;;;10000.0;0.0
17;59700;INTARIAN_PEPPER_ROOT;30055;12;;;;;30066;9;;;;;30060.5;0.0
17;59800;ASH_COATED_OSMIUM;9992;3;;;;;10008;12;;;;;10000.0;0.0
17;59800;INTARIAN_PEPPER_ROOT;30051;10;;;;;30065;12;;;;;30058.0;0.0
17;59900;ASH_COATED_OSMIUM;9986;12;9985;25;;;10004;23;10007;28;;;9995.0;0.0
17;59900;INTARIAN_PEPPER_ROOT;30056;10;;;;;30067;11;;;;;30061.5;0.0
17;60000;ASH_COATED_OSMIUM;9992;15;9989;15;;;10008;1;10009;14;;;10000.0;0.0
17;60000;INTARIAN_PEPPER_ROOT;30054;10;;;;;30068;8;;;;;30061.5;0.0
17;60100;ASH_COATED_OSMIUM;9987;10;;;;;10003;11;;;;;9995.0;0.0
17;60100;INTARIAN_PEPPER_ROOT;30056;5;30055;11;;;30067;10;30069;7;;;30062.0;0.0
17;60200;ASH_COATED_OSMIUM;9987;13;;;;;10003;10;;;;;9995.0;0.0
17;60200;INTARIAN_PEPPER_ROOT;30053;7;;;;;30068;12;;;;;30060.5;0.0
17;60300;ASH_COATED_OSMIUM;9986;14;9984;10;9981;15;10002;29;10003;15;10006;10;9994.5;0.0
17;60300;INTARIAN_PEPPER_ROOT;30056;21;30053;8;30051;16;30067;10;30069;15;30072;8;30061.5;0.0
17;60400;ASH_COATED_OSMIUM;9986;21;9985;10;9982;22;10002;15;10005;11;10008;11;9994.5;0.0
17;60400;INTARIAN_PEPPER_ROOT;30050;8;30047;8;;;30062;10;30064;17;;;30056.0;0.0
17;60500;ASH_COATED_OSMIUM;9986;12;;;;;10002;15;;;;;9994.0;0.0
17;60500;INTARIAN_PEPPER_ROOT;30052;11;30051;24;30050;20;30066;20;30068;10;30071;12;30059.0;0.0
17;60600;ASH_COATED_OSMIUM;9986;13;9983;13;9980;20;10002;26;10003;10;10005;11;9994.5;0.0
17;60600;INTARIAN_PEPPER_ROOT;30054;11;30051;10;;;30068;9;30070;11;;;30061.0;0.0
17;60700;ASH_COATED_OSMIUM;9986;14;9985;27;;;10002;11;10004;25;;;9994.5;0.0
17;60700;INTARIAN_PEPPER_ROOT;30056;10;30053;11;;;30067;11;30069;8;;;30062.0;0.0
17;60800;ASH_COATED_OSMIUM;9986;30;;;;;10002;15;;;;;9994.0;0.0
17;60800;INTARIAN_PEPPER_ROOT;30054;20;;;;;30068;10;;;;;30061.5;0.0
17;60900;ASH_COATED_OSMIUM;9990;13;;;;;10008;12;;;;;9999.0;0.0
17;60900;INTARIAN_PEPPER_ROOT;30055;12;30053;8;30051;9;30069;8;30072;10;30075;12;30062.5;0.0
17;61000;ASH_COATED_OSMIUM;9984;27;9983;14;;;10005;10;10006;10;;;9994.5;0.0
17;61000;INTARIAN_PEPPER_ROOT;30056;25;;;;;30068;8;;;;;30062.5;0.0
17;61100;ASH_COATED_OSMIUM;9991;10;9988;14;9985;14;10009;23;10010;13;10011;15;10000.0;0.0
17;61100;INTARIAN_PEPPER_ROOT;30053;18;;;;;30066;9;;;;;30060.0;0.0
17;61200;ASH_COATED_OSMIUM;9987;26;9986;12;;;10003;11;10005;13;;;9995.0;0.0
17;61200;INTARIAN_PEPPER_ROOT;30052;10;30049;12;;;30065;9;30067;11;;;30059.0;0.0
17;61300;ASH_COATED_OSMIUM;9985;10;9983;15;;;10003;13;10005;15;;;9994.5;0.0
17;61300;INTARIAN_PEPPER_ROOT;30052;9;30050;19;;;30066;16;30069;24;;;30059.5;0.0
17;61400;ASH_COATED_OSMIUM;9987;9;9984;15;9982;15;10003;15;10004;30;10006;21;9995.0;0.0
17;61400;INTARIAN_PEPPER_ROOT;30053;11;30050;9;;;30065;11;30067;8;;;30059.5;0.0
17;61500;ASH_COATED_OSMIUM;9997;11;9996;6;9993;13;10003;10;10005;10;10006;28;10000.0;0.0
17;61500;INTARIAN_PEPPER_ROOT;30060;8;;;;;30071;11;;;;;30065.5;0.0
17;61600;ASH_COATED_OSMIUM;9992;11;9989;20;9988;14;10008;13;10010;14;10012;3;10000.0;0.0
17;61600;INTARIAN_PEPPER_ROOT;30056;8;30054;12;30051;11;30071;8;30073;12;30076;11;30063.5;0.0
17;61700;ASH_COATED_OSMIUM;9991;15;9988;11;9985;15;10009;14;10012;13;10014;13;10000.0;0.0
17;61700;INTARIAN_PEPPER_ROOT;30053;5;30051;15;;;30070;9;30071;9;;;30062.0;0.0
17;61800;ASH_COATED_OSMIUM;9991;11;9989;15;;;10010;14;10011;15;;;10000.5;0.0
17;61800;INTARIAN_PEPPER_ROOT;30055;9;30052;11;;;30068;25;30069;10;;;30061.5;0.0
17;61900;ASH_COATED_OSMIUM;9986;13;9985;15;;;10004;10;10006;15;;;9995.5;0.0
17;61900;INTARIAN_PEPPER_ROOT;30057;10;30054;8;;;30070;9;30072;8;;;30063.5;0.0
17;62000;ASH_COATED_OSMIUM;9993;12;9992;14;;;10009;24;10012;12;;;10001.0;0.0
17;62000;INTARIAN_PEPPER_ROOT;30054;8;30052;12;30050;10;30068;23;30071;12;30074;11;30061.5;0.0
17;62100;ASH_COATED_OSMIUM;9992;15;9989;13;9987;10;10008;14;10011;11;10012;15;10000.5;0.0
17;62100;INTARIAN_PEPPER_ROOT;30053;22;30052;11;;;30066;10;30069;7;;;30060.0;0.0
17;62200;ASH_COATED_OSMIUM;9987;15;9986;29;;;10003;15;10005;12;;;9995.0;0.0
17;62200;INTARIAN_PEPPER_ROOT;30056;12;;;;;30069;8;;;;;30063.0;0.0
17;62300;ASH_COATED_OSMIUM;9992;21;9989;14;;;10007;13;10008;23;;;10000.0;0.0
17;62300;INTARIAN_PEPPER_ROOT;30060;9;30058;6;;;30072;11;30074;9;;;30066.0;0.0
17;62400;ASH_COATED_OSMIUM;9992;10;9989;13;;;10008;12;10011;13;;;10000.5;0.0
17;62400;INTARIAN_PEPPER_ROOT;30058;9;30057;10;30055;10;30069;24;30072;9;30074;9;30063.5;0.0
17;62500;ASH_COATED_OSMIUM;9991;15;9988;15;9985;25;10010;12;10011;14;10014;14;10000.5;0.0
17;62500;INTARIAN_PEPPER_ROOT;30055;10;30054;15;;;30071;8;30074;10;;;30063.0;0.0
17;62600;ASH_COATED_OSMIUM;9987;13;;;;;10003;12;;;;;9995.0;0.0
17;62600;INTARIAN_PEPPER_ROOT;30052;11;30049;24;;;30065;8;30066;12;;;30058.5;0.0
17;62700;ASH_COATED_OSMIUM;9987;30;9985;11;9982;13;10003;12;10005;10;10008;11;9995.0;0.0
17;62700;INTARIAN_PEPPER_ROOT;30059;24;;;;;30074;22;;;;;30067.0;0.0
17;62800;ASH_COATED_OSMIUM;9987;14;9986;11;9984;11;10003;13;10005;13;10007;13;9995.0;0.0
17;62800;INTARIAN_PEPPER_ROOT;30056;12;30054;8;;;30069;11;30071;10;;;30063.0;0.0
17;62900;ASH_COATED_OSMIUM;9992;11;9990;11;;;10008;10;10009;12;;;10000.0;0.0
17;62900;INTARIAN_PEPPER_ROOT;30058;9;30057;9;;;30070;9;30071;10;;;30064.0;0.0
17;63000;ASH_COATED_OSMIUM;9986;15;9985;12;9984;10;10002;30;10003;26;10006;15;9994.5;0.0
17;63000;INTARIAN_PEPPER_ROOT;30052;10;30049;8;;;30066;10;30067;11;;;30059.0;0.0
17;63100;ASH_COATED_OSMIUM;9991;10;9989;12;9988;10;10007;11;10008;11;10011;29;9999.5;0.0
17;63100;INTARIAN_PEPPER_ROOT;30056;11;30055;10;30054;12;30068;12;30070;8;30071;12;30062.0;0.0
17;63200;ASH_COATED_OSMIUM;9986;21;9983;13;9980;12;10002;11;10003;15;10005;10;9994.0;0.0
17;63200;INTARIAN_PEPPER_ROOT;30055;9;;;;;30069;8;;;;;30062.5;0.0
17;63300;ASH_COATED_OSMIUM;9984;11;9981;10;9979;15;10003;12;10005;14;10006;13;9994.0;0.0
17;63300;INTARIAN_PEPPER_ROOT;30052;8;30050;9;30047;8;30069;7;30070;12;30073;12;30061.0;0.0
17;63400;ASH_COATED_OSMIUM;9992;11;;;;;10008;14;;;;;10000.0;0.0
17;63400;INTARIAN_PEPPER_ROOT;30054;12;30051;12;30048;10;30067;9;30069;9;30071;11;30061.0;0.0
17;63500;ASH_COATED_OSMIUM;9986;28;9983;30;;;10002;13;10005;20;;;9994.5;0.0
17;63500;INTARIAN_PEPPER_ROOT;30057;10;30055;22;30054;9;30073;20;30074;20;30077;25;30065.0;0.0
17;63600;ASH_COATED_OSMIUM;9986;12;;;;;10004;14;;;;;9995.0;0.0
17;63600;INTARIAN_PEPPER_ROOT;30057;8;30055;12;30054;10;30069;8;30071;9;30073;12;30063.5;0.0
17;63700;ASH_COATED_OSMIUM;9991;12;9989;15;9987;10;10007;14;10008;10;10009;11;9999.5;0.0
17;63700;INTARIAN_PEPPER_ROOT;30058;8;30055;9;;;30071;11;30074;11;;;30064.5;0.0
17;63800;ASH_COATED_OSMIUM;9986;10;9985;27;;;10002;28;10003;20;;;9994.0;0.0
17;63800;INTARIAN_PEPPER_ROOT;30056;11;30055;9;30054;23;30069;9;30072;11;30073;10;30063.0;0.0
17;63900;ASH_COATED_OSMIUM;9985;15;9983;13;9980;13;10003;21;10004;27;10005;29;9994.5;0.0
17;63900;INTARIAN_PEPPER_ROOT;30058;12;30056;8;;;30069;10;30071;9;;;30064.0;0.0
17;64000;ASH_COATED_OSMIUM;9991;14;;;;;9998;13;;;;;9994.5;0.0
