day;timestamp;product;bid_price_1;bid_volume_1;bid_price_2;bid_volume_2;bid_price_3;bid_volume_3;ask_price_1;ask_volume_1;ask_price_2;ask_volume_2;ask_price_3;ask_volume_3;mid_price;profit_and_loss
41;0;ASH_COATED_OSMIUM;9996;11;9993;14;9992;12;10012;11;10013;15;10015;11;10004.0;0.0
41;0;INTARIAN_PEPPER_ROOT;53994;12;53992;11;;;54006;23;54008;10;;;54000.0;0.0
41;100;ASH_COATED_OSMIUM;9992;15;;;;;10008;10;;;;;10000.0;0.0
41;100;INTARIAN_PEPPER_ROOT;53992;11;53989;9;53987;8;54005;8;54006;8;54009;11;53998.5;0.0
41;200;ASH_COATED_OSMIUM;9997;10;9994;10;;;10013;10;10015;11;;;10005.0;0.0
41;200;INTARIAN_PEPPER_ROOT;53994;20;53991;9;;;54006;25;54007;9;;;54000.5;0.0
41;300;ASH_COATED_OSMIUM;9991;14;9988;13;;;10007;13;10010;13;;;9999.0;0.0
41;300;INTARIAN_PEPPER_ROOT;53996;12;53995;10;;;54010;12;54011;12;;;54003.5;0.0
41;400;ASH_COATED_OSMIUM;9989;11;9987;10;9986;22;10005;12;10006;14;10007;11;9997.0;0.0
41;400;INTARIAN_PEPPER_ROOT;53995;11;53993;9;;;54007;10;54010;11;;;54001.5;0.0
41;500;ASH_COATED_OSMIUM;9991;3;;;;;10010;11;;;;;10001.0;0.0
41;500;INTARIAN_PEPPER_ROOT;53991;12;;;;;54004;10;;;;;53998.0;0.0
41;600;ASH_COATED_OSMIUM;9994;14;9992;12;;;10004;15;10005;14;;;9999.0;0.0
41;600;INTARIAN_PEPPER_ROOT;53990;8;53987;10;;;54001;12;54002;23;;;53996.0;0.0
41;700;ASH_COATED_OSMIUM;9990;11;9989;11;;;10006;15;10008;10;;;9998.5;0.0
41;700;INTARIAN_PEPPER_ROOT;53990;12;53989;10;53988;10;54003;15;54005;12;54006;10;53996.5;0.0
41;800;ASH_COATED_OSMIUM;9987;14;;;;;10003;13;;;;;9995.5;0.0
41;800;INTARIAN_PEPPER_ROOT;53992;24;53989;12;53986;12;54009;11;54012;11;54015;11;54000.5;0.0
41;900;ASH_COATED_OSMIUM;9991;14;9988;25;9987;11;10007;13;10010;27;10013;12;9999.5;0.0
41;900;INTARIAN_PEPPER_ROOT;53994;11;53993;11;;;54007;12;54010;12;;;54000.5;0.0
41;1000;ASH_COATED_OSMIUM;9984;10;;;;;10000;11;;;;;9992.0;0.0
41;1000;INTARIAN_PEPPER_ROOT;53997;15;53994;20;;;54009;11;54010;12;;;54003.0;0.0
41;1100;ASH_COATED_OSMIUM;9985;13;;;;;10001;4;;;;;9993.5;0.0
41;1100;INTARIAN_PEPPER_ROOT;53995;12;53992;11;53991;9;54008;8;54010;15;54012;10;54002.0;0.0
41;1200;ASH_COATED_OSMIUM;9989;13;9986;11;;;10005;13;10008;15;;;9997.5;0.0
41;1200;INTARIAN_PEPPER_ROOT;53994;12;;;;;54008;21;;;;;54001.5;0.0
41;1300;ASH_COATED_OSMIUM;9989;15;9986;10;;;10005;13;10008;11;;;9997.5;0.0
41;1300;INTARIAN_PEPPER_ROOT;53993;8;53992;9;;;54005;25;54007;10;;;53999.5;0.0
41;1400;ASH_COATED_OSMIUM;9988;11;9986;15;;;10004;13;10005;29;;;9996.5;0.0
41;1400;INTARIAN_PEPPER_ROOT;54000;8;53997;9;53996;12;54007;21;54009;10;54012;9;54003.5;0.0
41;1500;ASH_COATED_OSMIUM;9986;11;9985;11;9983;11;10002;11;10004;14;10005;15;9994.0;0.0
41;1500;INTARIAN_PEPPER_ROOT;53996;9;53993;12;;;54008;9;54009;10;;;54002.0;0.0
41;1600;ASH_COATED_OSMIUM;9988;22;9986;10;;;10004;14;10005;13;;;9996.5;0.0
41;1600;INTARIAN_PEPPER_ROOT;53994;12;53993;19;;;54006;9;54007;9;;;54000.0;0.0
41;1700;ASH_COATED_OSMIUM;9990;3;9989;30;;;10006;15;10007;23;;;9998.0;0.0
41;1700;INTARIAN_PEPPER_ROOT;53997;12;53995;9;53994;12;54010;8;54011;9;54014;11;54003.5;0.0
41;1800;ASH_COATED_OSMIUM;9990;14;9988;12;;;10008;11;10009;4;;;9999.0;0.0
41;1800;INTARIAN_PEPPER_ROOT;53995;8;53994;8;;;54012;12;54013;22;;;54004.0;0.0
41;1900;ASH_COATED_OSMIUM;9986;13;;;;;10005;14;;;;;9996.0;0.0
41;1900;INTARIAN_PEPPER_ROOT;53993;10;53992;24;;;54005;22;54007;11;;;53999.5;0.0
41;2000;ASH_COATED_OSMIUM;9984;11;9981;10;9980;11;10000;28;10003;4;10004;11;9992.0;0.0
41;2000;INTARIAN_PEPPER_ROOT;53995;9;;;;;54010;8;;;;;54002.5;0.0
41;2100;ASH_COATED_OSMIUM;9984;11;9982;14;;;10003;12;10005;11;;;9993.5;0.0
41;2100;INTARIAN_PEPPER_ROOT;54002;8;54001;10;;;54013;9;54014;11;;;54008.0;0.0
41;2200;ASH_COATED_OSMIUM;9995;15;9993;14;9991;30;10001;10;10004;13;10007;10;9998.0;0.0
41;2200;INTARIAN_PEPPER_ROOT;53994;8;53993;9;53991;8;54009;9;54010;8;54013;11;54001.5;0.0
41;2300;ASH_COATED_OSMIUM;9988;13;9986;5;;;10007;12;10010;12;;;9998.0;0.0
41;2300;INTARIAN_PEPPER_ROOT;53994;12;;;;;54010;10;;;;;54002.5;0.0
41;2400;ASH_COATED_OSMIUM;9994;11;9992;12;;;10010;10;10012;28;;;10002.0;0.0
41;2400;INTARIAN_PEPPER_ROOT;53995;12;53994;10;;;54011;11;54014;8;;;54003.5;0.0
41;2500;ASH_COATED_OSMIUM;9989;12;9987;10;9985;11;10005;13;10008;15;10010;10;9997.5;0.0
41;2500;INTARIAN_PEPPER_ROOT;53996;8;53993;9;;;54008;12;54010;16;;;54002.5;0.0
41;2600;ASH_COATED_OSMIUM;9999;11;9997;13;9996;12;10004;11;10006;10;10007;14;10002.0;0.0
41;2600;INTARIAN_PEPPER_ROOT;53997;21;;;;;54011;11;;;;;54004.0;0.0
41;2700;ASH_COATED_OSMIUM;9987;10;9986;5;;;10003;11;10004;10;;;9995.0;0.0
41;2700;INTARIAN_PEPPER_ROOT;54000;9;;;;;54011;15;;;;;54005.5;0.0
41;2800;ASH_COATED_OSMIUM;9994;13;;;;;10002;13;;;;;9998.0;0.0
41;2800;INTARIAN_PEPPER_ROOT;53998;23;;;;;54011;17;;;;;54005.0;0.0
41;2900;ASH_COATED_OSMIUM;9986;10;9985;14;;;10002;12;10003;14;;;9994.0;0.0
41;2900;INTARIAN_PEPPER_ROOT;53997;10;53994;11;;;54012;20;54015;23;;;54004.5;0.0
41;3000;ASH_COATED_OSMIUM;9986;10;9983;10;9982;13;10002;11;10003;27;10005;30;9994.5;0.0
41;3000;INTARIAN_PEPPER_ROOT;53999;12;53996;10;53995;12;54012;11;54013;8;54016;8;54005.5;0.0
41;3100;ASH_COATED_OSMIUM;9990;12;9988;15;9986;15;10006;30;10008;2;10009;12;9998.5;0.0
41;3100;INTARIAN_PEPPER_ROOT;53995;9;;;;;54008;8;;;;;54002.0;0.0
41;3200;ASH_COATED_OSMIUM;9991;14;;;;;10010;13;;;;;10000.5;0.0
41;3200;INTARIAN_PEPPER_ROOT;53997;8;53994;10;53991;10;54010;9;54011;12;54012;8;54004.0;0.0
41;3300;ASH_COATED_OSMIUM;9989;12;;;;;10008;15;;;;;9998.5;0.0
41;3300;INTARIAN_PEPPER_ROOT;53996;12;53995;12;53994;20;54010;8;54013;17;54015;22;54003.5;0.0
41;3400;ASH_COATED_OSMIUM;9986;12;9984;13;;;10004;30;10007;13;;;9995.5;0.0
41;3400;INTARIAN_PEPPER_ROOT;53999;25;;;;;54010;21;;;;;54004.5;0.0
41;3500;ASH_COATED_OSMIUM;9987;10;9986;12;;;10003;23;10005;30;;;9995.5;0.0
41;3500;INTARIAN_PEPPER_ROOT;53995;12;;;;;54009;8;;;;;54002.5;0.0
41;3600;ASH_COATED_OSMIUM;9988;13;;;;;9999;13;;;;;9993.5;0.0
41;3600;INTARIAN_PEPPER_ROOT;53998;23;53996;20;;;54011;12;54013;25;;;54004.5;0.0
41;3700;ASH_COATED_OSMIUM;9988;29;9986;10;;;10006;10;10009;11;;;9997.5;0.0
41;3700;INTARIAN_PEPPER_ROOT;53998;11;53996;8;;;54012;12;54014;11;;;54005.5;0.0
41;3800;ASH_COATED_OSMIUM;9987;10;9985;22;9982;11;10003;30;10005;11;10008;25;9995.0;0.0
41;3800;INTARIAN_PEPPER_ROOT;53993;11;53992;10;53990;9;54013;9;54014;17;54017;10;54003.5;0.0
41;3900;ASH_COATED_OSMIUM;9984;10;9983;13;9981;20;10002;11;10004;10;10007;15;9993.0;0.0
41;3900;INTARIAN_PEPPER_ROOT;53996;11;53994;10;;;54007;21;54010;10;;;54002.0;0.0
41;4000;ASH_COATED_OSMIUM;9985;14;;;;;10001;13;;;;;9993.0;0.0
41;4000;INTARIAN_PEPPER_ROOT;53998;8;53996;24;53994;11;54010;9;54011;6;54014;16;54004.0;0.0
41;4100;ASH_COATED_OSMIUM;9984;15;9982;14;9979;10;10005;15;10008;26;10011;14;9994.5;0.0
41;4100;INTARIAN_PEPPER_ROOT;53993;10;53992;20;53990;8;54006;12;54007;10;54010;11;54000.0;0.0
41;4200;ASH_COATED_OSMIUM;9982;10;9979;15;9976;11;9998;14;10000;13;10003;30;9990.5;0.0
41;4200;INTARIAN_PEPPER_ROOT;53994;19;;;;;54008;9;;;;;54001.5;0.0
41;4300;ASH_COATED_OSMIUM;9989;10;9986;13;;;10005;11;10008;12;;;9997.0;0.0
41;4300;INTARIAN_PEPPER_ROOT;53993;12;53990;20;;;54010;11;54012;9;;;54001.5;0.0
41;4400;ASH_COATED_OSMIUM;9986;12;;;;;10005;14;;;;;9995.5;0.0
41;4400;INTARIAN_PEPPER_ROOT;53998;8;53996;22;;;54010;10;54013;11;;;54004.5;0.0
41;4500;ASH_COATED_OSMIUM;9985;11;9982;15;9980;27;10001;29;10003;15;10006;15;9993.0;0.0
41;4500;INTARIAN_PEPPER_ROOT;53998;8;53997;9;;;54014;11;54016;24;;;54006.0;0.0
41;4600;ASH_COATED_OSMIUM;9982;12;9980;20;;;10000;13;10002;21;;;9991.0;0.0
41;4600;INTARIAN_PEPPER_ROOT;53994;16;53992;16;;;54011;9;54012;11;;;54003.0;0.0
41;4700;ASH_COATED_OSMIUM;9982;10;;;;;9998;14;;;;;9990.5;0.0
41;4700;INTARIAN_PEPPER_ROOT;54001;9;;;;;54013;19;;;;;54007.0;0.0
41;4800;ASH_COATED_OSMIUM;9981;11;9980;12;;;9997;10;10000;21;;;9989.5;0.0
41;4800;INTARIAN_PEPPER_ROOT;54001;17;53998;12;;;54012;8;54014;12;;;54007.0;0.0
41;4900;ASH_COATED_OSMIUM;9984;15;9983;11;9982;11;9991;2;9994;10;9996;13;9988.0;0.0
41;4900;INTARIAN_PEPPER_ROOT;53994;10;53991;12;53988;9;54011;9;54013;8;54015;21;54003.0;0.0
41;5000;ASH_COATED_OSMIUM;9978;11;9977;15;9975;10;9994;15;9995;14;9997;15;9986.0;0.0
41;5000;INTARIAN_PEPPER_ROOT;53993;8;53990;10;;;54008;9;54009;9;;;54000.5;0.0
41;5100;ASH_COATED_OSMIUM;9979;13;9978;12;9977;12;9995;13;9998;13;9999;10;9987.0;0.0
41;5100;INTARIAN_PEPPER_ROOT;54000;24;;;;;54013;11;;;;;54006.5;0.0
41;5200;ASH_COATED_OSMIUM;9983;9;9980;20;9977;15;10002;15;10005;11;10007;14;9993.0;0.0
41;5200;INTARIAN_PEPPER_ROOT;53994;20;53993;10;;;54014;12;54016;12;;;54004.5;0.0
41;5300;ASH_COATED_OSMIUM;9989;11;9986;14;9984;15;10008;13;10011;12;10014;13;9998.5;0.0
41;5300;INTARIAN_PEPPER_ROOT;54002;9;54001;11;53998;10;54014;8;54017;10;54020;11;54008.5;0.0
41;5400;ASH_COATED_OSMIUM;9997;15;;;;;10013;12;;;;;10005.0;0.0
41;5400;INTARIAN_PEPPER_ROOT;54000;12;53999;22;;;54014;9;54015;15;;;54007.0;0.0
41;5500;ASH_COATED_OSMIUM;10000;15;9997;12;9996;13;10007;12;10010;11;10013;14;10004.0;0.0
41;5500;INTARIAN_PEPPER_ROOT;54006;10;;;;;54010;12;;;;;54008.0;0.0
41;5600;ASH_COATED_OSMIUM;9995;10;;;;;10014;13;;;;;10004.5;0.0
41;5600;INTARIAN_PEPPER_ROOT;53998;10;53996;8;53993;10;54009;9;54010;12;54013;11;54003.5;0.0
41;5700;ASH_COATED_OSMIUM;9994;29;9991;11;9989;15;10013;13;10014;10;10017;13;10004.0;0.0
41;5700;INTARIAN_PEPPER_ROOT;53995;12;;;;;54006;8;;;;;54000.5;0.0
41;5800;ASH_COATED_OSMIUM;9998;12;;;;;10014;10;;;;;10006.5;0.0
41;5800;INTARIAN_PEPPER_ROOT;53999;12;53997;11;;;54014;22;54015;9;;;54006.5;0.0
41;5900;ASH_COATED_OSMIUM;9994;12;;;;;10010;15;;;;;10002.0;0.0
41;5900;INTARIAN_PEPPER_ROOT;54000;12;53997;8;53995;12;54012;12;54014;10;54016;12;54006.0;0.0
41;6000;ASH_COATED_OSMIUM;9994;22;9992;27;;;10013;22;10016;15;;;10003.5;0.0
41;6000;INTARIAN_PEPPER_ROOT;53999;10;53996;8;;;54013;10;54015;18;;;54006.5;0.0
41;6100;ASH_COATED_OSMIUM;9998;10;9995;12;;;10009;15;10012;11;;;10004.0;0.0
41;6100;INTARIAN_PEPPER_ROOT;54002;8;;;;;54014;11;;;;;54008.0;0.0
41;6200;ASH_COATED_OSMIUM;9996;15;;;;;10012;12;;;;;10004.5;0.0
41;6200;INTARIAN_PEPPER_ROOT;54004;12;54001;10;53998;11;54017;11;54019;22;54020;10;54011.0;0.0
41;6300;ASH_COATED_OSMIUM;9993;11;9990;29;9988;15;10009;24;10011;11;10014;14;10001.5;0.0
41;6300;INTARIAN_PEPPER_ROOT;53996;12;53995;10;53992;16;54010;23;54012;9;54013;12;54003.5;0.0
41;6400;ASH_COATED_OSMIUM;9993;10;9991;15;;;10012;10;10015;10;;;10002.5;0.0
41;6400;INTARIAN_PEPPER_ROOT;53997;9;53996;8;;;54013;12;54014;9;;;54005.5;0.0
41;6500;ASH_COATED_OSMIUM;9992;14;9990;11;9989;14;10008;11;10010;13;10012;11;10000.5;0.0
41;6500;INTARIAN_PEPPER_ROOT;54002;12;54000;8;53999;12;54013;8;54016;9;54017;11;54007.5;0.0
41;6600;ASH_COATED_OSMIUM;9998;15;9995;14;9993;11;10014;24;10017;12;10018;30;10006.5;0.0
41;6600;INTARIAN_PEPPER_ROOT;54000;11;53997;11;;;54014;9;54015;10;;;54007.5;0.0
41;6700;ASH_COATED_OSMIUM;9996;14;9995;14;;;10012;30;10015;14;;;10004.5;0.0
41;6700;INTARIAN_PEPPER_ROOT;54001;11;;;;;54011;6;;;;;54006.5;0.0
41;6800;ASH_COATED_OSMIUM;9990;11;;;;;10009;10;;;;;9999.5;0.0
41;6800;INTARIAN_PEPPER_ROOT;54001;15;54000;17;;;54003;8;54005;16;;;54002.5;0.0
41;6900;ASH_COATED_OSMIUM;9990;13;;;;;10006;14;;;;;9998.5;0.0
41;6900;INTARIAN_PEPPER_ROOT;54001;10;53999;10;;;54014;9;54017;8;;;54007.5;0.0
41;7000;ASH_COATED_OSMIUM;9986;13;;;;;10004;12;;;;;9995.0;0.0
41;7000;INTARIAN_PEPPER_ROOT;54002;12;54000;12;53998;9;54013;11;54014;9;54016;10;54007.5;0.0
41;7100;ASH_COATED_OSMIUM;9987;4;;;;;10003;10;;;;;9995.0;0.0
41;7100;INTARIAN_PEPPER_ROOT;54005;8;54002;11;;;54008;9;54011;9;;;54007.0;0.0
41;7200;ASH_COATED_OSMIUM;9985;12;;;;;10004;14;;;;;9994.5;0.0
41;7200;INTARIAN_PEPPER_ROOT;54003;12;54001;12;;;54016;8;54017;9;;;54010.0;0.0
41;7300;ASH_COATED_OSMIUM;9988;15;9986;10;;;10004;11;10005;12;;;9996.0;0.0
41;7300;INTARIAN_PEPPER_ROOT;53998;10;53996;10;;;54012;10;54013;10;;;54005.5;0.0
41;7400;ASH_COATED_OSMIUM;9987;11;;;;;10003;14;;;;;9995.5;0.0
41;7400;INTARIAN_PEPPER_ROOT;53996;11;53993;11;53991;8;54013;11;54015;11;54016;12;54005.0;0.0
41;7500;ASH_COATED_OSMIUM;9992;15;9991;10;9989;10;10008;22;10009;11;10010;11;10000.5;0.0
41;7500;INTARIAN_PEPPER_ROOT;54003;15;54001;11;;;54015;8;54017;9;;;54009.0;0.0
41;7600;ASH_COATED_OSMIUM;9998;14;;;;;10014;15;;;;;10006.0;0.0
41;7600;INTARIAN_PEPPER_ROOT;54003;8;54002;23;;;54015;18;54017;12;;;54009.0;0.0
41;7700;ASH_COATED_OSMIUM;10000;13;;;;;10007;10;;;;;10003.5;0.0
41;7700;INTARIAN_PEPPER_ROOT;54004;10;54001;12;;;54017;11;54018;11;;;54010.5;0.0
41;7800;ASH_COATED_OSMIUM;9991;12;9990;12;;;10001;11;10004;3;;;9996.5;0.0
41;7800;INTARIAN_PEPPER_ROOT;53999;9;53996;21;53994;9;54013;10;54016;11;54018;12;54006.5;0.0
41;7900;ASH_COATED_OSMIUM;9987;10;9984;15;9983;11;10005;15;10007;15;10009;24;9996.0;0.0
41;7900;INTARIAN_PEPPER_ROOT;53999;16;53996;10;;;54014;9;54016;11;;;54007.0;0.0
41;8000;ASH_COATED_OSMIUM;9983;13;9980;11;;;10004;15;10005;13;;;9994.0;0.0
41;8000;INTARIAN_PEPPER_ROOT;53997;10;53996;12;;;54011;10;54013;12;;;54004.0;0.0
41;8100;ASH_COATED_OSMIUM;9983;13;9980;11;;;9999;10;10000;11;;;9991.0;0.0
41;8100;INTARIAN_PEPPER_ROOT;54002;9;53999;9;;;54014;12;54016;8;;;54008.0;0.0
41;8200;ASH_COATED_OSMIUM;9989;24;;;;;10005;15;;;;;9997.0;0.0
41;8200;INTARIAN_PEPPER_ROOT;54000;21;;;;;54012;18;;;;;54006.5;0.0
41;8300;ASH_COATED_OSMIUM;9996;10;9995;14;9992;10;10012;10;10015;10;10016;12;10004.5;0.0
41;8300;INTARIAN_PEPPER_ROOT;54003;8;54001;10;54000;11;54013;12;54015;10;54017;10;54008.0;0.0
41;8400;ASH_COATED_OSMIUM;9992;15;;;;;10008;15;;;;;10000.5;0.0
41;8400;INTARIAN_PEPPER_ROOT;54000;19;53998;9;53995;10;54017;8;54020;8;54022;11;54008.5;0.0
41;8500;ASH_COATED_OSMIUM;9988;12;;;;;10004;10;;;;;9996.5;0.0
41;8500;INTARIAN_PEPPER_ROOT;54004;8;;;;;54020;11;;;;;54012.0;0.0
41;8600;ASH_COATED_OSMIUM;9988;29;;;;;10006;10;;;;;9997.5;0.0
41;8600;INTARIAN_PEPPER_ROOT;54006;12;;;;;54018;10;;;;;54012.5;0.0
41;8700;ASH_COATED_OSMIUM;9989;14;9987;14;;;10005;10;10006;15;;;9997.0;0.0
41;8700;INTARIAN_PEPPER_ROOT;53997;10;53995;19;53993;11;54011;11;54013;8;54014;11;54004.0;0.0
41;8800;ASH_COATED_OSMIUM;9995;11;;;;;10011;11;;;;;10003.5;0.0
41;8800;INTARIAN_PEPPER_ROOT;54001;10;;;;;54012;9;;;;;54007.0;0.0
41;8900;ASH_COATED_OSMIUM;9988;14;9987;15;;;10004;10;10005;20;;;9996.5;0.0
41;8900;INTARIAN_PEPPER_ROOT;54005;10;54002;8;54000;11;54008;8;54011;3;54014;9;54007.0;0.0
41;9000;ASH_COATED_OSMIUM;9989;14;9987;10;;;10007;14;10009;10;;;9998.0;0.0
41;9000;INTARIAN_PEPPER_ROOT;54003;11;54002;11;;;54015;8;54017;11;;;54009.0;0.0
41;9100;ASH_COATED_OSMIUM;9989;29;;;;;10005;12;;;;;9997.5;0.0
41;9100;INTARIAN_PEPPER_ROOT;54004;10;;;;;54015;8;;;;;54010.0;0.0
41;9200;ASH_COATED_OSMIUM;9991;11;9990;13;9989;11;10004;27;10007;27;10009;26;9998.0;0.0
41;9200;INTARIAN_PEPPER_ROOT;54002;9;54000;10;;;54015;8;54016;15;;;54008.5;0.0
41;9300;ASH_COATED_OSMIUM;9991;15;;;;;10010;11;;;;;10001.0;0.0
41;9300;INTARIAN_PEPPER_ROOT;54002;9;;;;;54014;9;;;;;54008.0;0.0
41;9400;ASH_COATED_OSMIUM;9997;25;;;;;10013;11;;;;;10005.5;0.0
41;9400;INTARIAN_PEPPER_ROOT;54006;8;54005;9;;;54018;12;54021;9;;;54012.5;0.0
41;9500;ASH_COATED_OSMIUM;9991;13;;;;;10007;15;;;;;9999.5;0.0
41;9500;INTARIAN_PEPPER_ROOT;54005;25;54002;10;;;54018;9;54019;12;;;54012.0;0.0
41;9600;ASH_COATED_OSMIUM;9995;13;9993;24;;;10011;11;10013;12;;;10003.0;0.0
41;9600;INTARIAN_PEPPER_ROOT;53999;11;53996;10;;;54014;11;54016;10;;;54006.5;0.0
41;9700;ASH_COATED_OSMIUM;9997;11;;;;;10013;11;;;;;10005.0;0.0
41;9700;INTARIAN_PEPPER_ROOT;54004;24;;;;;54017;12;;;;;54011.0;0.0
41;9800;ASH_COATED_OSMIUM;9995;27;9994;6;9992;13;10011;13;10014;12;10015;15;10003.0;0.0
41;9800;INTARIAN_PEPPER_ROOT;54001;12;53999;11;;;54015;10;54017;9;;;54008.0;0.0
41;9900;ASH_COATED_OSMIUM;9992;15;9990;15;;;10010;14;10013;12;;;10001.5;0.0
41;9900;INTARIAN_PEPPER_ROOT;54005;12;54002;19;;;54018;11;54019;12;;;54012.0;0.0
41;10000;ASH_COATED_OSMIUM;9989;12;9987;12;9984;11;10005;10;10006;14;10007;14;9997.0;0.0
41;10000;INTARIAN_PEPPER_ROOT;54007;9;54004;8;;;54021;11;54022;9;;;54014.5;0.0
41;10100;ASH_COATED_OSMIUM;9987;13;9986;24;9983;10;10003;2;10006;10;10009;13;9995.0;0.0
41;10100;INTARIAN_PEPPER_ROOT;54002;8;54000;10;53997;9;54015;18;54018;9;54019;9;54009.0;0.0
41;10200;ASH_COATED_OSMIUM;9984;29;;;;;10003;13;;;;;9993.5;0.0
41;10200;INTARIAN_PEPPER_ROOT;54006;8;;;;;54018;10;;;;;54012.0;0.0
41;10300;ASH_COATED_OSMIUM;9985;25;;;;;10001;4;;;;;9993.5;0.0
41;10300;INTARIAN_PEPPER_ROOT;54006;10;54005;8;;;54018;11;54020;11;;;54012.0;0.0
41;10400;ASH_COATED_OSMIUM;9989;13;9988;30;9986;11;10005;12;10008;28;10009;25;9997.5;0.0
41;10400;INTARIAN_PEPPER_ROOT;54003;8;54000;12;;;54019;12;54022;8;;;54011.5;0.0
41;10500;ASH_COATED_OSMIUM;9988;12;;;;;10007;10;;;;;9997.5;0.0
41;10500;INTARIAN_PEPPER_ROOT;54004;23;54001;12;;;54013;16;54016;18;;;54008.5;0.0
41;10600;ASH_COATED_OSMIUM;9993;15;;;;;10004;14;;;;;9998.5;0.0
41;10600;INTARIAN_PEPPER_ROOT;54003;12;54001;6;;;54017;9;54019;12;;;54010.0;0.0
41;10700;ASH_COATED_OSMIUM;9985;10;9984;12;9981;12;10003;12;10004;26;10005;4;9994.0;0.0
41;10700;INTARIAN_PEPPER_ROOT;54002;24;54001;9;;;54017;8;54018;9;;;54010.0;0.0
41;10800;ASH_COATED_OSMIUM;9986;14;9983;14;9981;24;9996;13;9997;15;9999;22;9991.5;0.0
41;10800;INTARIAN_PEPPER_ROOT;54003;9;54000;12;53999;8;54020;12;54022;8;54025;9;54012.0;0.0
41;10900;ASH_COATED_OSMIUM;9983;13;9980;14;;;9999;13;10000;14;;;9991.0;0.0
41;10900;INTARIAN_PEPPER_ROOT;54007;10;54006;11;;;54021;10;54024;9;;;54014.5;0.0
41;11000;ASH_COATED_OSMIUM;9988;13;9985;14;;;10004;15;10007;3;;;9996.5;0.0
41;11000;INTARIAN_PEPPER_ROOT;54006;10;54003;8;;;54020;11;54022;11;;;54013.5;0.0
41;11100;ASH_COATED_OSMIUM;9989;14;;;;;10005;28;;;;;9997.5;0.0
41;11100;INTARIAN_PEPPER_ROOT;54005;11;;;;;54018;8;;;;;54012.0;0.0
41;11200;ASH_COATED_OSMIUM;9992;15;9990;2;9989;12;10008;12;10009;11;10012;13;10000.0;0.0
41;11200;INTARIAN_PEPPER_ROOT;54003;22;54001;10;;;54018;12;54021;8;;;54011.0;0.0
41;11300;ASH_COATED_OSMIUM;9989;11;9986;13;;;10005;15;10008;11;;;9997.0;0.0
41;11300;INTARIAN_PEPPER_ROOT;54004;18;;;;;54017;11;;;;;54010.5;0.0
41;11400;ASH_COATED_OSMIUM;9985;11;;;;;10001;23;;;;;9993.5;0.0
41;11400;INTARIAN_PEPPER_ROOT;54008;12;54007;9;54004;8;54021;12;54023;11;54024;8;54014.5;0.0
41;11500;ASH_COATED_OSMIUM;9979;10;9977;10;9976;14;9997;10;10000;15;10001;14;9988.5;0.0
41;11500;INTARIAN_PEPPER_ROOT;54006;12;;;;;54022;11;;;;;54014.0;0.0
41;11600;ASH_COATED_OSMIUM;9981;13;;;;;9994;12;;;;;9987.5;0.0
41;11600;INTARIAN_PEPPER_ROOT;54003;20;;;;;54020;9;;;;;54011.5;0.0
41;11700;ASH_COATED_OSMIUM;9977;10;9976;29;9975;11;9996;28;9998;21;9999;13;9986.5;0.0
41;11700;INTARIAN_PEPPER_ROOT;54010;10;54008;8;;;54013;9;54014;19;;;54011.5;0.0
41;11800;ASH_COATED_OSMIUM;9977;14;9974;12;9971;10;9993;12;9996;10;9998;11;9985.0;0.0
41;11800;INTARIAN_PEPPER_ROOT;54012;10;54011;8;54010;24;54029;17;54032;9;54033;8;54020.5;0.0
41;11900;ASH_COATED_OSMIUM;9980;11;9979;15;9976;24;9996;15;9998;12;9999;12;9988.0;0.0
41;11900;INTARIAN_PEPPER_ROOT;54007;10;54005;8;54002;9;54020;12;54023;9;54024;11;54013.5;0.0
41;12000;ASH_COATED_OSMIUM;9978;12;9975;11;;;9994;11;9995;11;;;9986.0;0.0
41;12000;INTARIAN_PEPPER_ROOT;54004;12;54002;10;;;54007;11;54008;9;;;54005.5;0.0
41;12100;ASH_COATED_OSMIUM;9989;8;9988;10;;;10007;11;10008;10;;;9998.5;0.0
41;12100;INTARIAN_PEPPER_ROOT;54004;9;;;;;54021;12;;;;;54013.0;0.0
41;12200;ASH_COATED_OSMIUM;9989;11;9987;15;9986;12;10007;12;10010;11;10012;14;9998.5;0.0
41;12200;INTARIAN_PEPPER_ROOT;54013;22;54010;10;;;54024;12;54026;8;;;54019.0;0.0
41;12300;ASH_COATED_OSMIUM;9991;13;9990;12;;;10007;14;10009;13;;;9999.5;0.0
41;12300;INTARIAN_PEPPER_ROOT;54007;11;54006;8;;;54020;10;54023;10;;;54014.0;0.0
41;12400;ASH_COATED_OSMIUM;9989;10;9988;13;;;10005;13;10006;12;;;9997.5;0.0
41;12400;INTARIAN_PEPPER_ROOT;54011;10;54009;8;;;54014;12;54015;11;;;54012.5;0.0
41;12500;ASH_COATED_OSMIUM;9987;25;9985;13;;;10003;11;10006;13;;;9995.5;0.0
41;12500;INTARIAN_PEPPER_ROOT;54005;12;54003;8;54001;10;54017;22;54018;11;54020;21;54011.5;0.0
41;12600;ASH_COATED_OSMIUM;9987;27;9986;14;;;10003;15;10005;11;;;9995.0;0.0
41;12600;INTARIAN_PEPPER_ROOT;54006;8;54004;11;54003;8;54019;24;54022;11;54023;8;54013.0;0.0
41;12700;ASH_COATED_OSMIUM;9991;13;9989;25;9987;13;10009;13;10012;12;10014;15;10000.5;0.0
41;12700;INTARIAN_PEPPER_ROOT;54004;8;;;;;54016;10;;;;;54010.5;0.0
41;12800;ASH_COATED_OSMIUM;9996;14;9994;11;;;10012;12;10015;13;;;10004.0;0.0
41;12800;INTARIAN_PEPPER_ROOT;54008;11;54005;9;;;54019;11;54021;9;;;54014.0;0.0
41;12900;ASH_COATED_OSMIUM;9989;13;9986;14;;;10007;15;10008;8;;;9998.0;0.0
41;12900;INTARIAN_PEPPER_ROOT;54011;9;;;;;54022;10;;;;;54016.5;0.0
41;13000;ASH_COATED_OSMIUM;9995;12;9994;15;;;10011;12;10013;14;;;10003.0;0.0
41;13000;INTARIAN_PEPPER_ROOT;54012;9;54010;9;54008;11;54014;11;54017;12;54018;12;54013.5;0.0
41;13100;ASH_COATED_OSMIUM;9995;13;9993;11;;;10013;2;10016;14;;;10004.0;0.0
41;13100;INTARIAN_PEPPER_ROOT;54006;8;54004;8;;;54018;10;54019;10;;;54012.5;0.0
41;13200;ASH_COATED_OSMIUM;9994;15;;;;;10013;14;;;;;10004.0;0.0
41;13200;INTARIAN_PEPPER_ROOT;54005;12;54003;12;;;54018;8;54020;11;;;54011.5;0.0
41;13300;ASH_COATED_OSMIUM;9990;10;9987;11;;;10008;15;10009;14;;;9999.5;0.0
41;13300;INTARIAN_PEPPER_ROOT;54007;11;54006;12;54003;8;54023;11;54024;11;54025;12;54015.5;0.0
41;13400;ASH_COATED_OSMIUM;9998;14;9997;11;;;10014;10;10015;14;;;10006.5;0.0
41;13400;INTARIAN_PEPPER_ROOT;54002;10;54001;9;53999;9;54016;11;54018;12;54020;10;54009.5;0.0
41;13500;ASH_COATED_OSMIUM;9997;14;;;;;10010;22;;;;;10004.0;0.0
41;13500;INTARIAN_PEPPER_ROOT;54010;9;;;;;54021;8;;;;;54015.5;0.0
41;13600;ASH_COATED_OSMIUM;9998;14;9996;13;9995;29;10014;13;10015;28;10016;27;10006.5;0.0
41;13600;INTARIAN_PEPPER_ROOT;54011;10;54010;9;54008;9;54025;9;54027;6;54030;8;54018.5;0.0
41;13700;ASH_COATED_OSMIUM;9991;15;9990;11;;;10007;15;10009;12;;;9999.0;0.0
41;13700;INTARIAN_PEPPER_ROOT;54009;11;54008;10;;;54021;11;54024;10;;;54015.5;0.0
41;13800;ASH_COATED_OSMIUM;9985;20;9983;13;9980;11;10001;10;10002;14;10003;10;9993.0;0.0
41;13800;INTARIAN_PEPPER_ROOT;54004;8;;;;;54017;12;;;;;54010.5;0.0
41;13900;ASH_COATED_OSMIUM;9984;11;9981;11;9980;14;10000;13;10001;13;10003;28;9992.0;0.0
41;13900;INTARIAN_PEPPER_ROOT;54008;10;54006;8;54004;12;54021;12;54022;11;54025;11;54015.0;0.0
41;14000;ASH_COATED_OSMIUM;9986;13;9983;15;9981;15;9992;14;9994;14;9995;15;9989.0;0.0
41;14000;INTARIAN_PEPPER_ROOT;54007;12;;;;;54019;10;;;;;54013.0;0.0
41;14100;ASH_COATED_OSMIUM;9988;10;9985;26;;;10007;12;10009;15;;;9997.5;0.0
41;14100;INTARIAN_PEPPER_ROOT;54009;8;54007;8;;;54020;12;54023;10;;;54014.5;0.0
41;14200;ASH_COATED_OSMIUM;9994;13;;;;;10010;14;;;;;10002.0;0.0
41;14200;INTARIAN_PEPPER_ROOT;54004;8;54001;19;53999;10;54019;10;54021;12;54024;12;54011.5;0.0
41;14300;ASH_COATED_OSMIUM;9998;12;;;;;10014;13;;;;;10006.5;0.0
41;14300;INTARIAN_PEPPER_ROOT;54007;9;;;;;54021;5;;;;;54014.0;0.0
41;14400;ASH_COATED_OSMIUM;9996;14;;;;;10012;10;;;;;10004.0;0.0
41;14400;INTARIAN_PEPPER_ROOT;54014;9;54013;10;;;54017;9;54018;9;;;54015.5;0.0
41;14500;ASH_COATED_OSMIUM;9993;14;9991;23;;;10012;10;10015;13;;;10003.0;0.0
41;14500;INTARIAN_PEPPER_ROOT;54010;22;54009;24;;;54023;18;54026;18;;;54017.0;0.0
41;14600;ASH_COATED_OSMIUM;9994;12;;;;;10010;12;;;;;10002.0;0.0
41;14600;INTARIAN_PEPPER_ROOT;54006;11;54003;15;;;54022;12;54023;10;;;54014.5;0.0
41;14700;ASH_COATED_OSMIUM;9995;10;;;;;10011;14;;;;;10003.5;0.0
41;14700;INTARIAN_PEPPER_ROOT;54009;9;54008;12;;;54024;9;54027;9;;;54016.5;0.0
41;14800;ASH_COATED_OSMIUM;9995;11;;;;;10013;11;;;;;10004.0;0.0
41;14800;INTARIAN_PEPPER_ROOT;54010;12;54009;9;;;54023;12;54026;12;;;54016.5;0.0
41;14900;ASH_COATED_OSMIUM;9991;15;9988;22;9986;15;10010;12;10012;12;10014;5;10001.0;0.0
41;14900;INTARIAN_PEPPER_ROOT;54009;8;;;;;54025;8;;;;;54017.0;0.0
41;15000;ASH_COATED_OSMIUM;9997;12;9996;15;9994;11;10013;10;10015;21;10016;13;10005.0;0.0
41;15000;INTARIAN_PEPPER_ROOT;54011;9;54010;9;54008;21;54024;11;54027;9;54030;10;54017.5;0.0
41;15100;ASH_COATED_OSMIUM;9996;12;9995;14;9993;12;10012;29;10014;24;10015;14;10004.0;0.0
41;15100;INTARIAN_PEPPER_ROOT;54009;11;54007;9;;;54021;9;54024;17;;;54015.5;0.0
41;15200;ASH_COATED_OSMIUM;9994;27;9993;23;9991;2;10010;15;10012;11;10014;13;10002.0;0.0
41;15200;INTARIAN_PEPPER_ROOT;54010;12;54008;10;54006;11;54027;12;54030;8;54031;11;54018.5;0.0
41;15300;ASH_COATED_OSMIUM;9988;13;9985;11;;;10004;14;10007;14;;;9996.5;0.0
41;15300;INTARIAN_PEPPER_ROOT;54008;9;54006;10;54004;10;54019;11;54022;9;54024;10;54013.5;0.0
41;15400;ASH_COATED_OSMIUM;9987;11;;;;;10003;11;;;;;9995.5;0.0
41;15400;INTARIAN_PEPPER_ROOT;54009;10;54007;25;54004;10;54023;10;54026;11;54029;12;54016.0;0.0
41;15500;ASH_COATED_OSMIUM;9995;10;9994;11;;;10014;14;10017;21;;;10004.5;0.0
41;15500;INTARIAN_PEPPER_ROOT;54012;12;;;;;54023;9;;;;;54017.5;0.0
41;15600;ASH_COATED_OSMIUM;9997;11;9995;15;;;10013;15;10014;26;;;10005.5;0.0
41;15600;INTARIAN_PEPPER_ROOT;54009;12;54007;15;54006;9;54023;11;54025;16;54026;11;54016.5;0.0
41;15700;ASH_COATED_OSMIUM;9996;30;9995;15;9993;14;10012;14;10014;11;10017;14;10004.0;0.0
41;15700;INTARIAN_PEPPER_ROOT;54012;9;54009;9;;;54025;11;54028;7;;;54019.0;0.0
41;15800;ASH_COATED_OSMIUM;9996;12;9993;11;;;10012;13;10015;21;;;10004.5;0.0
41;15800;INTARIAN_PEPPER_ROOT;54008;11;54007;17;;;54023;24;54026;10;;;54016.0;0.0
41;15900;ASH_COATED_OSMIUM;10000;15;9997;11;;;10018;11;10021;26;;;10009.5;0.0
41;15900;INTARIAN_PEPPER_ROOT;54009;10;54007;24;;;54020;11;54022;9;;;54014.5;0.0
41;16000;ASH_COATED_OSMIUM;9999;11;9997;14;;;10008;15;10009;13;;;10004.0;0.0
41;16000;INTARIAN_PEPPER_ROOT;54014;12;54013;20;;;54028;10;54030;12;;;54021.0;0.0
41;16100;ASH_COATED_OSMIUM;9990;10;;;;;10006;13;;;;;9998.0;0.0
41;16100;INTARIAN_PEPPER_ROOT;54008;10;54007;11;;;54021;12;54024;24;;;54015.0;0.0
41;16200;ASH_COATED_OSMIUM;9991;11;9989;14;;;10007;10;10010;11;;;9999.5;0.0
41;16200;INTARIAN_PEPPER_ROOT;54008;21;54007;9;;;54021;24;54022;18;;;54014.5;0.0
41;16300;ASH_COATED_OSMIUM;9987;12;9985;2;;;10003;13;10005;12;;;9995.0;0.0
41;16300;INTARIAN_PEPPER_ROOT;54005;10;54003;16;;;54018;23;54020;8;;;54011.5;0.0
41;16400;ASH_COATED_OSMIUM;9988;15;9985;10;;;10004;15;10006;15;;;9996.5;0.0
41;16400;INTARIAN_PEPPER_ROOT;54009;9;54007;12;;;54022;10;54023;10;;;54016.0;0.0
41;16500;ASH_COATED_OSMIUM;9983;13;;;;;9999;12;;;;;9991.0;0.0
41;16500;INTARIAN_PEPPER_ROOT;54014;18;54013;12;;;54026;18;54029;10;;;54020.5;0.0
41;16600;ASH_COATED_OSMIUM;9985;15;9983;14;;;10001;12;10003;13;;;9993.0;0.0
41;16600;INTARIAN_PEPPER_ROOT;54011;12;;;;;54024;9;;;;;54018.0;0.0
41;16700;ASH_COATED_OSMIUM;9983;10;9982;15;9981;14;10002;12;10003;14;10006;26;9993.0;0.0
41;16700;INTARIAN_PEPPER_ROOT;54011;10;;;;;54023;23;;;;;54017.5;0.0
41;16800;ASH_COATED_OSMIUM;9985;11;9984;2;;;10003;14;10005;13;;;9994.0;0.0
41;16800;INTARIAN_PEPPER_ROOT;54012;9;54010;11;;;54025;8;54026;11;;;54018.5;0.0
41;16900;ASH_COATED_OSMIUM;9989;15;9987;15;;;10005;11;10006;8;;;9997.0;0.0
41;16900;INTARIAN_PEPPER_ROOT;54018;12;54017;9;;;54032;22;54034;22;;;54025.5;0.0
41;17000;ASH_COATED_OSMIUM;9975;14;9973;21;;;9991;15;9992;13;;;9983.0;0.0
41;17000;INTARIAN_PEPPER_ROOT;54002;9;;;;;54019;10;;;;;54011.0;0.0
41;17100;ASH_COATED_OSMIUM;9978;14;;;;;9994;11;;;;;9986.0;0.0
41;17100;INTARIAN_PEPPER_ROOT;54009;11;54008;9;54005;21;54022;19;54024;8;54025;10;54016.0;0.0
41;17200;ASH_COATED_OSMIUM;9978;10;;;;;9997;14;;;;;9988.0;0.0
41;17200;INTARIAN_PEPPER_ROOT;54009;8;54007;11;54004;9;54022;11;54024;8;54026;8;54016.0;0.0
41;17300;ASH_COATED_OSMIUM;9983;28;9981;15;;;9999;11;10002;27;;;9991.0;0.0
41;17300;INTARIAN_PEPPER_ROOT;54008;11;54006;11;;;54022;8;54023;12;;;54015.5;0.0
41;17400;ASH_COATED_OSMIUM;9983;14;9980;11;9978;29;9999;13;10000;13;10003;11;9991.0;0.0
41;17400;INTARIAN_PEPPER_ROOT;54012;12;54009;12;;;54024;6;54027;9;;;54018.5;0.0
41;17500;ASH_COATED_OSMIUM;9989;11;;;;;10005;30;;;;;9997.5;0.0
41;17500;INTARIAN_PEPPER_ROOT;54009;11;54006;12;;;54023;9;54026;25;;;54016.5;0.0
41;17600;ASH_COATED_OSMIUM;9989;10;9986;14;9983;25;10005;15;10008;26;10010;13;9997.0;0.0
41;17600;INTARIAN_PEPPER_ROOT;54008;10;54007;12;;;54028;11;54031;11;;;54018.5;0.0
41;17700;ASH_COATED_OSMIUM;9990;11;9987;22;;;10006;2;10007;26;;;9998.5;0.0
41;17700;INTARIAN_PEPPER_ROOT;54014;10;54011;9;;;54027;8;54028;20;;;54021.0;0.0
41;17800;ASH_COATED_OSMIUM;9992;29;9989;14;;;10009;10;10012;15;;;10000.5;0.0
41;17800;INTARIAN_PEPPER_ROOT;54009;9;;;;;54022;9;;;;;54016.0;0.0
41;17900;ASH_COATED_OSMIUM;9994;10;;;;;10010;15;;;;;10002.5;0.0
41;17900;INTARIAN_PEPPER_ROOT;54010;8;54008;10;54005;21;54022;10;54023;9;54024;10;54016.5;0.0
41;18000;ASH_COATED_OSMIUM;9997;22;9994;15;9991;14;10013;14;10014;10;10016;12;10005.0;0.0
41;18000;INTARIAN_PEPPER_ROOT;54012;19;54011;12;;;54028;11;54029;22;;;54020.0;0.0
41;18100;ASH_COATED_OSMIUM;9989;21;9986;14;;;10005;12;10008;13;;;9997.0;0.0
41;18100;INTARIAN_PEPPER_ROOT;54010;9;54007;8;54005;8;54026;10;54028;23;54030;15;54018.0;0.0
41;18200;ASH_COATED_OSMIUM;10001;12;10000;12;;;10011;15;10013;13;;;10006.0;0.0
41;18200;INTARIAN_PEPPER_ROOT;54019;10;;;;;54022;8;;;;;54020.5;0.0
41;18300;ASH_COATED_OSMIUM;10001;12;;;;;10012;15;;;;;10006.5;0.0
41;18300;INTARIAN_PEPPER_ROOT;54010;11;;;;;54024;5;;;;;54017.5;0.0
41;18400;ASH_COATED_OSMIUM;9993;10;9992;28;;;10009;10;10012;12;;;10001.5;0.0
41;18400;INTARIAN_PEPPER_ROOT;54009;10;54006;11;54003;10;54024;12;54027;9;54030;10;54016.5;0.0
41;18500;ASH_COATED_OSMIUM;9998;11;9995;27;;;10006;14;10007;14;;;10002.0;0.0
41;18500;INTARIAN_PEPPER_ROOT;54012;8;54011;21;;;54025;10;54027;12;;;54019.0;0.0
41;18600;ASH_COATED_OSMIUM;9999;14;9996;10;;;10010;14;10013;3;;;10004.5;0.0
41;18600;INTARIAN_PEPPER_ROOT;54015;11;;;;;54028;9;;;;;54021.5;0.0
41;18700;ASH_COATED_OSMIUM;9993;13;;;;;10009;13;;;;;10001.5;0.0
41;18700;INTARIAN_PEPPER_ROOT;54011;12;54010;12;54009;10;54023;12;54026;25;54027;10;54017.5;0.0
41;18800;ASH_COATED_OSMIUM;9993;15;9990;15;;;10009;10;10012;12;;;10001.5;0.0
41;18800;INTARIAN_PEPPER_ROOT;54018;22;54016;12;;;54020;12;54021;8;;;54019.0;0.0
41;18900;ASH_COATED_OSMIUM;9993;28;9991;14;;;10009;4;10011;14;;;10001.5;0.0
41;18900;INTARIAN_PEPPER_ROOT;54010;12;54009;8;54008;10;54023;11;54024;9;54026;9;54017.0;0.0
41;19000;ASH_COATED_OSMIUM;10001;28;;;;;10017;13;;;;;10009.0;0.0
41;19000;INTARIAN_PEPPER_ROOT;54015;20;;;;;54027;8;;;;;54021.5;0.0
41;19100;ASH_COATED_OSMIUM;9998;14;9997;13;;;10016;25;10018;13;;;10007.0;0.0
41;19100;INTARIAN_PEPPER_ROOT;54015;12;54014;12;54011;8;54023;8;54024;8;54026;12;54019.5;0.0
41;19200;ASH_COATED_OSMIUM;10004;12;10002;12;;;10020;12;10021;12;;;10012.5;0.0
41;19200;INTARIAN_PEPPER_ROOT;54013;3;;;;;54025;9;;;;;54019.5;0.0
41;19300;ASH_COATED_OSMIUM;10012;14;10011;25;;;10028;10;10031;10;;;10020.0;0.0
41;19300;INTARIAN_PEPPER_ROOT;54005;9;;;;;54019;10;;;;;54012.0;0.0
41;19400;ASH_COATED_OSMIUM;10006;11;;;;;10022;11;;;;;10014.0;0.0
41;19400;INTARIAN_PEPPER_ROOT;54015;11;;;;;54027;8;;;;;54021.0;0.0
41;19500;ASH_COATED_OSMIUM;10005;15;10002;14;;;10023;12;10026;13;;;10014.0;0.0
41;19500;INTARIAN_PEPPER_ROOT;54016;12;54013;11;;;54018;9;54019;9;;;54017.0;0.0
41;19600;ASH_COATED_OSMIUM;10005;15;10002;15;;;10021;11;10023;29;;;10013.5;0.0
41;19600;INTARIAN_PEPPER_ROOT;54009;12;;;;;54024;8;;;;;54016.5;0.0
41;19700;ASH_COATED_OSMIUM;9999;14;9998;15;9997;14;10015;21;10017;11;10019;11;10007.5;0.0
41;19700;INTARIAN_PEPPER_ROOT;54012;17;54009;8;;;54026;10;54029;9;;;54019.5;0.0
41;19800;ASH_COATED_OSMIUM;9994;14;9991;11;;;10010;11;10013;14;;;10002.0;0.0
41;19800;INTARIAN_PEPPER_ROOT;54017;10;;;;;54029;25;;;;;54023.0;0.0
41;19900;ASH_COATED_OSMIUM;9989;10;;;;;10008;23;;;;;9998.5;0.0
41;19900;INTARIAN_PEPPER_ROOT;54015;12;54014;10;;;54029;25;54032;11;;;54022.0;0.0
41;20000;ASH_COATED_OSMIUM;9989;10;9987;11;;;10005;29;10007;15;;;9997.0;0.0
41;20000;INTARIAN_PEPPER_ROOT;54013;12;54011;12;54010;11;54026;8;54027;10;54028;11;54019.5;0.0
41;20100;ASH_COATED_OSMIUM;9990;30;;;;;10009;13;;;;;9999.5;0.0
41;20100;INTARIAN_PEPPER_ROOT;54014;10;54013;8;;;54026;18;54029;12;;;54020.5;0.0
41;20200;ASH_COATED_OSMIUM;9993;25;;;;;10012;10;;;;;10003.0;0.0
41;20200;INTARIAN_PEPPER_ROOT;54016;11;54015;12;;;54027;19;54028;10;;;54022.0;0.0
41;20300;ASH_COATED_OSMIUM;9993;23;9991;11;;;10009;12;10012;22;;;10001.0;0.0
41;20300;INTARIAN_PEPPER_ROOT;54015;11;54014;12;54012;9;54029;9;54032;3;54033;10;54022.0;0.0
41;20400;ASH_COATED_OSMIUM;9990;11;;;;;10006;15;;;;;9998.0;0.0
41;20400;INTARIAN_PEPPER_ROOT;54016;11;54015;17;;;54029;10;54030;15;;;54022.5;0.0
41;20500;ASH_COATED_OSMIUM;9988;23;9985;12;;;10004;13;10006;27;;;9996.0;0.0
41;20500;INTARIAN_PEPPER_ROOT;54015;10;54012;5;;;54027;8;54030;9;;;54021.5;0.0
41;20600;ASH_COATED_OSMIUM;9989;12;;;;;10005;3;;;;;9997.0;0.0
41;20600;INTARIAN_PEPPER_ROOT;54011;11;;;;;54026;24;;;;;54018.5;0.0
41;20700;ASH_COATED_OSMIUM;9993;10;;;;;10004;10;;;;;9998.5;0.0
41;20700;INTARIAN_PEPPER_ROOT;54014;12;54011;24;;;54026;22;54028;8;;;54020.5;0.0
41;20800;ASH_COATED_OSMIUM;9989;10;9988;24;;;10008;27;10011;12;;;9999.0;0.0
41;20800;INTARIAN_PEPPER_ROOT;54017;9;;;;;54030;8;;;;;54024.0;0.0
41;20900;ASH_COATED_OSMIUM;9991;11;9989;13;;;10009;11;10012;15;;;10000.5;0.0
41;20900;INTARIAN_PEPPER_ROOT;54015;12;;;;;54025;9;;;;;54020.5;0.0
41;21000;ASH_COATED_OSMIUM;9991;13;9988;10;9985;3;10007;30;10008;10;10010;11;9999.0;0.0
41;21000;INTARIAN_PEPPER_ROOT;54014;8;54011;23;54009;9;54029;9;54030;8;54031;11;54022.0;0.0
41;21100;ASH_COATED_OSMIUM;9992;11;9989;14;;;10008;13;10009;12;;;10000.0;0.0
41;21100;INTARIAN_PEPPER_ROOT;54016;11;;;;;54028;9;;;;;54022.0;0.0
41;21200;ASH_COATED_OSMIUM;9994;13;9993;14;9992;11;10010;10;10011;15;10014;10;10002.0;0.0
41;21200;INTARIAN_PEPPER_ROOT;54014;24;54013;8;;;54026;11;54029;10;;;54020.5;0.0
41;21300;ASH_COATED_OSMIUM;9994;10;9993;15;;;10010;10;10013;15;;;10002.0;0.0
41;21300;INTARIAN_PEPPER_ROOT;54017;9;54014;12;;;54028;8;54031;12;;;54022.5;0.0
41;21400;ASH_COATED_OSMIUM;9994;13;;;;;10010;12;;;;;10002.5;0.0
41;21400;INTARIAN_PEPPER_ROOT;54013;9;54010;10;;;54025;10;54028;6;;;54019.0;0.0
41;21500;ASH_COATED_OSMIUM;9989;25;;;;;10007;12;;;;;9998.0;0.0
41;21500;INTARIAN_PEPPER_ROOT;54012;11;54011;12;;;54029;12;54030;9;;;54020.5;0.0
41;21600;ASH_COATED_OSMIUM;9992;28;9991;14;9988;11;10008;14;10011;11;10014;28;10000.0;0.0
41;21600;INTARIAN_PEPPER_ROOT;54018;9;;;;;54031;8;;;;;54024.5;0.0
41;21700;ASH_COATED_OSMIUM;9994;15;9992;13;;;10010;12;10013;12;;;10002.5;0.0
41;21700;INTARIAN_PEPPER_ROOT;54019;8;54018;11;54016;17;54032;12;54034;9;54035;8;54026.0;0.0
41;21800;ASH_COATED_OSMIUM;9990;13;9988;15;;;10006;12;10007;10;;;9998.5;0.0
41;21800;INTARIAN_PEPPER_ROOT;54017;10;54014;8;54013;25;54030;10;54031;12;54034;9;54024.0;0.0
41;21900;ASH_COATED_OSMIUM;9990;15;9987;13;;;10009;10;10012;14;;;10000.0;0.0
41;21900;INTARIAN_PEPPER_ROOT;54016;12;54013;9;54010;8;54030;10;54031;11;54033;11;54023.5;0.0
41;22000;ASH_COATED_OSMIUM;9994;24;9992;25;;;10013;23;10014;26;;;10004.0;0.0
41;22000;INTARIAN_PEPPER_ROOT;54017;9;;;;;54023;12;;;;;54020.0;0.0
41;22100;ASH_COATED_OSMIUM;9997;12;;;;;10013;10;;;;;10005.5;0.0
41;22100;INTARIAN_PEPPER_ROOT;54016;10;;;;;54030;12;;;;;54023.5;0.0
41;22200;ASH_COATED_OSMIUM;9995;30;9994;30;9993;5;10016;10;10017;10;10018;13;10005.5;0.0
41;22200;INTARIAN_PEPPER_ROOT;54014;11;;;;;54027;11;;;;;54020.5;0.0
41;22300;ASH_COATED_OSMIUM;9995;12;9993;14;;;10011;15;10014;21;;;10003.5;0.0
41;22300;INTARIAN_PEPPER_ROOT;54015;8;54012;12;;;54028;19;54029;19;;;54021.5;0.0
41;22400;ASH_COATED_OSMIUM;9991;14;;;;;10010;10;;;;;10001.0;0.0
41;22400;INTARIAN_PEPPER_ROOT;54014;12;54011;10;54010;8;54027;22;54029;10;54031;17;54020.5;0.0
41;22500;ASH_COATED_OSMIUM;9995;14;9993;14;;;10011;13;10013;14;;;10003.5;0.0
41;22500;INTARIAN_PEPPER_ROOT;54014;10;54011;9;54008;8;54026;10;54029;11;54030;9;54020.0;0.0
41;22600;ASH_COATED_OSMIUM;10001;27;9998;15;;;10017;13;10019;15;;;10009.0;0.0
41;22600;INTARIAN_PEPPER_ROOT;54020;25;54018;10;;;54032;10;54034;15;;;54026.0;0.0
41;22700;ASH_COATED_OSMIUM;9999;15;9998;11;9996;11;10015;29;10017;24;10019;27;10007.0;0.0
41;22700;INTARIAN_PEPPER_ROOT;54016;8;54013;10;54010;15;54030;9;54032;10;54034;8;54023.5;0.0
41;22800;ASH_COATED_OSMIUM;9992;12;;;;;10008;13;;;;;10000.0;0.0
41;22800;INTARIAN_PEPPER_ROOT;54020;9;;;;;54032;8;;;;;54026.0;0.0
41;22900;ASH_COATED_OSMIUM;9991;10;;;;;10007;15;;;;;9999.0;0.0
41;22900;INTARIAN_PEPPER_ROOT;54020;9;54017;8;54014;21;54031;8;54032;9;54034;17;54025.5;0.0
41;23000;ASH_COATED_OSMIUM;9988;10;;;;;10004;12;;;;;9996.5;0.0
41;23000;INTARIAN_PEPPER_ROOT;54018;7;54017;9;;;54029;23;54032;8;;;54024.0;0.0
41;23100;ASH_COATED_OSMIUM;9989;30;9988;11;;;10005;14;10006;12;;;9997.5;0.0
41;23100;INTARIAN_PEPPER_ROOT;54011;19;54009;25;;;54027;9;54028;8;;;54019.0;0.0
41;23200;ASH_COATED_OSMIUM;9993;12;;;;;10009;15;;;;;10001.5;0.0
41;23200;INTARIAN_PEPPER_ROOT;54015;16;54013;12;54011;12;54028;9;54029;12;54030;12;54021.5;0.0
41;23300;ASH_COATED_OSMIUM;9992;11;9990;15;;;10008;30;10011;20;;;10000.0;0.0
41;23300;INTARIAN_PEPPER_ROOT;54014;12;54012;8;;;54029;21;54030;11;;;54021.5;0.0
41;23400;ASH_COATED_OSMIUM;9988;12;9987;13;;;10006;10;10009;10;;;9997.5;0.0
41;23400;INTARIAN_PEPPER_ROOT;54017;12;54016;12;;;54029;9;54030;12;;;54023.5;0.0
41;23500;ASH_COATED_OSMIUM;9993;29;9991;24;9990;29;10009;27;10012;27;10015;21;10001.0;0.0
41;23500;INTARIAN_PEPPER_ROOT;54014;11;;;;;54029;11;;;;;54022.0;0.0
41;23600;ASH_COATED_OSMIUM;9991;30;9990;11;;;10010;21;10013;14;;;10001.0;0.0
41;23600;INTARIAN_PEPPER_ROOT;54019;8;54016;10;;;54034;10;54036;20;;;54026.5;0.0
41;23700;ASH_COATED_OSMIUM;9997;10;;;;;10013;11;;;;;10005.0;0.0
41;23700;INTARIAN_PEPPER_ROOT;54021;12;54018;9;54017;12;54033;11;54036;15;54037;10;54027.0;0.0
41;23800;ASH_COATED_OSMIUM;9994;15;9993;30;9991;12;10010;12;10012;12;10013;14;10002.0;0.0
41;23800;INTARIAN_PEPPER_ROOT;54015;12;54012;16;54011;8;54027;23;54028;9;54031;12;54021.5;0.0
41;23900;ASH_COATED_OSMIUM;9989;2;9987;15;9986;20;10005;13;10006;11;10009;14;9997.5;0.0
41;23900;INTARIAN_PEPPER_ROOT;54019;9;;;;;54036;9;;;;;54028.0;0.0
41;24000;ASH_COATED_OSMIUM;9986;23;;;;;10005;27;;;;;9996.0;0.0
41;24000;INTARIAN_PEPPER_ROOT;54020;11;54017;12;54015;12;54033;24;54036;8;54037;7;54026.5;0.0
41;24100;ASH_COATED_OSMIUM;9990;27;9989;22;9987;11;10006;12;10007;12;10009;15;9998.5;0.0
41;24100;INTARIAN_PEPPER_ROOT;54016;16;54013;8;54011;10;54027;8;54029;8;54031;12;54021.5;0.0
41;24200;ASH_COATED_OSMIUM;9991;13;9990;11;9989;13;10007;14;10009;13;10010;12;9999.0;0.0
41;24200;INTARIAN_PEPPER_ROOT;54015;4;54013;11;54012;11;54028;9;54030;12;54031;10;54021.5;0.0
41;24300;ASH_COATED_OSMIUM;9988;30;9986;24;;;10007;11;10008;15;;;9997.5;0.0
41;24300;INTARIAN_PEPPER_ROOT;54015;12;;;;;54029;11;;;;;54022.5;0.0
41;24400;ASH_COATED_OSMIUM;9986;25;9983;3;9982;30;10002;12;10005;14;10007;13;9994.5;0.0
41;24400;INTARIAN_PEPPER_ROOT;54021;11;54019;9;54018;9;54032;12;54033;11;54034;5;54026.5;0.0
41;24500;ASH_COATED_OSMIUM;9992;12;9989;13;;;10011;13;10013;15;;;10001.5;0.0
41;24500;INTARIAN_PEPPER_ROOT;54020;11;;;;;54028;11;;;;;54024.0;0.0
41;24600;ASH_COATED_OSMIUM;9990;12;;;;;10006;12;;;;;9998.0;0.0
41;24600;INTARIAN_PEPPER_ROOT;54019;10;54017;10;;;54031;9;54033;10;;;54025.0;0.0
41;24700;ASH_COATED_OSMIUM;9992;10;9990;11;;;10008;4;10010;13;;;10000.5;0.0
41;24700;INTARIAN_PEPPER_ROOT;54011;9;54009;11;;;54028;9;54031;8;;;54020.0;0.0
41;24800;ASH_COATED_OSMIUM;9991;12;9988;24;9985;26;10007;22;10009;13;10011;29;9999.5;0.0
41;24800;INTARIAN_PEPPER_ROOT;54016;8;54015;12;;;54029;25;54031;10;;;54022.5;0.0
41;24900;ASH_COATED_OSMIUM;9993;5;9992;15;9991;13;10009;20;10012;10;10014;10;10001.0;0.0
41;24900;INTARIAN_PEPPER_ROOT;54015;10;54014;12;;;54029;18;54032;18;;;54022.0;0.0
41;25000;ASH_COATED_OSMIUM;9994;12;9992;14;9990;10;10010;13;10012;15;10015;15;10002.0;0.0
41;25000;INTARIAN_PEPPER_ROOT;54020;12;;;;;54028;21;;;;;54024.0;0.0
41;25100;ASH_COATED_OSMIUM;9995;12;9992;27;9990;12;10011;10;10013;12;10015;14;10003.0;0.0
41;25100;INTARIAN_PEPPER_ROOT;54015;11;54013;10;;;54030;9;54032;12;;;54023.0;0.0
41;25200;ASH_COATED_OSMIUM;9993;14;9991;15;9990;12;10009;12;10011;11;10012;15;10001.5;0.0
41;25200;INTARIAN_PEPPER_ROOT;54021;10;54020;12;;;54037;11;54038;9;;;54029.5;0.0
41;25300;ASH_COATED_OSMIUM;9992;12;9990;15;;;10008;11;10011;14;;;10000.5;0.0
41;25300;INTARIAN_PEPPER_ROOT;54016;9;;;;;54028;12;;;;;54022.5;0.0
41;25400;ASH_COATED_OSMIUM;9990;12;;;;;10006;10;;;;;9998.0;0.0
41;25400;INTARIAN_PEPPER_ROOT;54014;8;;;;;54028;21;;;;;54021.0;0.0
41;25500;ASH_COATED_OSMIUM;9983;14;9982;10;9981;15;9999;10;10002;12;10004;11;9991.0;0.0
41;25500;INTARIAN_PEPPER_ROOT;54021;8;54018;8;;;54033;11;54034;11;;;54027.5;0.0
41;25600;ASH_COATED_OSMIUM;9983;15;9982;12;;;10002;3;10004;15;;;9993.0;0.0
41;25600;INTARIAN_PEPPER_ROOT;54019;9;;;;;54032;10;;;;;54025.5;0.0
41;25700;ASH_COATED_OSMIUM;9985;12;;;;;10004;11;;;;;9995.0;0.0
41;25700;INTARIAN_PEPPER_ROOT;54020;24;;;;;54031;9;;;;;54026.0;0.0
41;25800;ASH_COATED_OSMIUM;9991;13;9989;26;;;10007;21;10008;14;;;9999.5;0.0
41;25800;INTARIAN_PEPPER_ROOT;54021;8;54019;8;;;54034;11;54037;9;;;54027.5;0.0
41;25900;ASH_COATED_OSMIUM;9987;11;9984;13;9983;10;10003;10;10005;14;10008;15;9995.5;0.0
41;25900;INTARIAN_PEPPER_ROOT;54019;11;54017;11;54015;10;54030;8;54031;10;54034;8;54025.0;0.0
41;26000;ASH_COATED_OSMIUM;9988;10;;;;;10006;22;;;;;9997.5;0.0
41;26000;INTARIAN_PEPPER_ROOT;54020;15;;;;;54033;9;;;;;54026.5;0.0
41;26100;ASH_COATED_OSMIUM;9990;11;9989;24;9987;13;10006;13;10008;22;10010;14;9998.0;0.0
41;26100;INTARIAN_PEPPER_ROOT;54021;12;54020;17;;;54037;10;54039;15;;;54029.0;0.0
41;26200;ASH_COATED_OSMIUM;9991;12;9988;2;;;10007;12;10010;11;;;9999.5;0.0
41;26200;INTARIAN_PEPPER_ROOT;54019;16;54018;9;54017;10;54033;9;54036;10;54038;8;54026.0;0.0
41;26300;ASH_COATED_OSMIUM;9995;3;9992;14;;;10011;11;10013;14;;;10003.5;0.0
41;26300;INTARIAN_PEPPER_ROOT;54022;7;;;;;54034;10;;;;;54028.5;0.0
41;26400;ASH_COATED_OSMIUM;9992;11;9990;14;9988;12;10008;15;10010;14;10012;11;10000.5;0.0
41;26400;INTARIAN_PEPPER_ROOT;54022;11;;;;;54034;10;;;;;54028.0;0.0
41;26500;ASH_COATED_OSMIUM;9999;21;9998;30;;;10017;15;10018;25;;;10008.0;0.0
41;26500;INTARIAN_PEPPER_ROOT;54022;11;54020;25;54018;10;54036;10;54038;8;54040;24;54029.0;0.0
41;26600;ASH_COATED_OSMIUM;10003;15;;;;;10016;27;;;;;10009.5;0.0
41;26600;INTARIAN_PEPPER_ROOT;54020;9;54017;8;54015;12;54033;8;54036;10;54038;11;54027.0;0.0
41;26700;ASH_COATED_OSMIUM;10002;12;10000;11;9999;11;10018;10;10019;10;10022;28;10010.5;0.0
41;26700;INTARIAN_PEPPER_ROOT;54026;11;54025;11;;;54028;22;54029;12;;;54027.5;0.0
41;26800;ASH_COATED_OSMIUM;9997;14;;;;;10013;28;;;;;10005.5;0.0
41;26800;INTARIAN_PEPPER_ROOT;54020;18;54017;12;;;54032;10;54033;12;;;54026.5;0.0
41;26900;ASH_COATED_OSMIUM;9992;26;;;;;10008;10;;;;;10000.5;0.0
41;26900;INTARIAN_PEPPER_ROOT;54022;11;54019;23;54016;8;54035;12;54038;11;54041;10;54028.5;0.0
41;27000;ASH_COATED_OSMIUM;9992;14;9989;11;;;10008;15;10010;10;;;10000.0;0.0
41;27000;INTARIAN_PEPPER_ROOT;54019;10;54016;22;;;54035;12;54037;9;;;54027.0;0.0
41;27100;ASH_COATED_OSMIUM;9995;12;9993;11;;;10011;11;10014;14;;;10003.5;0.0
41;27100;INTARIAN_PEPPER_ROOT;54021;9;;;;;54035;25;;;;;54028.0;0.0
41;27200;ASH_COATED_OSMIUM;9994;15;9991;10;9989;15;10010;13;10013;13;10016;13;10002.5;0.0
41;27200;INTARIAN_PEPPER_ROOT;54021;10;;;;;54034;10;;;;;54027.5;0.0
41;27300;ASH_COATED_OSMIUM;9995;15;9993;15;;;10011;11;10012;12;;;10003.0;0.0
41;27300;INTARIAN_PEPPER_ROOT;54024;11;54022;15;54020;12;54027;18;54029;9;54030;9;54026.0;0.0
41;27400;ASH_COATED_OSMIUM;9992;13;9989;15;;;10008;27;10009;5;;;10000.0;0.0
41;27400;INTARIAN_PEPPER_ROOT;54025;9;54024;8;54021;12;54035;9;54038;5;54040;10;54030.5;0.0
41;27500;ASH_COATED_OSMIUM;9993;12;;;;;10009;11;;;;;10001.0;0.0
41;27500;INTARIAN_PEPPER_ROOT;54021;19;;;;;54032;11;;;;;54027.0;0.0
41;27600;ASH_COATED_OSMIUM;9991;10;9990;10;;;10007;10;10008;11;;;9999.0;0.0
41;27600;INTARIAN_PEPPER_ROOT;54020;11;54018;10;54015;12;54034;11;54037;19;54040;23;54027.5;0.0
41;27700;ASH_COATED_OSMIUM;9995;11;9992;10;;;10011;15;10014;14;;;10003.5;0.0
41;27700;INTARIAN_PEPPER_ROOT;54027;11;54025;9;;;54034;12;54036;12;;;54030.5;0.0
41;27800;ASH_COATED_OSMIUM;9988;10;9987;12;;;10004;13;10006;13;;;9996.5;0.0
41;27800;INTARIAN_PEPPER_ROOT;54022;9;54019;8;;;54033;10;54034;11;;;54028.0;0.0
41;27900;ASH_COATED_OSMIUM;9988;10;;;;;10004;12;;;;;9996.5;0.0
41;27900;INTARIAN_PEPPER_ROOT;54020;11;54019;19;;;54033;8;54034;11;;;54027.0;0.0
41;28000;ASH_COATED_OSMIUM;9986;14;9984;10;;;10005;5;10007;12;;;9995.5;0.0
41;28000;INTARIAN_PEPPER_ROOT;54020;12;54017;15;54016;9;54036;9;54037;11;54039;8;54028.0;0.0
41;28100;ASH_COATED_OSMIUM;9992;26;;;;;10008;11;;;;;10000.0;0.0
41;28100;INTARIAN_PEPPER_ROOT;54022;11;54019;9;;;54035;8;54038;11;;;54028.5;0.0
41;28200;ASH_COATED_OSMIUM;9992;11;9991;21;;;10013;11;10016;11;;;10002.5;0.0
41;28200;INTARIAN_PEPPER_ROOT;54020;12;54018;10;;;54034;9;54035;12;;;54027.0;0.0
41;28300;ASH_COATED_OSMIUM;9999;20;9998;12;;;10015;11;10017;13;;;10007.0;0.0
41;28300;INTARIAN_PEPPER_ROOT;54020;11;54018;8;54015;20;54037;21;54038;12;54041;10;54028.5;0.0
41;28400;ASH_COATED_OSMIUM;10001;24;9999;3;9998;12;10020;11;10023;11;10025;13;10010.5;0.0
41;28400;INTARIAN_PEPPER_ROOT;54023;12;54021;11;;;54035;10;54037;10;;;54029.0;0.0
41;28500;ASH_COATED_OSMIUM;10003;11;10000;14;;;10019;15;10021;10;;;10011.0;0.0
41;28500;INTARIAN_PEPPER_ROOT;54022;12;54019;11;;;54036;10;54039;8;;;54029.5;0.0
41;28600;ASH_COATED_OSMIUM;9997;20;;;;;10018;11;;;;;10008.0;0.0
41;28600;INTARIAN_PEPPER_ROOT;54023;10;;;;;54036;12;;;;;54029.5;0.0
41;28700;ASH_COATED_OSMIUM;9995;12;9993;12;9991;12;10011;15;10012;14;10014;10;10003.0;0.0
41;28700;INTARIAN_PEPPER_ROOT;54024;10;;;;;54036;10;;;;;54030.5;0.0
41;28800;ASH_COATED_OSMIUM;10000;11;9997;15;;;10009;15;10012;20;;;10004.5;0.0
41;28800;INTARIAN_PEPPER_ROOT;54023;8;;;;;54037;5;;;;;54030.0;0.0
41;28900;ASH_COATED_OSMIUM;10001;12;10000;15;;;10017;14;10020;20;;;10009.5;0.0
41;28900;INTARIAN_PEPPER_ROOT;54018;9;54016;8;;;54031;12;54034;11;;;54024.5;0.0
41;29000;ASH_COATED_OSMIUM;10004;13;10001;14;10000;5;10020;14;10023;15;10026;12;10012.0;0.0
41;29000;INTARIAN_PEPPER_ROOT;54028;18;54025;8;54023;8;54039;5;54041;18;54043;8;54033.5;0.0
41;29100;ASH_COATED_OSMIUM;10006;6;;;;;10017;14;;;;;10012.0;0.0
41;29100;INTARIAN_PEPPER_ROOT;54025;9;;;;;54036;8;;;;;54030.5;0.0
41;29200;ASH_COATED_OSMIUM;10000;13;9997;11;;;10016;14;10017;14;;;10008.0;0.0
41;29200;INTARIAN_PEPPER_ROOT;54025;11;54024;15;54023;10;54036;8;54038;8;54039;10;54030.5;0.0
41;29300;ASH_COATED_OSMIUM;10004;10;10003;15;10002;13;10022;13;10024;13;10026;14;10013.0;0.0
41;29300;INTARIAN_PEPPER_ROOT;54020;8;54019;8;54018;10;54034;22;54035;11;54037;9;54027.5;0.0
41;29400;ASH_COATED_OSMIUM;10001;12;;;;;10017;29;;;;;10009.5;0.0
41;29400;INTARIAN_PEPPER_ROOT;54021;6;54018;8;;;54037;22;54040;10;;;54029.0;0.0
41;29500;ASH_COATED_OSMIUM;9994;15;9992;29;;;10012;13;10013;13;;;10003.0;0.0
41;29500;INTARIAN_PEPPER_ROOT;54019;12;54017;17;54015;8;54032;12;54033;25;54034;11;54026.0;0.0
41;29600;ASH_COATED_OSMIUM;9998;11;;;;;10014;29;;;;;10006.5;0.0
41;29600;INTARIAN_PEPPER_ROOT;54023;11;54021;11;;;54036;18;54039;12;;;54029.5;0.0
41;29700;ASH_COATED_OSMIUM;9998;12;9997;11;;;10014;11;10016;26;;;10006.0;0.0
41;29700;INTARIAN_PEPPER_ROOT;54027;11;54024;8;;;54039;10;54040;3;;;54033.0;0.0
41;29800;ASH_COATED_OSMIUM;10003;13;10000;10;;;10019;14;10020;12;;;10011.0;0.0
41;29800;INTARIAN_PEPPER_ROOT;54025;25;;;;;54038;17;;;;;54031.5;0.0
41;29900;ASH_COATED_OSMIUM;10000;14;9998;12;;;10016;13;10018;13;;;10008.5;0.0
41;29900;INTARIAN_PEPPER_ROOT;54018;10;54017;9;54014;12;54036;10;54038;20;54040;24;54027.0;0.0
41;30000;ASH_COATED_OSMIUM;9998;13;;;;;10014;13;;;;;10006.5;0.0
41;30000;INTARIAN_PEPPER_ROOT;54020;11;;;;;54033;23;;;;;54026.5;0.0
41;30100;ASH_COATED_OSMIUM;9997;11;9996;10;9994;10;10013;11;10015;15;10018;29;10005.0;0.0
41;30100;INTARIAN_PEPPER_ROOT;54024;8;54022;25;;;54039;10;54041;8;;;54031.5;0.0
41;30200;ASH_COATED_OSMIUM;10000;15;9999;10;;;10010;10;10012;11;;;10005.5;0.0
41;30200;INTARIAN_PEPPER_ROOT;54020;21;54017;12;54014;12;54038;9;54040;12;54042;9;54029.5;0.0
41;30300;ASH_COATED_OSMIUM;9994;12;;;;;10010;12;;;;;10002.5;0.0
41;30300;INTARIAN_PEPPER_ROOT;54020;12;54018;9;54016;6;54037;10;54040;10;54043;12;54029.0;0.0
41;30400;ASH_COATED_OSMIUM;9999;14;;;;;10009;14;;;;;10004.5;0.0
41;30400;INTARIAN_PEPPER_ROOT;54022;12;;;;;54034;17;;;;;54028.0;0.0
41;30500;ASH_COATED_OSMIUM;9999;13;9996;14;9995;14;10015;22;10018;14;10019;13;10007.0;0.0
41;30500;INTARIAN_PEPPER_ROOT;54021;25;54020;23;54018;8;54036;10;54039;12;54042;12;54028.5;0.0
41;30600;ASH_COATED_OSMIUM;9991;10;9989;12;9986;10;10012;27;10013;11;10015;10;10002.0;0.0
41;30600;INTARIAN_PEPPER_ROOT;54025;12;;;;;54039;10;;;;;54032.5;0.0
41;30700;ASH_COATED_OSMIUM;9990;12;9987;4;;;10006;14;10008;15;;;9998.5;0.0
41;30700;INTARIAN_PEPPER_ROOT;54023;8;54021;15;;;54035;11;54038;11;;;54029.0;0.0
41;30800;ASH_COATED_OSMIUM;9993;15;9990;12;9989;11;10009;10;10011;2;10012;14;10001.0;0.0
41;30800;INTARIAN_PEPPER_ROOT;54027;10;54026;8;;;54040;11;54042;20;;;54033.5;0.0
41;30900;ASH_COATED_OSMIUM;9993;5;9991;12;;;10003;10;10004;12;;;9998.5;0.0
41;30900;INTARIAN_PEPPER_ROOT;54025;12;54024;19;54023;9;54036;8;54039;12;54040;12;54030.5;0.0
41;31000;ASH_COATED_OSMIUM;9995;15;9993;14;;;10011;29;10014;28;;;10003.0;0.0
41;31000;INTARIAN_PEPPER_ROOT;54021;8;54018;11;;;54032;9;54035;19;;;54027.0;0.0
41;31100;ASH_COATED_OSMIUM;9991;15;9988;10;;;10007;12;10009;15;;;9999.0;0.0
41;31100;INTARIAN_PEPPER_ROOT;54026;9;;;;;54038;9;;;;;54032.0;0.0
41;31200;ASH_COATED_OSMIUM;9993;13;;;;;10009;10;;;;;10001.0;0.0
41;31200;INTARIAN_PEPPER_ROOT;54028;10;54026;8;;;54040;12;54043;11;;;54034.0;0.0
41;31300;ASH_COATED_OSMIUM;9995;30;9992;10;;;10014;29;10017;14;;;10004.5;0.0
41;31300;INTARIAN_PEPPER_ROOT;54026;8;54025;9;;;54037;18;54040;11;;;54031.5;0.0
41;31400;ASH_COATED_OSMIUM;9998;10;9995;13;9992;22;10014;20;10016;13;10019;12;10006.5;0.0
41;31400;INTARIAN_PEPPER_ROOT;54023;8;54021;9;;;54036;10;54037;12;;;54029.5;0.0
41;31500;ASH_COATED_OSMIUM;9994;10;9991;13;;;10010;20;10012;11;;;10002.0;0.0
41;31500;INTARIAN_PEPPER_ROOT;54025;11;;;;;54041;10;;;;;54033.0;0.0
41;31600;ASH_COATED_OSMIUM;9999;15;9998;12;;;10017;13;10018;12;;;10008.5;0.0
41;31600;INTARIAN_PEPPER_ROOT;54025;12;;;;;54038;18;;;;;54031.5;0.0
41;31700;ASH_COATED_OSMIUM;10000;10;;;;;10016;13;;;;;10008.5;0.0
41;31700;INTARIAN_PEPPER_ROOT;54027;9;54025;9;;;54041;12;54044;12;;;54034.0;0.0
41;31800;ASH_COATED_OSMIUM;9995;11;9993;14;;;10011;15;10014;4;;;10003.5;0.0
41;31800;INTARIAN_PEPPER_ROOT;54026;23;54024;18;;;54039;10;54041;12;;;54032.5;0.0
41;31900;ASH_COATED_OSMIUM;10001;14;;;;;10012;15;;;;;10007.0;0.0
41;31900;INTARIAN_PEPPER_ROOT;54028;8;;;;;54042;11;;;;;54035.5;0.0
41;32000;ASH_COATED_OSMIUM;9995;13;9993;15;9990;11;10014;11;10016;11;10019;10;10004.5;0.0
41;32000;INTARIAN_PEPPER_ROOT;54028;11;54025;9;54024;8;54039;18;54041;8;54042;10;54033.5;0.0
41;32100;ASH_COATED_OSMIUM;9994;11;9992;13;9990;23;10010;14;10012;11;10014;14;10002.5;0.0
41;32100;INTARIAN_PEPPER_ROOT;54027;10;54026;8;;;54044;11;54047;8;;;54035.5;0.0
41;32200;ASH_COATED_OSMIUM;9991;14;9988;14;;;10009;15;10011;14;;;10000.5;0.0
41;32200;INTARIAN_PEPPER_ROOT;54024;8;54022;8;;;54036;12;54039;3;;;54030.5;0.0
41;32300;ASH_COATED_OSMIUM;9989;10;;;;;10008;12;;;;;9999.0;0.0
41;32300;INTARIAN_PEPPER_ROOT;54020;9;54017;8;54015;11;54037;22;54038;12;54040;12;54029.0;0.0
41;32400;ASH_COATED_OSMIUM;9995;14;9994;15;;;10011;10;10012;10;;;10003.5;0.0
41;32400;INTARIAN_PEPPER_ROOT;54028;11;54026;8;54025;9;54040;8;54043;9;54046;8;54034.5;0.0
41;32500;ASH_COATED_OSMIUM;9994;29;9992;15;9990;10;10010;15;10013;13;10016;2;10002.0;0.0
41;32500;INTARIAN_PEPPER_ROOT;54028;9;54026;12;54025;11;54041;10;54042;12;54043;8;54034.5;0.0
41;32600;ASH_COATED_OSMIUM;9997;14;;;;;10013;14;;;;;10005.5;0.0
41;32600;INTARIAN_PEPPER_ROOT;54025;11;;;;;54039;10;;;;;54032.5;0.0
41;32700;ASH_COATED_OSMIUM;10000;11;;;;;10016;12;;;;;10008.0;0.0
41;32700;INTARIAN_PEPPER_ROOT;54032;16;;;;;54034;11;;;;;54033.0;0.0
41;32800;ASH_COATED_OSMIUM;9994;15;9993;10;;;10010;12;10012;12;;;10002.5;0.0
41;32800;INTARIAN_PEPPER_ROOT;54028;19;54025;8;;;54040;10;54041;8;;;54034.0;0.0
41;32900;ASH_COATED_OSMIUM;9990;28;;;;;10009;14;;;;;10000.0;0.0
41;32900;INTARIAN_PEPPER_ROOT;54030;22;54028;12;;;54042;8;54043;9;;;54036.0;0.0
41;33000;ASH_COATED_OSMIUM;9992;14;9990;13;;;10008;11;10009;15;;;10000.0;0.0
41;33000;INTARIAN_PEPPER_ROOT;54023;12;;;;;54037;12;;;;;54030.0;0.0
41;33100;ASH_COATED_OSMIUM;9995;10;9992;11;;;10011;10;10014;15;;;10003.5;0.0
41;33100;INTARIAN_PEPPER_ROOT;54028;9;54026;12;;;54043;17;54044;9;;;54036.0;0.0
41;33200;ASH_COATED_OSMIUM;10000;14;9998;15;9997;14;10016;28;10019;13;10022;13;10008.0;0.0
41;33200;INTARIAN_PEPPER_ROOT;54027;18;54024;11;54023;9;54039;12;54041;12;54044;10;54033.5;0.0
41;33300;ASH_COATED_OSMIUM;10000;15;;;;;10019;12;;;;;10009.5;0.0
41;33300;INTARIAN_PEPPER_ROOT;54028;9;54026;9;;;54044;9;54046;18;;;54036.5;0.0
41;33400;ASH_COATED_OSMIUM;10006;14;10005;10;10004;12;10012;10;10013;27;10016;11;10009.0;0.0
41;33400;INTARIAN_PEPPER_ROOT;54029;8;54026;12;54024;10;54042;3;54043;9;54046;11;54035.5;0.0
41;33500;ASH_COATED_OSMIUM;9998;12;9997;25;;;10014;14;10017;12;;;10006.0;0.0
41;33500;INTARIAN_PEPPER_ROOT;54027;12;;;;;54041;10;;;;;54034.5;0.0
41;33600;ASH_COATED_OSMIUM;10000;12;9998;28;;;10018;12;10021;22;;;10009.5;0.0
41;33600;INTARIAN_PEPPER_ROOT;54026;11;54024;10;54021;10;54044;8;54047;10;54049;8;54035.0;0.0
41;33700;ASH_COATED_OSMIUM;9993;11;9991;13;;;10011;14;10013;13;;;10002.5;0.0
41;33700;INTARIAN_PEPPER_ROOT;54024;10;54022;8;;;54037;9;54040;12;;;54031.0;0.0
41;33800;ASH_COATED_OSMIUM;9990;12;9989;10;9988;13;10009;11;10011;14;10013;10;9999.5;0.0
41;33800;INTARIAN_PEPPER_ROOT;54036;9;54033;12;;;54038;11;54041;12;;;54037.0;0.0
41;33900;ASH_COATED_OSMIUM;9989;11;9987;11;;;10008;14;10011;15;;;9998.5;0.0
41;33900;INTARIAN_PEPPER_ROOT;54027;11;;;;;54040;7;;;;;54033.5;0.0
41;34000;ASH_COATED_OSMIUM;9998;15;9995;11;9993;13;10014;11;10017;12;10018;14;10006.5;0.0
41;34000;INTARIAN_PEPPER_ROOT;54030;10;54027;8;;;54041;10;54042;12;;;54035.5;0.0
41;34100;ASH_COATED_OSMIUM;9994;14;9992;10;;;10010;10;10011;27;;;10002.5;0.0
41;34100;INTARIAN_PEPPER_ROOT;54030;9;;;;;54042;9;;;;;54036.0;0.0
41;34200;ASH_COATED_OSMIUM;9997;20;9996;14;;;10015;15;10017;26;;;10006.0;0.0
41;34200;INTARIAN_PEPPER_ROOT;54025;8;54024;10;;;54039;11;54042;9;;;54032.5;0.0
41;34300;ASH_COATED_OSMIUM;9998;21;;;;;10014;27;;;;;10006.5;0.0
41;34300;INTARIAN_PEPPER_ROOT;54029;11;54026;17;54025;25;54042;9;54043;9;54046;12;54035.5;0.0
41;34400;ASH_COATED_OSMIUM;10000;13;9998;11;;;10018;14;10019;14;;;10009.5;0.0
41;34400;INTARIAN_PEPPER_ROOT;54029;21;54027;9;54025;6;54042;12;54045;8;54047;10;54035.5;0.0
41;34500;ASH_COATED_OSMIUM;9997;30;9994;10;9992;2;10013;26;10016;11;10018;13;10005.5;0.0
41;34500;INTARIAN_PEPPER_ROOT;54026;9;54024;10;54021;9;54041;12;54042;10;54043;8;54034.0;0.0
41;34600;ASH_COATED_OSMIUM;9998;13;;;;;10017;14;;;;;10007.5;0.0
41;34600;INTARIAN_PEPPER_ROOT;54028;10;54025;9;;;54041;10;54042;18;;;54035.0;0.0
41;34700;ASH_COATED_OSMIUM;10000;12;9999;15;;;10016;10;10017;14;;;10008.5;0.0
41;34700;INTARIAN_PEPPER_ROOT;54027;23;54024;10;54023;9;54041;8;54044;11;54046;11;54034.5;0.0
41;34800;ASH_COATED_OSMIUM;9995;15;9992;14;9991;10;10011;29;10013;12;10016;11;10003.5;0.0
41;34800;INTARIAN_PEPPER_ROOT;54026;11;;;;;54038;10;;;;;54032.5;0.0
41;34900;ASH_COATED_OSMIUM;10002;25;9999;11;;;10018;4;10019;24;;;10010.0;0.0
41;34900;INTARIAN_PEPPER_ROOT;54026;8;54025;8;;;54041;12;54042;12;;;54033.5;0.0
41;35000;ASH_COATED_OSMIUM;9997;10;;;;;10013;14;;;;;10005.5;0.0
41;35000;INTARIAN_PEPPER_ROOT;54028;11;54025;8;;;54043;12;54045;8;;;54036.0;0.0
41;35100;ASH_COATED_OSMIUM;9995;10;;;;;10005;10;;;;;10000.0;0.0
41;35100;INTARIAN_PEPPER_ROOT;54029;9;;;;;54041;19;;;;;54035.0;0.0
41;35200;ASH_COATED_OSMIUM;9993;10;;;;;10011;15;;;;;10002.5;0.0
41;35200;INTARIAN_PEPPER_ROOT;54027;9;;;;;54043;23;;;;;54035.5;0.0
41;35300;ASH_COATED_OSMIUM;9994;10;9991;10;;;10010;10;10011;14;;;10002.0;0.0
41;35300;INTARIAN_PEPPER_ROOT;54035;8;;;;;54038;8;;;;;54037.0;0.0
41;35400;ASH_COATED_OSMIUM;9992;26;9989;11;9986;15;10004;13;10007;12;10010;13;9998.5;0.0
41;35400;INTARIAN_PEPPER_ROOT;54030;8;54027;9;;;54043;11;54044;10;;;54036.5;0.0
41;35500;ASH_COATED_OSMIUM;9990;11;9989;15;9988;24;10000;10;10002;10;10003;13;9995.0;0.0
41;35500;INTARIAN_PEPPER_ROOT;54034;8;54031;16;;;54036;12;54039;12;;;54035.0;0.0
41;35600;ASH_COATED_OSMIUM;9999;29;;;;;10010;14;;;;;10004.5;0.0
41;35600;INTARIAN_PEPPER_ROOT;54026;12;;;;;54043;8;;;;;54035.0;0.0
41;35700;ASH_COATED_OSMIUM;9998;13;9996;2;;;10017;11;10019;10;;;10008.0;0.0
41;35700;INTARIAN_PEPPER_ROOT;54028;11;54026;11;;;54044;10;54046;4;;;54036.0;0.0
41;35800;ASH_COATED_OSMIUM;9991;10;9989;4;9987;11;10007;24;10010;12;10011;24;9999.0;0.0
41;35800;INTARIAN_PEPPER_ROOT;54032;9;;;;;54044;11;;;;;54038.0;0.0
41;35900;ASH_COATED_OSMIUM;9988;11;9987;10;;;10007;15;10009;13;;;9998.0;0.0
41;35900;INTARIAN_PEPPER_ROOT;54029;9;;;;;54042;9;;;;;54035.5;0.0
41;36000;ASH_COATED_OSMIUM;9989;15;9987;13;;;10005;14;10007;10;;;9997.5;0.0
41;36000;INTARIAN_PEPPER_ROOT;54032;8;54031;8;;;54041;8;54044;8;;;54037.0;0.0
41;36100;ASH_COATED_OSMIUM;9998;21;;;;;10014;11;;;;;10006.0;0.0
41;36100;INTARIAN_PEPPER_ROOT;54027;10;;;;;54040;19;;;;;54033.5;0.0
41;36200;ASH_COATED_OSMIUM;9991;15;9989;13;;;10007;12;10008;15;;;9999.0;0.0
41;36200;INTARIAN_PEPPER_ROOT;54033;8;54030;10;54027;4;54046;11;54049;8;54052;10;54040.0;0.0
41;36300;ASH_COATED_OSMIUM;9994;14;;;;;10010;13;;;;;10002.5;0.0
41;36300;INTARIAN_PEPPER_ROOT;54027;22;54026;10;54025;9;54043;9;54044;9;54046;9;54035.5;0.0
41;36400;ASH_COATED_OSMIUM;9990;20;9987;11;;;10006;10;10008;15;;;9998.0;0.0
41;36400;INTARIAN_PEPPER_ROOT;54028;11;54026;12;;;54044;9;54046;8;;;54036.0;0.0
41;36500;ASH_COATED_OSMIUM;9984;11;9983;10;;;10000;13;10002;15;;;9992.0;0.0
41;36500;INTARIAN_PEPPER_ROOT;54031;10;54030;22;54027;17;54042;11;54043;10;54046;3;54037.0;0.0
41;36600;ASH_COATED_OSMIUM;9988;14;9987;10;;;10004;13;10005;12;;;9996.0;0.0
41;36600;INTARIAN_PEPPER_ROOT;54030;8;;;;;54042;11;;;;;54036.0;0.0
41;36700;ASH_COATED_OSMIUM;9985;30;9984;14;9983;14;10001;20;10003;10;10004;11;9993.5;0.0
41;36700;INTARIAN_PEPPER_ROOT;54029;11;;;;;54046;11;;;;;54037.5;0.0
41;36800;ASH_COATED_OSMIUM;9985;15;;;;;10001;15;;;;;9993.0;0.0
41;36800;INTARIAN_PEPPER_ROOT;54026;11;54024;9;;;54043;20;54045;11;;;54034.5;0.0
41;36900;ASH_COATED_OSMIUM;9986;15;9983;12;;;10002;13;10004;13;;;9994.0;0.0
41;36900;INTARIAN_PEPPER_ROOT;54030;11;54029;12;;;54043;10;54045;3;;;54036.5;0.0
41;37000;ASH_COATED_OSMIUM;9991;14;;;;;10002;14;;;;;9997.0;0.0
41;37000;INTARIAN_PEPPER_ROOT;54034;11;54031;11;;;54050;9;54051;8;;;54042.5;0.0
41;37100;ASH_COATED_OSMIUM;9988;10;;;;;10009;5;;;;;9999.0;0.0
41;37100;INTARIAN_PEPPER_ROOT;54031;9;54030;8;;;54046;11;54048;9;;;54039.0;0.0
41;37200;ASH_COATED_OSMIUM;9989;27;9986;10;;;10005;10;10006;25;;;9997.5;0.0
41;37200;INTARIAN_PEPPER_ROOT;54032;10;54030;3;54029;10;54046;11;54047;8;54049;17;54039.0;0.0
41;37300;ASH_COATED_OSMIUM;9990;11;9987;13;9986;12;10009;20;10012;4;10014;15;9999.5;0.0
41;37300;INTARIAN_PEPPER_ROOT;54027;10;54024;9;54022;17;54039;9;54041;8;54044;8;54033.5;0.0
41;37400;ASH_COATED_OSMIUM;9996;11;9995;12;9993;27;10012;12;10015;12;10016;12;10004.5;0.0
41;37400;INTARIAN_PEPPER_ROOT;54033;9;54030;12;;;54042;10;54044;12;;;54038.0;0.0
41;37500;ASH_COATED_OSMIUM;9994;26;9993;13;;;10010;30;10012;11;;;10002.0;0.0
41;37500;INTARIAN_PEPPER_ROOT;54028;8;54027;20;;;54043;11;54046;10;;;54035.5;0.0
41;37600;ASH_COATED_OSMIUM;9992;15;;;;;10008;12;;;;;10000.0;0.0
41;37600;INTARIAN_PEPPER_ROOT;54031;11;54028;18;54025;10;54046;10;54048;21;54049;11;54038.5;0.0
41;37700;ASH_COATED_OSMIUM;9994;13;9992;12;;;10001;11;10002;15;;;9997.5;0.0
41;37700;INTARIAN_PEPPER_ROOT;54029;9;54027;10;;;54045;9;54047;9;;;54037.0;0.0
41;37800;ASH_COATED_OSMIUM;9990;12;;;;;10006;12;;;;;9998.0;0.0
41;37800;INTARIAN_PEPPER_ROOT;54033;9;54032;12;;;54047;12;54049;11;;;54040.0;0.0
41;37900;ASH_COATED_OSMIUM;9987;14;;;;;10006;27;;;;;9996.5;0.0
41;37900;INTARIAN_PEPPER_ROOT;54029;24;;;;;54042;10;;;;;54035.5;0.0
41;38000;ASH_COATED_OSMIUM;9985;11;9983;12;9981;12;10001;15;10004;15;10006;12;9993.0;0.0
41;38000;INTARIAN_PEPPER_ROOT;54033;11;54030;8;54027;10;54046;11;54047;8;54049;10;54039.5;0.0
41;38100;ASH_COATED_OSMIUM;9983;23;9981;27;9980;15;10002;21;10003;10;10006;12;9993.0;0.0
41;38100;INTARIAN_PEPPER_ROOT;54030;10;54027;11;54024;8;54043;21;54045;9;54047;9;54037.0;0.0
41;38200;ASH_COATED_OSMIUM;9986;14;;;;;10002;13;;;;;9994.0;0.0
41;38200;INTARIAN_PEPPER_ROOT;54031;10;;;;;54045;8;;;;;54038.5;0.0
41;38300;ASH_COATED_OSMIUM;9989;11;9986;14;;;10005;25;10006;27;;;9997.0;0.0
41;38300;INTARIAN_PEPPER_ROOT;54034;12;54032;9;54030;8;54047;10;54049;8;54050;9;54040.5;0.0
41;38400;ASH_COATED_OSMIUM;9992;20;9989;21;;;10011;10;10012;11;;;10001.5;0.0
41;38400;INTARIAN_PEPPER_ROOT;54034;21;54031;9;;;54045;16;54047;8;;;54040.0;0.0
41;38500;ASH_COATED_OSMIUM;9990;15;9989;10;;;10006;10;10007;11;;;9998.0;0.0
41;38500;INTARIAN_PEPPER_ROOT;54032;9;54029;21;54026;9;54045;9;54046;12;54048;11;54039.0;0.0
41;38600;ASH_COATED_OSMIUM;9986;10;9984;13;;;10002;14;10004;14;;;9994.5;0.0
41;38600;INTARIAN_PEPPER_ROOT;54031;18;54028;9;;;54047;8;54048;10;;;54039.0;0.0
41;38700;ASH_COATED_OSMIUM;9985;14;9984;12;;;10001;14;10004;15;;;9993.5;0.0
41;38700;INTARIAN_PEPPER_ROOT;54030;10;54028;10;54026;12;54045;12;54046;9;54048;10;54038.0;0.0
41;38800;ASH_COATED_OSMIUM;9983;12;9982;14;9979;14;10001;10;10004;10;10007;11;9992.5;0.0
41;38800;INTARIAN_PEPPER_ROOT;54035;16;54034;11;;;54048;16;54049;8;;;54041.5;0.0
41;38900;ASH_COATED_OSMIUM;9980;12;;;;;9999;13;;;;;9989.5;0.0
41;38900;INTARIAN_PEPPER_ROOT;54042;10;54040;12;;;54044;8;54046;12;;;54043.0;0.0
41;39000;ASH_COATED_OSMIUM;9982;15;9980;2;;;9998;10;9999;13;;;9990.0;0.0
41;39000;INTARIAN_PEPPER_ROOT;54033;10;;;;;54049;10;;;;;54041.5;0.0
41;39100;ASH_COATED_OSMIUM;9990;13;9987;10;;;10006;27;10008;12;;;9998.5;0.0
41;39100;INTARIAN_PEPPER_ROOT;54031;12;54028;23;54025;8;54043;10;54044;10;54046;24;54037.5;0.0
41;39200;ASH_COATED_OSMIUM;9994;14;9991;11;9990;15;10010;28;10013;14;10014;10;10002.0;0.0
41;39200;INTARIAN_PEPPER_ROOT;54038;12;54035;9;;;54052;11;54053;8;;;54045.0;0.0
41;39300;ASH_COATED_OSMIUM;9996;13;9994;25;9993;10;10012;14;10014;30;10017;22;10004.5;0.0
41;39300;INTARIAN_PEPPER_ROOT;54031;12;54029;9;;;54044;11;54045;11;;;54037.5;0.0
41;39400;ASH_COATED_OSMIUM;10001;15;9999;15;;;10017;15;10019;25;;;10009.0;0.0
41;39400;INTARIAN_PEPPER_ROOT;54030;12;54027;10;;;54044;12;54047;11;;;54037.5;0.0
41;39500;ASH_COATED_OSMIUM;9996;12;;;;;10014;14;;;;;10005.5;0.0
41;39500;INTARIAN_PEPPER_ROOT;54030;9;;;;;54043;8;;;;;54037.0;0.0
41;39600;ASH_COATED_OSMIUM;9997;11;9996;10;9995;11;10013;20;10016;13;10019;13;10005.5;0.0
41;39600;INTARIAN_PEPPER_ROOT;54036;21;;;;;54047;8;;;;;54041.5;0.0
41;39700;ASH_COATED_OSMIUM;9991;15;9988;12;;;10007;14;10010;13;;;9999.0;0.0
41;39700;INTARIAN_PEPPER_ROOT;54032;9;54030;8;54029;12;54043;12;54046;22;54048;8;54038.0;0.0
41;39800;ASH_COATED_OSMIUM;9988;10;9986;13;9985;12;10004;15;10005;14;10008;10;9996.0;0.0
41;39800;INTARIAN_PEPPER_ROOT;54032;12;54030;10;54028;8;54044;20;54046;9;54048;22;54038.5;0.0
41;39900;ASH_COATED_OSMIUM;9992;4;9990;11;;;10008;15;10009;15;;;10000.0;0.0
41;39900;INTARIAN_PEPPER_ROOT;54034;10;54031;12;54029;23;54046;18;54048;9;54050;10;54040.0;0.0
41;40000;ASH_COATED_OSMIUM;9993;12;9991;20;9990;5;10011;14;10012;15;10014;13;10002.0;0.0
41;40000;INTARIAN_PEPPER_ROOT;54035;12;54032;12;;;54051;11;54054;9;;;54043.0;0.0
41;40100;ASH_COATED_OSMIUM;9991;12;9988;12;;;10007;14;10010;10;;;9999.5;0.0
41;40100;INTARIAN_PEPPER_ROOT;54035;22;54034;18;;;54048;10;54049;10;;;54042.0;0.0
41;40200;ASH_COATED_OSMIUM;9988;12;9987;11;;;10004;14;10005;6;;;9996.5;0.0
41;40200;INTARIAN_PEPPER_ROOT;54033;11;;;;;54046;9;;;;;54040.0;0.0
41;40300;ASH_COATED_OSMIUM;9991;15;9989;12;9986;14;10007;11;10009;13;10010;13;9999.5;0.0
41;40300;INTARIAN_PEPPER_ROOT;54030;10;54027;10;54024;9;54047;12;54050;8;54053;25;54039.0;0.0
41;40400;ASH_COATED_OSMIUM;9996;15;9993;11;;;10012;13;10013;14;;;10004.5;0.0
41;40400;INTARIAN_PEPPER_ROOT;54032;12;54031;10;;;54043;11;54044;10;;;54038.0;0.0
41;40500;ASH_COATED_OSMIUM;9993;15;9990;13;9987;10;10011;14;10014;15;10016;14;10002.0;0.0
41;40500;INTARIAN_PEPPER_ROOT;54035;9;54034;12;54031;17;54048;10;54049;10;54050;11;54042.0;0.0
41;40600;ASH_COATED_OSMIUM;9990;12;9989;14;;;10006;5;10008;13;;;9998.0;0.0
41;40600;INTARIAN_PEPPER_ROOT;54031;8;54028;12;;;54048;8;54050;11;;;54040.0;0.0
41;40700;ASH_COATED_OSMIUM;9990;12;9989;10;9988;11;10006;11;10009;22;10010;15;9998.5;0.0
41;40700;INTARIAN_PEPPER_ROOT;54036;8;54035;12;54032;12;54052;11;54054;7;54057;6;54044.5;0.0
41;40800;ASH_COATED_OSMIUM;9984;15;;;;;10000;11;;;;;9992.5;0.0
41;40800;INTARIAN_PEPPER_ROOT;54031;22;54029;10;;;54045;9;54048;9;;;54038.0;0.0
41;40900;ASH_COATED_OSMIUM;9990;14;9988;11;;;10006;14;10009;10;;;9998.0;0.0
41;40900;INTARIAN_PEPPER_ROOT;54032;3;;;;;54046;12;;;;;54039.5;0.0
41;41000;ASH_COATED_OSMIUM;9994;22;9992;15;9990;2;10010;8;10013;11;10014;14;10002.5;0.0
41;41000;INTARIAN_PEPPER_ROOT;54029;24;54027;8;;;54045;12;54048;12;;;54037.5;0.0
41;41100;ASH_COATED_OSMIUM;9988;21;9985;14;;;10004;14;10006;15;;;9996.5;0.0
41;41100;INTARIAN_PEPPER_ROOT;54032;12;;;;;54043;8;;;;;54037.5;0.0
41;41200;ASH_COATED_OSMIUM;9990;11;;;;;10006;12;;;;;9998.5;0.0
41;41200;INTARIAN_PEPPER_ROOT;54037;10;54034;12;54031;24;54048;19;54050;8;54052;12;54043.0;0.0
41;41300;ASH_COATED_OSMIUM;9992;11;;;;;10008;14;;;;;10000.5;0.0
41;41300;INTARIAN_PEPPER_ROOT;54038;20;54037;8;;;54051;7;54054;11;;;54044.5;0.0
41;41400;ASH_COATED_OSMIUM;9991;15;9990;10;;;10007;29;10009;15;;;9999.5;0.0
41;41400;INTARIAN_PEPPER_ROOT;54030;11;54028;3;;;54051;9;54053;12;;;54040.5;0.0
41;41500;ASH_COATED_OSMIUM;9991;14;;;;;10007;11;;;;;9999.5;0.0
41;41500;INTARIAN_PEPPER_ROOT;54034;19;54032;10;;;54048;16;54049;9;;;54041.0;0.0
41;41600;ASH_COATED_OSMIUM;9988;14;9987;9;;;10004;14;10005;15;;;9996.5;0.0
41;41600;INTARIAN_PEPPER_ROOT;54039;8;54036;9;54034;9;54051;8;54052;10;54055;12;54045.5;0.0
41;41700;ASH_COATED_OSMIUM;9986;15;9983;15;;;10005;14;10006;24;;;9996.0;0.0
41;41700;INTARIAN_PEPPER_ROOT;54036;11;54034;10;;;54047;24;54048;12;;;54041.5;0.0
41;41800;ASH_COATED_OSMIUM;9994;12;9992;29;9989;15;10010;11;10013;15;10015;15;10002.0;0.0
41;41800;INTARIAN_PEPPER_ROOT;54042;12;54040;9;;;54045;9;54047;8;;;54043.5;0.0
41;41900;ASH_COATED_OSMIUM;9990;23;;;;;10006;11;;;;;9998.0;0.0
41;41900;INTARIAN_PEPPER_ROOT;54032;9;54029;9;54027;23;54044;9;54047;10;54048;10;54038.5;0.0
41;42000;ASH_COATED_OSMIUM;9990;15;9987;11;;;10006;13;10009;15;;;9998.0;0.0
41;42000;INTARIAN_PEPPER_ROOT;54034;9;54032;11;;;54046;11;54048;12;;;54040.5;0.0
41;42100;ASH_COATED_OSMIUM;9995;15;9992;15;;;10011;12;10013;24;;;10003.0;0.0
41;42100;INTARIAN_PEPPER_ROOT;54037;11;54036;8;54035;19;54049;10;54050;8;54051;12;54043.5;0.0
41;42200;ASH_COATED_OSMIUM;10001;10;9998;24;;;10017;10;10018;14;;;10009.0;0.0
41;42200;INTARIAN_PEPPER_ROOT;54037;10;;;;;54050;11;;;;;54043.5;0.0
41;42300;ASH_COATED_OSMIUM;9995;12;9993;10;;;10011;24;10012;20;;;10003.0;0.0
41;42300;INTARIAN_PEPPER_ROOT;54038;8;;;;;54047;5;;;;;54043.0;0.0
41;42400;ASH_COATED_OSMIUM;9996;13;9994;11;;;10007;14;10010;11;;;10001.5;0.0
41;42400;INTARIAN_PEPPER_ROOT;54034;12;;;;;54045;9;;;;;54040.0;0.0
41;42500;ASH_COATED_OSMIUM;10000;15;9998;13;9997;12;10016;15;10018;13;10020;21;10008.5;0.0
41;42500;INTARIAN_PEPPER_ROOT;54038;8;54037;10;;;54051;8;54052;10;;;54045.0;0.0
41;42600;ASH_COATED_OSMIUM;10000;10;;;;;10021;12;;;;;10010.5;0.0
41;42600;INTARIAN_PEPPER_ROOT;54039;11;;;;;54054;16;;;;;54046.5;0.0
41;42700;ASH_COATED_OSMIUM;9996;10;;;;;10015;11;;;;;10006.0;0.0
41;42700;INTARIAN_PEPPER_ROOT;54040;9;54039;10;54036;9;54054;8;54057;12;54059;12;54047.5;0.0
41;42800;ASH_COATED_OSMIUM;9998;12;9996;30;;;10014;13;10015;15;;;10006.5;0.0
41;42800;INTARIAN_PEPPER_ROOT;54035;10;;;;;54050;9;;;;;54042.5;0.0
41;42900;ASH_COATED_OSMIUM;9995;12;9992;11;;;10014;10;10015;15;;;10004.5;0.0
41;42900;INTARIAN_PEPPER_ROOT;54035;9;54034;25;54032;12;54049;10;54051;12;54054;10;54042.5;0.0
41;43000;ASH_COATED_OSMIUM;9992;30;9989;10;9986;15;10011;13;10013;10;10015;12;10001.5;0.0
41;43000;INTARIAN_PEPPER_ROOT;54039;12;54036;11;;;54052;9;54054;9;;;54046.0;0.0
41;43100;ASH_COATED_OSMIUM;9991;13;9990;15;;;10009;20;10010;2;;;10000.0;0.0
41;43100;INTARIAN_PEPPER_ROOT;54034;12;54033;10;54031;12;54051;9;54054;10;54055;9;54043.0;0.0
41;43200;ASH_COATED_OSMIUM;9989;12;;;;;10005;15;;;;;9997.0;0.0
41;43200;INTARIAN_PEPPER_ROOT;54037;8;54034;12;;;54045;12;54047;11;;;54041.5;0.0
41;43300;ASH_COATED_OSMIUM;9986;10;;;;;10002;14;;;;;9994.0;0.0
41;43300;INTARIAN_PEPPER_ROOT;54038;8;54035;9;54033;11;54054;9;54055;12;54056;12;54046.0;0.0
41;43400;ASH_COATED_OSMIUM;9985;14;9982;3;;;10003;27;10004;26;;;9994.5;0.0
41;43400;INTARIAN_PEPPER_ROOT;54038;9;54035;11;;;54051;12;54053;12;;;54044.5;0.0
41;43500;ASH_COATED_OSMIUM;9991;11;9989;14;9988;27;10010;14;10013;15;10015;13;10000.5;0.0
41;43500;INTARIAN_PEPPER_ROOT;54040;12;;;;;54053;8;;;;;54047.0;0.0
41;43600;ASH_COATED_OSMIUM;9992;12;;;;;10010;21;;;;;10001.5;0.0
41;43600;INTARIAN_PEPPER_ROOT;54035;8;54033;21;;;54048;21;54049;23;;;54041.5;0.0
41;43700;ASH_COATED_OSMIUM;9989;14;9988;26;9986;15;10008;11;10011;10;10014;14;9999.0;0.0
41;43700;INTARIAN_PEPPER_ROOT;54036;12;54034;18;;;54049;8;54051;8;;;54042.5;0.0
41;43800;ASH_COATED_OSMIUM;9995;15;9994;14;;;10001;14;10004;10;;;9998.5;0.0
41;43800;INTARIAN_PEPPER_ROOT;54036;11;54033;8;;;54050;11;54053;9;;;54043.5;0.0
41;43900;ASH_COATED_OSMIUM;9991;10;;;;;10007;29;;;;;9999.5;0.0
41;43900;INTARIAN_PEPPER_ROOT;54036;10;54033;10;54031;10;54050;11;54053;12;54056;8;54043.5;0.0
41;44000;ASH_COATED_OSMIUM;9986;12;9984;12;9983;15;10002;30;10003;11;10004;13;9994.5;0.0
41;44000;INTARIAN_PEPPER_ROOT;54035;20;54034;8;;;54052;25;54054;8;;;54044.0;0.0
41;44100;ASH_COATED_OSMIUM;9987;11;9985;11;9984;10;9997;10;9999;10;10000;20;9992.0;0.0
41;44100;INTARIAN_PEPPER_ROOT;54037;11;;;;;54051;22;;;;;54044.0;0.0
41;44200;ASH_COATED_OSMIUM;9987;13;;;;;10003;13;;;;;9995.5;0.0
41;44200;INTARIAN_PEPPER_ROOT;54034;6;54032;22;;;54047;18;54048;9;;;54041.0;0.0
41;44300;ASH_COATED_OSMIUM;9986;13;9983;13;;;10002;4;10005;15;;;9994.0;0.0
41;44300;INTARIAN_PEPPER_ROOT;54042;11;54039;5;;;54055;12;54058;19;;;54048.5;0.0
41;44400;ASH_COATED_OSMIUM;9984;10;9981;13;;;10000;12;10002;14;;;9992.0;0.0
41;44400;INTARIAN_PEPPER_ROOT;54032;12;54030;25;;;54049;11;54051;11;;;54041.0;0.0
41;44500;ASH_COATED_OSMIUM;9986;12;;;;;10002;14;;;;;9994.0;0.0
41;44500;INTARIAN_PEPPER_ROOT;54039;12;;;;;54053;16;;;;;54046.5;0.0
41;44600;ASH_COATED_OSMIUM;9987;21;9985;14;;;10003;30;10006;15;;;9995.0;0.0
41;44600;INTARIAN_PEPPER_ROOT;54038;8;;;;;54053;8;;;;;54045.5;0.0
41;44700;ASH_COATED_OSMIUM;9990;11;9988;7;9987;13;10006;10;10009;13;10010;10;9998.0;0.0
41;44700;INTARIAN_PEPPER_ROOT;54031;12;54028;17;;;54047;12;54049;12;;;54039.0;0.0
41;44800;ASH_COATED_OSMIUM;9995;13;;;;;10011;11;;;;;10003.0;0.0
41;44800;INTARIAN_PEPPER_ROOT;54035;9;;;;;54049;11;;;;;54042.0;0.0
41;44900;ASH_COATED_OSMIUM;9993;11;9991;14;9990;10;10009;29;10011;10;10013;12;10001.5;0.0
41;44900;INTARIAN_PEPPER_ROOT;54037;8;54036;8;;;54050;8;54051;9;;;54043.5;0.0
41;45000;ASH_COATED_OSMIUM;10000;12;9999;13;9996;13;10016;12;10019;15;10020;20;10008.5;0.0
41;45000;INTARIAN_PEPPER_ROOT;54033;10;;;;;54046;20;;;;;54040.0;0.0
41;45100;ASH_COATED_OSMIUM;10000;11;;;;;10011;11;;;;;10005.5;0.0
41;45100;INTARIAN_PEPPER_ROOT;54044;11;54041;8;54040;11;54047;12;54049;11;54050;8;54045.5;0.0
41;45200;ASH_COATED_OSMIUM;9995;14;;;;;10011;15;;;;;10003.0;0.0
41;45200;INTARIAN_PEPPER_ROOT;54036;9;54033;12;54031;11;54050;11;54051;11;54052;19;54043.0;0.0
41;45300;ASH_COATED_OSMIUM;9992;21;9989;13;;;10008;15;10010;13;;;10000.0;0.0
41;45300;INTARIAN_PEPPER_ROOT;54038;17;;;;;54050;9;;;;;54044.0;0.0
41;45400;ASH_COATED_OSMIUM;9992;13;;;;;10010;13;;;;;10001.0;0.0
41;45400;INTARIAN_PEPPER_ROOT;54043;9;54040;8;;;54055;10;54056;8;;;54049.5;0.0
41;45500;ASH_COATED_OSMIUM;9990;13;9989;14;;;10011;14;10014;24;;;10001.0;0.0
41;45500;INTARIAN_PEPPER_ROOT;54037;9;54035;8;;;54056;11;54059;11;;;54046.5;0.0
41;45600;ASH_COATED_OSMIUM;9997;3;9996;2;;;10013;13;10015;12;;;10005.0;0.0
41;45600;INTARIAN_PEPPER_ROOT;54035;11;54033;12;;;54055;8;54057;17;;;54045.5;0.0
41;45700;ASH_COATED_OSMIUM;9992;21;9991;11;9989;12;10008;12;10009;12;10010;10;10000.0;0.0
41;45700;INTARIAN_PEPPER_ROOT;54036;21;54033;9;;;54054;11;54057;9;;;54045.0;0.0
41;45800;ASH_COATED_OSMIUM;9995;13;9993;13;;;10014;23;10016;12;;;10004.5;0.0
41;45800;INTARIAN_PEPPER_ROOT;54043;10;54040;11;;;54056;10;54058;12;;;54050.0;0.0
41;45900;ASH_COATED_OSMIUM;9991;14;9988;13;9985;15;10007;13;10009;13;10011;15;9999.5;0.0
41;45900;INTARIAN_PEPPER_ROOT;54044;10;54043;11;;;54055;19;54057;10;;;54049.5;0.0
41;46000;ASH_COATED_OSMIUM;9994;13;9992;27;;;10010;15;10012;10;;;10002.5;0.0
41;46000;INTARIAN_PEPPER_ROOT;54042;12;;;;;54054;10;;;;;54048.0;0.0
41;46100;ASH_COATED_OSMIUM;9988;4;9987;15;;;10004;13;10006;30;;;9996.5;0.0
41;46100;INTARIAN_PEPPER_ROOT;54038;9;54036;8;;;54051;10;54054;11;;;54045.0;0.0
41;46200;ASH_COATED_OSMIUM;9987;21;9986;13;9983;22;10003;24;10004;15;10007;13;9995.5;0.0
41;46200;INTARIAN_PEPPER_ROOT;54043;11;54042;9;54040;8;54056;10;54059;11;54062;8;54049.5;0.0
41;46300;ASH_COATED_OSMIUM;9991;15;9988;14;;;10007;12;10009;22;;;9999.0;0.0
41;46300;INTARIAN_PEPPER_ROOT;54038;8;;;;;54052;8;;;;;54045.5;0.0
41;46400;ASH_COATED_OSMIUM;9983;12;9980;14;;;10001;14;10003;15;;;9992.5;0.0
41;46400;INTARIAN_PEPPER_ROOT;54041;24;;;;;54053;17;;;;;54047.0;0.0
41;46500;ASH_COATED_OSMIUM;9987;11;9986;14;9984;14;10003;11;10004;11;10007;27;9995.5;0.0
41;46500;INTARIAN_PEPPER_ROOT;54039;9;;;;;54051;12;;;;;54045.0;0.0
41;46600;ASH_COATED_OSMIUM;9991;14;9988;11;9985;11;10007;25;10010;11;10013;24;9999.5;0.0
41;46600;INTARIAN_PEPPER_ROOT;54040;17;54039;11;54038;15;54052;17;54055;8;54056;11;54046.5;0.0
41;46700;ASH_COATED_OSMIUM;9993;15;;;;;10009;12;;;;;10001.5;0.0
41;46700;INTARIAN_PEPPER_ROOT;54037;8;54034;25;;;54051;8;54052;11;;;54044.5;0.0
41;46800;ASH_COATED_OSMIUM;9991;10;9990;23;;;10007;10;10009;11;;;9999.0;0.0
41;46800;INTARIAN_PEPPER_ROOT;54039;12;54036;11;54035;11;54052;20;54053;10;54054;18;54046.0;0.0
41;46900;ASH_COATED_OSMIUM;9992;5;;;;;10008;10;;;;;10000.5;0.0
41;46900;INTARIAN_PEPPER_ROOT;54042;10;;;;;54055;7;;;;;54048.5;0.0
41;47000;ASH_COATED_OSMIUM;9994;15;9992;12;9991;13;10010;10;10011;11;10014;13;10002.0;0.0
41;47000;INTARIAN_PEPPER_ROOT;54035;10;;;;;54052;10;;;;;54044.0;0.0
41;47100;ASH_COATED_OSMIUM;9993;10;9992;5;;;10011;13;10012;12;;;10002.0;0.0
41;47100;INTARIAN_PEPPER_ROOT;54038;11;54037;11;;;54052;12;54054;8;;;54045.0;0.0
41;47200;ASH_COATED_OSMIUM;9996;10;;;;;10012;11;;;;;10004.0;0.0
41;47200;INTARIAN_PEPPER_ROOT;54045;8;54043;11;;;54057;8;54060;15;;;54051.0;0.0
41;47300;ASH_COATED_OSMIUM;9995;24;;;;;10014;12;;;;;10004.5;0.0
41;47300;INTARIAN_PEPPER_ROOT;54040;12;;;;;54056;8;;;;;54048.0;0.0
41;47400;ASH_COATED_OSMIUM;9992;13;9990;21;;;10008;10;10010;11;;;10000.5;0.0
41;47400;INTARIAN_PEPPER_ROOT;54038;12;54037;9;54034;10;54055;12;54056;8;54058;9;54047.0;0.0
41;47500;ASH_COATED_OSMIUM;9990;13;;;;;10008;12;;;;;9999.0;0.0
41;47500;INTARIAN_PEPPER_ROOT;54041;24;;;;;54055;9;;;;;54048.0;0.0
41;47600;ASH_COATED_OSMIUM;9987;14;;;;;10003;13;;;;;9995.5;0.0
41;47600;INTARIAN_PEPPER_ROOT;54039;22;54038;9;;;54052;9;54055;10;;;54046.0;0.0
41;47700;ASH_COATED_OSMIUM;9991;13;9989;13;;;10007;12;10008;14;;;9999.0;0.0
41;47700;INTARIAN_PEPPER_ROOT;54042;9;54039;11;54037;11;54055;9;54056;10;54059;12;54049.0;0.0
41;47800;ASH_COATED_OSMIUM;9983;11;9980;10;;;9999;13;10002;15;;;9991.5;0.0
41;47800;INTARIAN_PEPPER_ROOT;54041;4;;;;;54055;9;;;;;54048.0;0.0
41;47900;ASH_COATED_OSMIUM;9984;29;;;;;10000;15;;;;;9992.5;0.0
41;47900;INTARIAN_PEPPER_ROOT;54043;8;54041;10;;;54055;12;54056;21;;;54049.5;0.0
41;48000;ASH_COATED_OSMIUM;9982;15;;;;;10000;11;;;;;9991.0;0.0
41;48000;INTARIAN_PEPPER_ROOT;54040;12;;;;;54052;11;;;;;54046.0;0.0
41;48100;ASH_COATED_OSMIUM;9980;14;9979;11;;;9996;11;9999;11;;;9988.5;0.0
41;48100;INTARIAN_PEPPER_ROOT;54038;21;54035;9;54033;12;54051;9;54053;9;54054;8;54044.5;0.0
41;48200;ASH_COATED_OSMIUM;9983;10;;;;;9999;13;;;;;9991.5;0.0
41;48200;INTARIAN_PEPPER_ROOT;54041;10;54040;10;;;54052;12;54053;12;;;54046.5;0.0
41;48300;ASH_COATED_OSMIUM;9984;14;9981;7;9980;29;10003;14;10005;12;10006;22;9993.5;0.0
41;48300;INTARIAN_PEPPER_ROOT;54042;9;54040;9;;;54053;10;54055;12;;;54048.0;0.0
41;48400;ASH_COATED_OSMIUM;9986;11;9985;10;;;10002;14;10004;14;;;9994.5;0.0
41;48400;INTARIAN_PEPPER_ROOT;54038;12;;;;;54055;11;;;;;54046.5;0.0
41;48500;ASH_COATED_OSMIUM;9990;12;9989;11;;;10009;15;10012;10;;;10000.0;0.0
41;48500;INTARIAN_PEPPER_ROOT;54039;12;54037;8;54036;10;54052;11;54054;10;54055;10;54046.0;0.0
41;48600;ASH_COATED_OSMIUM;9990;14;9987;11;;;10008;14;10009;15;;;9999.0;0.0
41;48600;INTARIAN_PEPPER_ROOT;54043;10;54040;10;;;54056;12;54058;22;;;54050.0;0.0
41;48700;ASH_COATED_OSMIUM;9985;11;;;;;10006;12;;;;;9995.5;0.0
41;48700;INTARIAN_PEPPER_ROOT;54045;17;54042;11;;;54057;10;54060;16;;;54051.5;0.0
41;48800;ASH_COATED_OSMIUM;9988;14;9986;11;;;10004;15;10006;11;;;9996.0;0.0
41;48800;INTARIAN_PEPPER_ROOT;54047;12;54045;9;54043;9;54061;9;54062;12;54064;9;54054.0;0.0
41;48900;ASH_COATED_OSMIUM;9985;13;;;;;10001;10;;;;;9993.0;0.0
41;48900;INTARIAN_PEPPER_ROOT;54044;9;54041;20;54040;11;54055;10;54056;9;54059;9;54050.0;0.0
41;49000;ASH_COATED_OSMIUM;9986;12;9984;15;;;10002;5;10004;23;;;9994.0;0.0
41;49000;INTARIAN_PEPPER_ROOT;54046;8;54043;15;54041;18;54055;19;54058;6;54060;20;54051.0;0.0
41;49100;ASH_COATED_OSMIUM;9986;20;9983;10;;;10002;15;10005;14;;;9994.0;0.0
41;49100;INTARIAN_PEPPER_ROOT;54042;9;;;;;54055;25;;;;;54048.5;0.0
41;49200;ASH_COATED_OSMIUM;9982;12;9980;12;;;10001;3;10004;15;;;9991.5;0.0
41;49200;INTARIAN_PEPPER_ROOT;54044;12;54041;19;54038;22;54058;11;54061;12;54064;8;54051.0;0.0
41;49300;ASH_COATED_OSMIUM;9991;14;;;;;10007;12;;;;;9999.0;0.0
41;49300;INTARIAN_PEPPER_ROOT;54039;8;54038;11;;;54054;9;54056;8;;;54047.0;0.0
41;49400;ASH_COATED_OSMIUM;9990;14;9987;14;9984;15;10006;15;10009;13;10010;13;9998.0;0.0
41;49400;INTARIAN_PEPPER_ROOT;54043;9;54041;9;;;54056;18;54058;12;;;54049.5;0.0
41;49500;ASH_COATED_OSMIUM;9992;13;9989;12;9988;12;10008;10;10011;27;10012;15;10000.5;0.0
41;49500;INTARIAN_PEPPER_ROOT;54043;11;54041;8;;;54056;11;54058;15;;;54050.0;0.0
41;49600;ASH_COATED_OSMIUM;9990;10;9987;15;;;10006;13;10008;22;;;9998.0;0.0
41;49600;INTARIAN_PEPPER_ROOT;54045;19;;;;;54056;10;;;;;54051.0;0.0
41;49700;ASH_COATED_OSMIUM;9989;11;;;;;10005;12;;;;;9997.5;0.0
41;49700;INTARIAN_PEPPER_ROOT;54045;10;54043;12;54042;10;54057;9;54060;12;54062;10;54051.5;0.0
41;49800;ASH_COATED_OSMIUM;9988;15;9987;14;9986;13;10004;10;10007;12;10010;11;9996.5;0.0
41;49800;INTARIAN_PEPPER_ROOT;54047;18;54045;11;;;54060;10;54061;9;;;54054.0;0.0
41;49900;ASH_COATED_OSMIUM;9991;12;;;;;10007;12;;;;;9999.5;0.0
41;49900;INTARIAN_PEPPER_ROOT;54045;12;54043;8;54041;11;54062;8;54064;11;54067;8;54053.5;0.0
41;50000;ASH_COATED_OSMIUM;9984;12;;;;;10000;14;;;;;9992.5;0.0
41;50000;INTARIAN_PEPPER_ROOT;54047;11;54046;9;;;54050;10;54053;12;;;54048.5;0.0
41;50100;ASH_COATED_OSMIUM;9987;12;9984;14;;;10003;11;10006;11;;;9995.5;0.0
41;50100;INTARIAN_PEPPER_ROOT;54046;17;54043;12;54042;11;54058;10;54060;8;54061;12;54052.0;0.0
41;50200;ASH_COATED_OSMIUM;9987;11;9986;2;;;10003;11;10006;13;;;9995.5;0.0
41;50200;INTARIAN_PEPPER_ROOT;54047;17;54044;10;;;54056;12;54059;11;;;54052.0;0.0
41;50300;ASH_COATED_OSMIUM;9985;11;9984;11;9982;12;10003;10;10004;15;10007;14;9994.0;0.0
41;50300;INTARIAN_PEPPER_ROOT;54037;8;;;;;54054;10;;;;;54045.5;0.0
41;50400;ASH_COATED_OSMIUM;9988;15;9986;11;;;10004;15;10006;20;;;9996.5;0.0
41;50400;INTARIAN_PEPPER_ROOT;54044;11;54043;12;54041;12;54060;9;54061;8;54062;10;54052.5;0.0
41;50500;ASH_COATED_OSMIUM;9995;13;9992;14;;;10014;13;10017;12;;;10004.5;0.0
41;50500;INTARIAN_PEPPER_ROOT;54044;9;54042;12;;;54055;10;54057;8;;;54049.5;0.0
41;50600;ASH_COATED_OSMIUM;9992;12;;;;;10010;13;;;;;10001.5;0.0
41;50600;INTARIAN_PEPPER_ROOT;54048;11;54047;10;;;54060;8;54062;16;;;54054.0;0.0
41;50700;ASH_COATED_OSMIUM;9992;13;9990;11;;;10008;10;10011;15;;;10000.5;0.0
41;50700;INTARIAN_PEPPER_ROOT;54044;10;54041;9;;;54060;10;54062;9;;;54052.0;0.0
41;50800;ASH_COATED_OSMIUM;9998;15;9995;12;;;10014;11;10017;12;;;10006.0;0.0
41;50800;INTARIAN_PEPPER_ROOT;54043;18;54041;8;;;54056;8;54059;8;;;54050.0;0.0
41;50900;ASH_COATED_OSMIUM;9992;11;9991;10;;;10008;10;10011;20;;;10000.5;0.0
41;50900;INTARIAN_PEPPER_ROOT;54044;9;54042;10;;;54058;11;54061;20;;;54051.5;0.0
41;51000;ASH_COATED_OSMIUM;9986;7;9984;14;;;10002;15;10005;11;;;9994.5;0.0
41;51000;INTARIAN_PEPPER_ROOT;54042;25;54039;10;;;54055;9;54058;10;;;54049.0;0.0
41;51100;ASH_COATED_OSMIUM;9986;13;9984;14;;;10002;22;10005;12;;;9994.0;0.0
41;51100;INTARIAN_PEPPER_ROOT;54042;8;54040;12;;;54053;8;54055;9;;;54048.0;0.0
41;51200;ASH_COATED_OSMIUM;9987;13;9984;20;;;10005;11;10007;14;;;9996.5;0.0
41;51200;INTARIAN_PEPPER_ROOT;54044;12;;;;;54057;10;;;;;54050.5;0.0
41;51300;ASH_COATED_OSMIUM;9986;13;9984;11;;;10002;11;10005;13;;;9994.5;0.0
41;51300;INTARIAN_PEPPER_ROOT;54046;8;54044;10;54042;8;54063;18;54064;9;54067;9;54055.0;0.0
41;51400;ASH_COATED_OSMIUM;9993;11;9991;23;;;10011;14;10013;29;;;10002.0;0.0
41;51400;INTARIAN_PEPPER_ROOT;54051;11;54048;16;;;54062;11;54064;9;;;54057.0;0.0
41;51500;ASH_COATED_OSMIUM;9990;13;9987;12;9985;11;10006;12;10009;12;10010;14;9998.0;0.0
41;51500;INTARIAN_PEPPER_ROOT;54047;8;;;;;54061;10;;;;;54054.5;0.0
41;51600;ASH_COATED_OSMIUM;9989;12;9986;3;;;9998;10;10001;10;;;9994.0;0.0
41;51600;INTARIAN_PEPPER_ROOT;54043;11;54040;12;;;54057;10;54059;11;;;54050.0;0.0
41;51700;ASH_COATED_OSMIUM;9989;11;9986;11;;;10008;23;10010;26;;;9999.0;0.0
41;51700;INTARIAN_PEPPER_ROOT;54045;9;54042;18;;;54059;10;54060;9;;;54052.0;0.0
41;51800;ASH_COATED_OSMIUM;9998;26;9995;11;;;10014;10;10016;15;;;10006.0;0.0
41;51800;INTARIAN_PEPPER_ROOT;54042;12;;;;;54058;9;;;;;54050.5;0.0
41;51900;ASH_COATED_OSMIUM;10001;10;;;;;10017;12;;;;;10009.5;0.0
41;51900;INTARIAN_PEPPER_ROOT;54049;10;54046;21;54043;8;54062;18;54064;9;54065;10;54056.0;0.0
41;52000;ASH_COATED_OSMIUM;9996;14;9993;10;;;10012;12;10014;14;;;10004.0;0.0
41;52000;INTARIAN_PEPPER_ROOT;54044;9;;;;;54056;10;;;;;54050.0;0.0
41;52100;ASH_COATED_OSMIUM;9988;10;9987;12;9985;11;10007;10;10009;11;10012;13;9997.5;0.0
41;52100;INTARIAN_PEPPER_ROOT;54048;4;;;;;54059;25;;;;;54053.5;0.0
41;52200;ASH_COATED_OSMIUM;9990;12;9987;10;9986;29;10006;13;10008;26;10010;5;9998.0;0.0
41;52200;INTARIAN_PEPPER_ROOT;54047;11;;;;;54059;20;;;;;54053.0;0.0
41;52300;ASH_COATED_OSMIUM;9997;11;;;;;10016;10;;;;;10007.0;0.0
41;52300;INTARIAN_PEPPER_ROOT;54041;10;54039;12;;;54058;8;54060;15;;;54050.0;0.0
41;52400;ASH_COATED_OSMIUM;10001;14;9999;15;;;10022;10;10025;12;;;10011.5;0.0
41;52400;INTARIAN_PEPPER_ROOT;54043;25;54042;10;;;54058;21;54061;7;;;54051.0;0.0
41;52500;ASH_COATED_OSMIUM;10003;13;10002;10;;;10022;11;10025;14;;;10012.5;0.0
41;52500;INTARIAN_PEPPER_ROOT;54048;19;54047;9;;;54060;10;54061;11;;;54054.0;0.0
41;52600;ASH_COATED_OSMIUM;10001;2;;;;;10017;15;;;;;10009.0;0.0
41;52600;INTARIAN_PEPPER_ROOT;54051;12;54050;8;54047;11;54063;21;54066;8;54069;11;54057.0;0.0
41;52700;ASH_COATED_OSMIUM;9995;11;9993;24;;;10004;13;10006;13;;;10000.0;0.0
41;52700;INTARIAN_PEPPER_ROOT;54044;12;54041;10;;;54057;8;54058;9;;;54051.0;0.0
41;52800;ASH_COATED_OSMIUM;9992;14;9991;15;;;10008;15;10009;10;;;10000.5;0.0
41;52800;INTARIAN_PEPPER_ROOT;54041;12;;;;;54055;12;;;;;54048.5;0.0
41;52900;ASH_COATED_OSMIUM;9986;11;9983;10;;;10002;13;10003;10;;;9994.5;0.0
41;52900;INTARIAN_PEPPER_ROOT;54047;17;54045;8;54044;3;54062;10;54063;23;54065;4;54055.0;0.0
41;53000;ASH_COATED_OSMIUM;9988;27;;;;;10006;12;;;;;9997.0;0.0
41;53000;INTARIAN_PEPPER_ROOT;54046;8;54045;7;54043;9;54058;8;54060;8;54062;11;54052.0;0.0
41;53100;ASH_COATED_OSMIUM;9987;12;;;;;10005;10;;;;;9996.0;0.0
41;53100;INTARIAN_PEPPER_ROOT;54046;9;54043;9;54042;12;54059;5;54060;11;54063;8;54053.0;0.0
41;53200;ASH_COATED_OSMIUM;9990;15;;;;;10008;14;;;;;9999.0;0.0
41;53200;INTARIAN_PEPPER_ROOT;54049;10;;;;;54065;8;;;;;54057.0;0.0
41;53300;ASH_COATED_OSMIUM;9990;10;9989;13;9988;15;10006;12;10007;21;10008;26;9998.0;0.0
41;53300;INTARIAN_PEPPER_ROOT;54046;12;54045;11;;;54060;9;54062;17;;;54053.5;0.0
41;53400;ASH_COATED_OSMIUM;9998;13;;;;;10014;14;;;;;10006.0;0.0
41;53400;INTARIAN_PEPPER_ROOT;54044;12;54041;11;;;54055;10;54056;11;;;54050.0;0.0
41;53500;ASH_COATED_OSMIUM;9994;14;9991;26;;;10010;11;10012;25;;;10002.5;0.0
41;53500;INTARIAN_PEPPER_ROOT;54045;10;;;;;54061;9;;;;;54053.0;0.0
41;53600;ASH_COATED_OSMIUM;9987;10;9984;4;9981;10;10005;28;10008;11;10009;25;9996.0;0.0
41;53600;INTARIAN_PEPPER_ROOT;54047;11;;;;;54061;9;;;;;54054.0;0.0
41;53700;ASH_COATED_OSMIUM;9986;24;;;;;10002;4;;;;;9994.5;0.0
41;53700;INTARIAN_PEPPER_ROOT;54046;10;54045;11;54043;19;54060;12;54063;8;54066;10;54053.0;0.0
41;53800;ASH_COATED_OSMIUM;9984;15;9982;15;;;10002;10;10005;28;;;9993.5;0.0
41;53800;INTARIAN_PEPPER_ROOT;54050;11;;;;;54061;21;;;;;54055.5;0.0
41;53900;ASH_COATED_OSMIUM;9990;11;9989;15;9987;13;10008;12;10009;10;10010;14;9999.0;0.0
41;53900;INTARIAN_PEPPER_ROOT;54047;11;54045;9;54043;9;54061;11;54064;12;54065;8;54054.0;0.0
41;54000;ASH_COATED_OSMIUM;9988;11;9986;14;;;10004;12;10006;13;;;9996.0;0.0
41;54000;INTARIAN_PEPPER_ROOT;54049;12;54047;24;54046;10;54062;11;54064;12;54066;9;54056.0;0.0
41;54100;ASH_COATED_OSMIUM;9986;10;;;;;10002;11;;;;;9994.0;0.0
41;54100;INTARIAN_PEPPER_ROOT;54050;12;54048;9;54047;10;54061;11;54063;12;54065;11;54055.5;0.0
41;54200;ASH_COATED_OSMIUM;9991;12;;;;;10007;12;;;;;9999.0;0.0
41;54200;INTARIAN_PEPPER_ROOT;54048;10;54046;9;;;54061;7;54062;10;;;54054.5;0.0
41;54300;ASH_COATED_OSMIUM;9998;11;;;;;10014;13;;;;;10006.5;0.0
41;54300;INTARIAN_PEPPER_ROOT;54050;19;;;;;54063;9;;;;;54056.5;0.0
41;54400;ASH_COATED_OSMIUM;10000;12;;;;;10016;15;;;;;10008.0;0.0
41;54400;INTARIAN_PEPPER_ROOT;54050;23;54047;25;54045;8;54063;11;54064;8;54066;8;54057.0;0.0
41;54500;ASH_COATED_OSMIUM;10000;15;;;;;10018;13;;;;;10009.0;0.0
41;54500;INTARIAN_PEPPER_ROOT;54050;8;;;;;54063;16;;;;;54057.0;0.0
41;54600;ASH_COATED_OSMIUM;9993;28;;;;;10009;13;;;;;10001.0;0.0
41;54600;INTARIAN_PEPPER_ROOT;54046;6;;;;;54060;11;;;;;54053.0;0.0
41;54700;ASH_COATED_OSMIUM;9998;12;9997;14;;;10014;11;10015;14;;;10006.5;0.0
41;54700;INTARIAN_PEPPER_ROOT;54044;25;54043;23;54042;8;54057;10;54060;12;54063;10;54051.0;0.0
41;54800;ASH_COATED_OSMIUM;9994;29;9991;13;;;10010;13;10013;23;;;10002.0;0.0
41;54800;INTARIAN_PEPPER_ROOT;54045;12;54043;6;54041;8;54058;9;54060;9;54061;8;54052.0;0.0
41;54900;ASH_COATED_OSMIUM;9994;15;9992;13;;;10010;23;10011;27;;;10002.5;0.0
41;54900;INTARIAN_PEPPER_ROOT;54049;10;54048;12;54046;12;54062;10;54063;10;54064;10;54056.0;0.0
41;55000;ASH_COATED_OSMIUM;9988;15;;;;;10004;7;;;;;9996.5;0.0
41;55000;INTARIAN_PEPPER_ROOT;54048;12;54046;24;;;54061;10;54063;11;;;54054.5;0.0
41;55100;ASH_COATED_OSMIUM;9986;15;9983;11;9980;11;10004;12;10006;10;10007;24;9995.5;0.0
41;55100;INTARIAN_PEPPER_ROOT;54052;23;;;;;54064;10;;;;;54058.0;0.0
41;55200;ASH_COATED_OSMIUM;9986;21;;;;;10002;10;;;;;9994.5;0.0
41;55200;INTARIAN_PEPPER_ROOT;54048;10;54046;15;;;54061;20;54062;11;;;54055.0;0.0
41;55300;ASH_COATED_OSMIUM;9986;14;;;;;10005;13;;;;;9995.5;0.0
41;55300;INTARIAN_PEPPER_ROOT;54052;11;;;;;54063;12;;;;;54058.0;0.0
41;55400;ASH_COATED_OSMIUM;9992;10;9990;2;;;10008;12;10011;11;;;10000.5;0.0
41;55400;INTARIAN_PEPPER_ROOT;54049;10;54048;9;;;54062;12;54063;9;;;54055.5;0.0
41;55500;ASH_COATED_OSMIUM;9985;12;;;;;10004;15;;;;;9995.0;0.0
41;55500;INTARIAN_PEPPER_ROOT;54049;15;54046;10;;;54061;12;54063;9;;;54055.0;0.0
41;55600;ASH_COATED_OSMIUM;9986;15;9983;13;9981;11;10002;24;10004;13;10006;13;9994.5;0.0
41;55600;INTARIAN_PEPPER_ROOT;54044;10;54042;12;;;54062;11;54064;8;;;54053.0;0.0
41;55700;ASH_COATED_OSMIUM;9986;10;9985;14;9984;10;10002;29;10004;30;10007;13;9994.5;0.0
41;55700;INTARIAN_PEPPER_ROOT;54047;8;54045;24;;;54059;9;54061;8;;;54053.0;0.0
41;55800;ASH_COATED_OSMIUM;9989;11;9988;12;9985;12;10005;24;10006;15;10008;15;9997.0;0.0
41;55800;INTARIAN_PEPPER_ROOT;54052;16;;;;;54063;15;;;;;54058.0;0.0
41;55900;ASH_COATED_OSMIUM;9992;13;9991;13;;;10008;10;10011;11;;;10000.0;0.0
41;55900;INTARIAN_PEPPER_ROOT;54045;15;;;;;54058;12;;;;;54051.5;0.0
41;56000;ASH_COATED_OSMIUM;9992;10;9991;10;;;10008;13;10009;14;;;10000.5;0.0
41;56000;INTARIAN_PEPPER_ROOT;54050;16;54049;12;;;54064;9;54067;17;;;54057.0;0.0
41;56100;ASH_COATED_OSMIUM;10000;10;;;;;10016;12;;;;;10008.0;0.0
41;56100;INTARIAN_PEPPER_ROOT;54048;12;54047;12;;;54062;8;54064;10;;;54055.5;0.0
41;56200;ASH_COATED_OSMIUM;9995;25;9993;25;;;10011;13;10013;11;;;10003.5;0.0
41;56200;INTARIAN_PEPPER_ROOT;54050;12;54047;11;;;54063;12;54064;9;;;54057.0;0.0
41;56300;ASH_COATED_OSMIUM;9997;11;9995;13;;;10013;15;10014;15;;;10005.0;0.0
41;56300;INTARIAN_PEPPER_ROOT;54051;15;;;;;54064;9;;;;;54057.5;0.0
41;56400;ASH_COATED_OSMIUM;9996;13;;;;;10012;15;;;;;10004.5;0.0
41;56400;INTARIAN_PEPPER_ROOT;54045;21;54043;11;;;54062;11;54063;10;;;54054.0;0.0
41;56500;ASH_COATED_OSMIUM;9991;14;9989;13;9987;15;10007;11;10010;15;10011;11;9999.5;0.0
41;56500;INTARIAN_PEPPER_ROOT;54046;10;54043;12;;;54060;11;54061;11;;;54053.0;0.0
41;56600;ASH_COATED_OSMIUM;9996;15;9994;30;;;10012;13;10014;10;;;10004.5;0.0
41;56600;INTARIAN_PEPPER_ROOT;54048;11;54045;8;;;54061;12;54063;8;;;54055.0;0.0
41;56700;ASH_COATED_OSMIUM;9994;10;;;;;10012;14;;;;;10003.0;0.0
41;56700;INTARIAN_PEPPER_ROOT;54053;12;;;;;54065;8;;;;;54059.0;0.0
41;56800;ASH_COATED_OSMIUM;9996;14;9993;15;;;10012;21;10014;13;;;10004.0;0.0
41;56800;INTARIAN_PEPPER_ROOT;54049;8;54046;9;;;54060;23;54061;11;;;54055.0;0.0
41;56900;ASH_COATED_OSMIUM;9994;15;9992;12;9991;15;10010;14;10011;13;10013;10;10002.0;0.0
41;56900;INTARIAN_PEPPER_ROOT;54049;8;54046;6;54045;12;54063;12;54065;12;54067;10;54056.5;0.0
41;57000;ASH_COATED_OSMIUM;9987;15;;;;;10005;13;;;;;9996.0;0.0
41;57000;INTARIAN_PEPPER_ROOT;54052;8;;;;;54060;12;;;;;54056.0;0.0
41;57100;ASH_COATED_OSMIUM;9983;23;;;;;9999;13;;;;;9991.0;0.0
41;57100;INTARIAN_PEPPER_ROOT;54052;9;54051;9;;;54063;11;54064;8;;;54058.0;0.0
41;57200;ASH_COATED_OSMIUM;9981;14;9979;11;;;9997;12;9999;24;;;9989.0;0.0
41;57200;INTARIAN_PEPPER_ROOT;54050;20;;;;;54063;8;;;;;54057.0;0.0
41;57300;ASH_COATED_OSMIUM;9991;13;9988;10;9987;14;10000;15;10002;11;10004;15;9996.0;0.0
41;57300;INTARIAN_PEPPER_ROOT;54050;8;54048;9;;;54066;11;54069;25;;;54058.0;0.0
41;57400;ASH_COATED_OSMIUM;9984;25;9983;14;9980;15;10002;14;10003;10;10006;10;9993.0;0.0
41;57400;INTARIAN_PEPPER_ROOT;54053;11;54051;11;;;54067;10;54070;11;;;54060.5;0.0
41;57500;ASH_COATED_OSMIUM;9984;10;9982;14;9981;12;10002;14;10003;27;10006;13;9993.5;0.0
41;57500;INTARIAN_PEPPER_ROOT;54048;12;54045;12;54042;12;54061;9;54063;10;54065;9;54055.0;0.0
41;57600;ASH_COATED_OSMIUM;9984;13;;;;;10000;10;;;;;9992.5;0.0
41;57600;INTARIAN_PEPPER_ROOT;54056;11;54055;8;;;54070;8;54073;12;;;54063.5;0.0
41;57700;ASH_COATED_OSMIUM;9991;11;9990;20;;;10009;13;10012;11;;;10000.0;0.0
41;57700;INTARIAN_PEPPER_ROOT;54050;21;;;;;54062;11;;;;;54056.5;0.0
41;57800;ASH_COATED_OSMIUM;10002;10;10001;25;;;10012;12;10013;13;;;10007.0;0.0
41;57800;INTARIAN_PEPPER_ROOT;54055;10;54053;9;;;54069;8;54070;20;;;54062.0;0.0
41;57900;ASH_COATED_OSMIUM;9995;11;9992;13;9989;12;10014;24;10015;10;10017;25;10004.5;0.0
41;57900;INTARIAN_PEPPER_ROOT;54048;16;54045;12;54044;9;54060;11;54061;12;54062;12;54054.0;0.0
41;58000;ASH_COATED_OSMIUM;9993;20;;;;;10009;11;;;;;10001.0;0.0
41;58000;INTARIAN_PEPPER_ROOT;54052;6;54050;10;54047;3;54065;8;54068;12;54069;22;54059.0;0.0
41;58100;ASH_COATED_OSMIUM;9992;9;9990;15;9988;14;10008;15;10009;14;10012;15;10000.5;0.0
41;58100;INTARIAN_PEPPER_ROOT;54055;8;54052;16;54050;8;54068;10;54071;11;54074;11;54062.0;0.0
41;58200;ASH_COATED_OSMIUM;9995;10;9994;10;9993;14;10011;10;10013;13;10016;29;10003.0;0.0
41;58200;INTARIAN_PEPPER_ROOT;54048;11;;;;;54059;8;;;;;54054.0;0.0
41;58300;ASH_COATED_OSMIUM;9991;20;;;;;10007;11;;;;;9999.0;0.0
41;58300;INTARIAN_PEPPER_ROOT;54050;8;54049;8;;;54065;21;54066;10;;;54057.5;0.0
41;58400;ASH_COATED_OSMIUM;9995;10;9993;25;;;10011;30;10013;10;;;10003.5;0.0
41;58400;INTARIAN_PEPPER_ROOT;54050;5;54049;9;;;54062;8;54063;5;;;54056.5;0.0
41;58500;ASH_COATED_OSMIUM;9998;10;;;;;10014;2;;;;;10006.5;0.0
41;58500;INTARIAN_PEPPER_ROOT;54048;11;54046;16;;;54066;9;54067;18;;;54057.5;0.0
41;58600;ASH_COATED_OSMIUM;9998;13;;;;;10014;13;;;;;10006.0;0.0
41;58600;INTARIAN_PEPPER_ROOT;54050;16;54048;10;;;54062;8;54065;4;;;54056.5;0.0
41;58700;ASH_COATED_OSMIUM;10002;11;;;;;10018;13;;;;;10010.0;0.0
41;58700;INTARIAN_PEPPER_ROOT;54051;8;;;;;54063;9;;;;;54057.5;0.0
41;58800;ASH_COATED_OSMIUM;10004;12;10002;15;;;10020;15;10023;29;;;10012.5;0.0
41;58800;INTARIAN_PEPPER_ROOT;54053;9;54052;12;54051;8;54067;12;54069;11;54071;9;54060.0;0.0
41;58900;ASH_COATED_OSMIUM;9999;15;9996;11;;;10015;11;10017;12;;;10007.0;0.0
41;58900;INTARIAN_PEPPER_ROOT;54052;11;;;;;54063;12;;;;;54058.0;0.0
41;59000;ASH_COATED_OSMIUM;10000;29;9998;25;;;10018;23;10019;12;;;10009.5;0.0
41;59000;INTARIAN_PEPPER_ROOT;54056;12;54054;23;;;54069;11;54071;9;;;54062.5;0.0
41;59100;ASH_COATED_OSMIUM;9996;14;;;;;10012;10;;;;;10004.5;0.0
41;59100;INTARIAN_PEPPER_ROOT;54051;11;;;;;54064;11;;;;;54058.0;0.0
41;59200;ASH_COATED_OSMIUM;9996;15;;;;;10012;12;;;;;10004.5;0.0
41;59200;INTARIAN_PEPPER_ROOT;54052;10;;;;;54065;12;;;;;54058.5;0.0
41;59300;ASH_COATED_OSMIUM;9989;29;9987;11;9984;14;10005;11;10008;13;10011;20;9997.0;0.0
41;59300;INTARIAN_PEPPER_ROOT;54055;9;54053;10;;;54066;19;54068;8;;;54060.5;0.0
41;59400;ASH_COATED_OSMIUM;9986;3;9983;13;;;10004;11;10005;12;;;9995.5;0.0
41;59400;INTARIAN_PEPPER_ROOT;54051;8;;;;;54063;10;;;;;54057.5;0.0
41;59500;ASH_COATED_OSMIUM;9991;12;;;;;10007;13;;;;;9999.0;0.0
41;59500;INTARIAN_PEPPER_ROOT;54055;8;54052;19;54049;25;54068;10;54069;8;54072;9;54061.5;0.0
41;59600;ASH_COATED_OSMIUM;9994;12;;;;;10012;15;;;;;10003.0;0.0
41;59600;INTARIAN_PEPPER_ROOT;54055;11;54053;12;;;54069;12;54072;8;;;54062.0;0.0
41;59700;ASH_COATED_OSMIUM;9990;14;9988;13;9985;12;10006;11;10008;15;10010;15;9998.5;0.0
41;59700;INTARIAN_PEPPER_ROOT;54054;12;54052;8;;;54068;12;54071;11;;;54061.5;0.0
41;59800;ASH_COATED_OSMIUM;9991;15;;;;;10007;23;;;;;9999.0;0.0
41;59800;INTARIAN_PEPPER_ROOT;54052;10;54050;8;54049;8;54063;9;54065;11;54067;24;54057.5;0.0
41;59900;ASH_COATED_OSMIUM;9983;12;;;;;9999;14;;;;;9991.5;0.0
41;59900;INTARIAN_PEPPER_ROOT;54052;11;;;;;54066;8;;;;;54059.5;0.0
41;60000;ASH_COATED_OSMIUM;9987;21;9986;15;;;10003;13;10004;10;;;9995.5;0.0
41;60000;INTARIAN_PEPPER_ROOT;54046;8;;;;;54062;25;;;;;54054.5;0.0
41;60100;ASH_COATED_OSMIUM;9992;14;9989;10;;;10008;10;10009;15;;;10000.5;0.0
41;60100;INTARIAN_PEPPER_ROOT;54055;12;54053;9;;;54068;10;54070;12;;;54062.0;0.0
41;60200;ASH_COATED_OSMIUM;9991;15;9989;20;9986;13;10007;15;10008;14;10011;10;9999.5;0.0
41;60200;INTARIAN_PEPPER_ROOT;54055;11;54052;9;54049;9;54068;9;54070;9;54071;25;54062.0;0.0
41;60300;ASH_COATED_OSMIUM;9990;20;9988;14;9986;15;10006;11;10008;10;10010;28;9998.5;0.0
41;60300;INTARIAN_PEPPER_ROOT;54050;9;54047;11;54044;9;54062;12;54064;10;54067;9;54056.5;0.0
41;60400;ASH_COATED_OSMIUM;9984;14;9981;15;;;10000;11;10003;11;;;9992.5;0.0
41;60400;INTARIAN_PEPPER_ROOT;54049;10;;;;;54067;10;;;;;54058.5;0.0
41;60500;ASH_COATED_OSMIUM;9981;25;9978;15;;;9997;11;10000;22;;;9989.0;0.0
41;60500;INTARIAN_PEPPER_ROOT;54053;10;54050;8;54049;8;54066;10;54069;10;54071;8;54060.0;0.0
41;60600;ASH_COATED_OSMIUM;9976;8;;;;;9992;3;;;;;9984.0;0.0
41;60600;INTARIAN_PEPPER_ROOT;54054;12;54051;11;54050;11;54066;12;54067;10;54068;22;54060.0;0.0
41;60700;ASH_COATED_OSMIUM;9980;2;9978;30;9976;15;9996;14;9998;28;10001;10;9988.5;0.0
41;60700;INTARIAN_PEPPER_ROOT;54055;10;54052;10;;;54067;9;54070;8;;;54061.5;0.0
41;60800;ASH_COATED_OSMIUM;9987;14;9985;12;;;10003;15;10006;12;;;9995.5;0.0
41;60800;INTARIAN_PEPPER_ROOT;54052;9;54049;19;54047;8;54068;11;54071;15;54074;8;54060.5;0.0
41;60900;ASH_COATED_OSMIUM;9987;15;;;;;10003;11;;;;;9995.5;0.0
41;60900;INTARIAN_PEPPER_ROOT;54058;12;54057;10;54054;16;54061;7;54063;17;54066;9;54059.5;0.0
41;61000;ASH_COATED_OSMIUM;9992;15;9990;21;9989;13;10008;12;10010;23;10012;15;10000.5;0.0
41;61000;INTARIAN_PEPPER_ROOT;54052;9;54049;10;;;54067;25;54070;12;;;54059.5;0.0
41;61100;ASH_COATED_OSMIUM;9990;13;;;;;10006;13;;;;;9998.0;0.0
41;61100;INTARIAN_PEPPER_ROOT;54056;9;54054;11;54052;8;54068;9;54069;9;54071;20;54062.0;0.0
41;61200;ASH_COATED_OSMIUM;9996;15;9993;15;;;10012;30;10015;20;;;10004.0;0.0
41;61200;INTARIAN_PEPPER_ROOT;54060;9;54059;8;;;54063;11;54064;9;;;54062.0;0.0
41;61300;ASH_COATED_OSMIUM;9996;13;9993;15;9990;11;10012;22;10014;10;10016;14;10004.0;0.0
41;61300;INTARIAN_PEPPER_ROOT;54051;11;54048;12;;;54063;10;54064;11;;;54057.5;0.0
41;61400;ASH_COATED_OSMIUM;9990;15;9988;2;9985;11;10006;11;10007;13;10010;13;9998.5;0.0
41;61400;INTARIAN_PEPPER_ROOT;54052;11;54049;8;;;54066;8;54067;8;;;54059.5;0.0
41;61500;ASH_COATED_OSMIUM;9990;14;9988;4;9985;13;10006;15;10007;24;10009;11;9998.5;0.0
41;61500;INTARIAN_PEPPER_ROOT;54054;10;54053;9;;;54069;8;54071;10;;;54061.5;0.0
41;61600;ASH_COATED_OSMIUM;9992;22;9991;24;9988;15;10008;14;10010;11;10013;12;10000.0;0.0
41;61600;INTARIAN_PEPPER_ROOT;54055;16;54052;25;54049;11;54068;12;54070;8;54073;23;54061.5;0.0
41;61700;ASH_COATED_OSMIUM;9992;10;9991;14;9989;13;10008;14;10010;15;10011;10;10000.5;0.0
41;61700;INTARIAN_PEPPER_ROOT;54056;8;54055;8;;;54069;9;54070;11;;;54063.0;0.0
41;61800;ASH_COATED_OSMIUM;9987;10;9986;24;;;10006;26;10007;15;;;9997.0;0.0
41;61800;INTARIAN_PEPPER_ROOT;54057;11;54054;12;54053;11;54073;8;54074;9;54077;12;54065.5;0.0
41;61900;ASH_COATED_OSMIUM;9989;10;9988;23;9985;12;10007;10;10008;12;10010;15;9998.5;0.0
41;61900;INTARIAN_PEPPER_ROOT;54056;9;54055;11;;;54068;12;54069;15;;;54062.5;0.0
41;62000;ASH_COATED_OSMIUM;9987;13;;;;;10006;10;;;;;9997.0;0.0
41;62000;INTARIAN_PEPPER_ROOT;54055;8;54052;11;54049;11;54068;10;54071;11;54072;10;54062.0;0.0
41;62100;ASH_COATED_OSMIUM;9991;12;;;;;10010;14;;;;;10001.0;0.0
41;62100;INTARIAN_PEPPER_ROOT;54055;9;54053;8;54051;9;54067;10;54069;11;54072;11;54061.0;0.0
41;62200;ASH_COATED_OSMIUM;10001;12;9999;14;9998;13;10008;15;10009;14;10012;12;10004.5;0.0
41;62200;INTARIAN_PEPPER_ROOT;54053;8;54052;15;54050;11;54070;9;54073;7;54076;10;54062.0;0.0
41;62300;ASH_COATED_OSMIUM;9997;10;9996;15;;;10016;14;10017;13;;;10007.0;0.0
41;62300;INTARIAN_PEPPER_ROOT;54057;19;54056;10;;;54069;12;54072;8;;;54063.0;0.0
41;62400;ASH_COATED_OSMIUM;9993;10;9992;26;9991;11;10009;12;10012;24;10013;11;10001.5;0.0
41;62400;INTARIAN_PEPPER_ROOT;54056;12;54053;9;;;54070;8;54072;10;;;54063.5;0.0
41;62500;ASH_COATED_OSMIUM;9994;14;;;;;10010;10;;;;;10002.0;0.0
41;62500;INTARIAN_PEPPER_ROOT;54054;9;;;;;54069;11;;;;;54061.5;0.0
41;62600;ASH_COATED_OSMIUM;9996;13;9995;13;9994;14;10012;5;10014;14;10016;11;10004.5;0.0
41;62600;INTARIAN_PEPPER_ROOT;54057;9;54056;10;;;54071;12;54073;8;;;54064.0;0.0
41;62700;ASH_COATED_OSMIUM;9997;14;9994;10;9991;13;10013;12;10016;24;10019;15;10005.0;0.0
41;62700;INTARIAN_PEPPER_ROOT;54053;9;54050;8;;;54067;23;54069;25;;;54060.5;0.0
41;62800;ASH_COATED_OSMIUM;9996;2;;;;;10017;13;;;;;10007.0;0.0
41;62800;INTARIAN_PEPPER_ROOT;54057;8;54054;8;54052;10;54069;12;54071;16;54073;9;54063.5;0.0
41;62900;ASH_COATED_OSMIUM;9995;10;9993;13;;;10013;15;10015;14;;;10004.5;0.0
41;62900;INTARIAN_PEPPER_ROOT;54055;10;54052;10;;;54071;8;54072;11;;;54063.0;0.0
41;63000;ASH_COATED_OSMIUM;9992;27;;;;;10008;20;;;;;10000.0;0.0
41;63000;INTARIAN_PEPPER_ROOT;54058;17;54055;10;54054;8;54070;11;54073;11;54074;10;54064.5;0.0
41;63100;ASH_COATED_OSMIUM;9985;11;;;;;10004;12;;;;;9994.5;0.0
41;63100;INTARIAN_PEPPER_ROOT;54061;11;;;;;54073;8;;;;;54067.5;0.0
41;63200;ASH_COATED_OSMIUM;9986;13;9984;14;9981;14;10002;11;10004;10;10007;12;9994.0;0.0
41;63200;INTARIAN_PEPPER_ROOT;54062;11;54059;8;;;54066;9;54068;9;;;54064.0;0.0
41;63300;ASH_COATED_OSMIUM;9991;25;;;;;10007;3;;;;;9999.5;0.0
41;63300;INTARIAN_PEPPER_ROOT;54054;8;54052;11;;;54067;12;54070;16;;;54061.0;0.0
41;63400;ASH_COATED_OSMIUM;9985;11;9982;13;9981;10;10003;11;10005;3;10006;2;9994.5;0.0
41;63400;INTARIAN_PEPPER_ROOT;54063;11;54062;8;;;54067;9;54069;10;;;54065.5;0.0
41;63500;ASH_COATED_OSMIUM;9984;12;;;;;10002;13;;;;;9993.5;0.0
41;63500;INTARIAN_PEPPER_ROOT;54060;9;54059;12;54057;18;54073;8;54075;10;54078;10;54066.5;0.0
41;63600;ASH_COATED_OSMIUM;9985;26;9982;11;;;10004;11;10007;26;;;9994.5;0.0
41;63600;INTARIAN_PEPPER_ROOT;54056;8;54054;9;;;54070;10;54073;24;;;54063.5;0.0
41;63700;ASH_COATED_OSMIUM;9987;13;9984;14;9983;12;10003;14;10004;23;10007;14;9995.5;0.0
41;63700;INTARIAN_PEPPER_ROOT;54057;8;54055;10;;;54068;9;54071;11;;;54062.5;0.0
41;63800;ASH_COATED_OSMIUM;9986;12;9983;12;;;10004;10;10005;12;;;9995.0;0.0
