day;timestamp;product;bid_price_1;bid_volume_1;bid_price_2;bid_volume_2;bid_price_3;bid_volume_3;ask_price_1;ask_volume_1;ask_price_2;ask_volume_2;ask_price_3;ask_volume_3;mid_price;profit_and_loss
49;0;ASH_COATED_OSMIUM;9992;12;9989;12;;;10008;12;10011;12;;;10000.5;0.0
49;0;INTARIAN_PEPPER_ROOT;61993;10;;;;;62007;11;;;;;62000.0;0.0
49;100;ASH_COATED_OSMIUM;9995;12;9992;14;;;10014;15;10016;10;;;10005.0;0.0
49;100;INTARIAN_PEPPER_ROOT;61989;8;61986;16;;;62006;9;62009;9;;;61998.0;0.0
49;200;ASH_COATED_OSMIUM;9997;15;;;;;10013;10;;;;;10005.0;0.0
49;200;INTARIAN_PEPPER_ROOT;61993;10;;;;;62006;17;;;;;61999.5;0.0
49;300;ASH_COATED_OSMIUM;9999;10;9996;21;;;10018;11;10020;15;;;10008.5;0.0
49;300;INTARIAN_PEPPER_ROOT;61998;8;61995;6;61994;12;62009;10;62011;9;62013;11;62003.5;0.0
49;400;ASH_COATED_OSMIUM;9998;14;;;;;10017;11;;;;;10008.0;0.0
49;400;INTARIAN_PEPPER_ROOT;61996;5;61993;10;;;62009;9;62010;8;;;62002.5;0.0
49;500;ASH_COATED_OSMIUM;9994;12;;;;;10010;10;;;;;10002.0;0.0
49;500;INTARIAN_PEPPER_ROOT;61992;10;61989;8;;;62006;8;62009;8;;;61999.5;0.0
49;600;ASH_COATED_OSMIUM;9998;11;;;;;10008;14;;;;;10003.0;0.0
49;600;INTARIAN_PEPPER_ROOT;61993;20;;;;;62006;11;;;;;62000.0;0.0
49;700;ASH_COATED_OSMIUM;9998;11;9997;12;;;10007;23;10009;14;;;10002.5;0.0
49;700;INTARIAN_PEPPER_ROOT;61996;10;61995;15;;;62008;17;62010;9;;;62002.0;0.0
49;800;ASH_COATED_OSMIUM;9988;12;9985;13;;;10006;13;10009;12;;;9997.0;0.0
49;800;INTARIAN_PEPPER_ROOT;61996;8;61994;10;;;62013;10;62014;10;;;62005.0;0.0
49;900;ASH_COATED_OSMIUM;9992;5;9991;15;9990;15;10011;4;10012;2;10015;13;10002.0;0.0
49;900;INTARIAN_PEPPER_ROOT;61992;8;;;;;62009;12;;;;;62000.5;0.0
49;1000;ASH_COATED_OSMIUM;9992;12;9990;13;9988;11;10008;12;10010;25;10012;22;10000.0;0.0
49;1000;INTARIAN_PEPPER_ROOT;61994;9;;;;;62009;9;;;;;62002.0;0.0
49;1100;ASH_COATED_OSMIUM;9993;25;9990;30;9988;12;10009;20;10012;12;10013;11;10001.0;0.0
49;1100;INTARIAN_PEPPER_ROOT;61996;11;;;;;62008;11;;;;;62002.0;0.0
49;1200;ASH_COATED_OSMIUM;9995;24;9993;29;9992;13;10014;10;10015;11;10016;15;10005.0;0.0
49;1200;INTARIAN_PEPPER_ROOT;61993;24;61992;9;;;62005;10;62007;10;;;61999.5;0.0
49;1300;ASH_COATED_OSMIUM;9995;11;;;;;10013;15;;;;;10004.5;0.0
49;1300;INTARIAN_PEPPER_ROOT;61997;6;61994;9;61993;21;62013;11;62014;10;62016;12;62005.0;0.0
49;1400;ASH_COATED_OSMIUM;9994;15;9993;14;9992;11;10010;15;10013;10;10015;13;10002.0;0.0
49;1400;INTARIAN_PEPPER_ROOT;61995;10;;;;;62008;8;;;;;62001.5;0.0
49;1500;ASH_COATED_OSMIUM;9999;13;;;;;10015;22;;;;;10007.5;0.0
49;1500;INTARIAN_PEPPER_ROOT;61996;10;61993;22;;;62008;24;62011;11;;;62002.5;0.0
49;1600;ASH_COATED_OSMIUM;9997;20;;;;;10013;2;;;;;10005.0;0.0
49;1600;INTARIAN_PEPPER_ROOT;61993;11;61991;10;;;62009;20;62010;12;;;62001.0;0.0
49;1700;ASH_COATED_OSMIUM;9991;29;9989;7;9987;12;10007;13;10008;20;10009;15;9999.5;0.0
49;1700;INTARIAN_PEPPER_ROOT;61996;12;;;;;62011;11;;;;;62003.5;0.0
49;1800;ASH_COATED_OSMIUM;9988;12;9985;14;9984;15;10004;15;10007;10;10010;12;9996.5;0.0
49;1800;INTARIAN_PEPPER_ROOT;61999;12;61998;22;61995;24;62011;11;62012;12;62015;20;62005.0;0.0
49;1900;ASH_COATED_OSMIUM;9990;12;9987;11;9984;14;10008;22;10009;13;10012;20;9999.5;0.0
49;1900;INTARIAN_PEPPER_ROOT;61995;10;;;;;62011;12;;;;;62003.0;0.0
49;2000;ASH_COATED_OSMIUM;9997;13;9994;26;;;10013;11;10016;12;;;10005.0;0.0
49;2000;INTARIAN_PEPPER_ROOT;61996;23;61995;12;;;62008;12;62011;12;;;62002.5;0.0
49;2100;ASH_COATED_OSMIUM;9991;28;9990;15;;;10009;5;10012;12;;;10000.0;0.0
49;2100;INTARIAN_PEPPER_ROOT;61995;10;61994;22;61991;8;62006;8;62007;12;62008;8;62000.5;0.0
49;2200;ASH_COATED_OSMIUM;9990;10;;;;;10006;12;;;;;9998.5;0.0
49;2200;INTARIAN_PEPPER_ROOT;61993;9;61991;18;61990;19;62006;11;62009;22;62011;11;62000.0;0.0
49;2300;ASH_COATED_OSMIUM;9994;25;9991;12;;;10010;13;10013;24;;;10002.0;0.0
49;2300;INTARIAN_PEPPER_ROOT;61997;8;61996;12;;;62014;25;62016;11;;;62005.5;0.0
49;2400;ASH_COATED_OSMIUM;9993;11;9992;12;;;10014;27;10017;13;;;10003.5;0.0
49;2400;INTARIAN_PEPPER_ROOT;61995;10;;;;;62008;8;;;;;62001.5;0.0
49;2500;ASH_COATED_OSMIUM;9996;11;9994;30;9993;11;10012;11;10013;20;10014;10;10004.0;0.0
49;2500;INTARIAN_PEPPER_ROOT;61999;12;;;;;62013;9;;;;;62006.0;0.0
49;2600;ASH_COATED_OSMIUM;9992;21;9991;11;;;10008;11;10009;24;;;10000.0;0.0
49;2600;INTARIAN_PEPPER_ROOT;61997;12;;;;;62009;10;;;;;62003.5;0.0
49;2700;ASH_COATED_OSMIUM;9994;3;;;;;10012;24;;;;;10003.0;0.0
49;2700;INTARIAN_PEPPER_ROOT;61994;12;61992;9;;;62002;12;62003;11;;;61998.5;0.0
49;2800;ASH_COATED_OSMIUM;9995;15;9992;13;;;10014;12;10016;15;;;10005.0;0.0
49;2800;INTARIAN_PEPPER_ROOT;61995;10;61993;11;;;62008;10;62010;11;;;62002.0;0.0
49;2900;ASH_COATED_OSMIUM;10002;10;10000;14;9997;12;10021;10;10022;11;10025;13;10012.0;0.0
49;2900;INTARIAN_PEPPER_ROOT;61996;12;61994;21;61992;9;62013;10;62016;9;62018;11;62005.0;0.0
49;3000;ASH_COATED_OSMIUM;9995;11;9993;12;;;10011;15;10013;11;;;10003.0;0.0
49;3000;INTARIAN_PEPPER_ROOT;61997;11;61996;12;;;62012;9;62015;11;;;62005.0;0.0
49;3100;ASH_COATED_OSMIUM;9992;23;9991;13;;;10008;12;10011;10;;;10000.5;0.0
49;3100;INTARIAN_PEPPER_ROOT;61997;12;61994;11;61992;11;62010;9;62012;8;62013;11;62003.5;0.0
49;3200;ASH_COATED_OSMIUM;9987;23;;;;;10003;14;;;;;9995.5;0.0
49;3200;INTARIAN_PEPPER_ROOT;62001;9;61999;16;61996;8;62012;20;62013;12;62016;23;62006.5;0.0
49;3300;ASH_COATED_OSMIUM;9993;10;9990;11;9989;13;10009;26;10012;11;10013;11;10001.5;0.0
49;3300;INTARIAN_PEPPER_ROOT;62001;11;61999;9;;;62013;25;62015;16;;;62007.0;0.0
49;3400;ASH_COATED_OSMIUM;9991;14;;;;;10007;10;;;;;9999.5;0.0
49;3400;INTARIAN_PEPPER_ROOT;61997;20;61996;20;;;62010;12;62013;8;;;62004.0;0.0
49;3500;ASH_COATED_OSMIUM;9989;26;9986;22;9984;29;10005;10;10007;8;10008;13;9997.0;0.0
49;3500;INTARIAN_PEPPER_ROOT;61993;9;;;;;62005;11;;;;;61999.5;0.0
49;3600;ASH_COATED_OSMIUM;9988;14;;;;;10007;14;;;;;9997.5;0.0
49;3600;INTARIAN_PEPPER_ROOT;61998;10;61997;11;;;62010;11;62011;8;;;62004.0;0.0
49;3700;ASH_COATED_OSMIUM;9992;30;9990;13;;;10008;25;10009;10;;;10000.0;0.0
49;3700;INTARIAN_PEPPER_ROOT;62000;12;61999;11;;;62012;3;62015;9;;;62006.5;0.0
49;3800;ASH_COATED_OSMIUM;9986;13;;;;;10002;11;;;;;9994.0;0.0
49;3800;INTARIAN_PEPPER_ROOT;61996;12;61993;9;;;62008;9;62009;12;;;62002.5;0.0
49;3900;ASH_COATED_OSMIUM;9990;12;9988;12;;;10006;21;10007;10;;;9998.5;0.0
49;3900;INTARIAN_PEPPER_ROOT;61999;20;61997;10;;;62011;10;62012;9;;;62005.5;0.0
49;4000;ASH_COATED_OSMIUM;9993;6;9992;11;9990;4;10009;11;10010;15;10011;27;10001.5;0.0
49;4000;INTARIAN_PEPPER_ROOT;61994;9;61991;8;61988;24;62007;18;62010;8;62011;11;62001.0;0.0
49;4100;ASH_COATED_OSMIUM;9988;14;9986;15;;;10004;10;10007;12;;;9996.5;0.0
49;4100;INTARIAN_PEPPER_ROOT;61993;9;61992;21;;;62007;10;62008;8;;;62000.5;0.0
49;4200;ASH_COATED_OSMIUM;9985;23;9982;10;;;10004;14;10006;12;;;9995.0;0.0
49;4200;INTARIAN_PEPPER_ROOT;61994;17;61992;9;61990;8;62011;24;62014;8;62015;11;62002.5;0.0
49;4300;ASH_COATED_OSMIUM;9993;11;9990;23;9987;12;10003;30;10004;10;10005;10;9998.0;0.0
49;4300;INTARIAN_PEPPER_ROOT;61996;9;61994;12;;;62009;9;62012;12;;;62003.0;0.0
49;4400;ASH_COATED_OSMIUM;9993;12;9990;4;;;10009;13;10010;12;;;10001.5;0.0
49;4400;INTARIAN_PEPPER_ROOT;61997;8;;;;;62009;10;;;;;62003.5;0.0
49;4500;ASH_COATED_OSMIUM;10000;11;;;;;10016;14;;;;;10008.5;0.0
49;4500;INTARIAN_PEPPER_ROOT;61995;9;;;;;62008;9;;;;;62002.0;0.0
49;4600;ASH_COATED_OSMIUM;10001;25;9999;13;;;10017;10;10020;10;;;10009.5;0.0
49;4600;INTARIAN_PEPPER_ROOT;61999;9;61998;10;;;62012;8;62014;11;;;62006.0;0.0
49;4700;ASH_COATED_OSMIUM;10005;10;;;;;10021;11;;;;;10013.0;0.0
49;4700;INTARIAN_PEPPER_ROOT;62002;9;61999;11;;;62014;12;62015;8;;;62008.0;0.0
49;4800;ASH_COATED_OSMIUM;10002;14;10000;14;9998;15;10020;13;10023;5;10024;11;10011.0;0.0
49;4800;INTARIAN_PEPPER_ROOT;61993;10;61992;9;;;62009;11;62011;9;;;62001.5;0.0
49;4900;ASH_COATED_OSMIUM;9998;11;9996;15;;;10014;15;10016;15;;;10006.5;0.0
49;4900;INTARIAN_PEPPER_ROOT;62000;8;;;;;62014;23;;;;;62007.0;0.0
49;5000;ASH_COATED_OSMIUM;10000;3;;;;;10019;12;;;;;10010.0;0.0
49;5000;INTARIAN_PEPPER_ROOT;61999;21;;;;;62013;8;;;;;62006.5;0.0
49;5100;ASH_COATED_OSMIUM;9998;10;9995;21;9993;15;10014;13;10017;11;10020;11;10006.0;0.0
49;5100;INTARIAN_PEPPER_ROOT;61999;10;;;;;62011;10;;;;;62005.0;0.0
49;5200;ASH_COATED_OSMIUM;10002;23;10001;26;9999;15;10012;13;10013;13;10016;10;10007.0;0.0
49;5200;INTARIAN_PEPPER_ROOT;62000;11;61999;10;61998;24;62014;12;62016;11;62018;9;62007.0;0.0
49;5300;ASH_COATED_OSMIUM;9989;14;;;;;10005;15;;;;;9997.5;0.0
49;5300;INTARIAN_PEPPER_ROOT;62003;12;62002;8;;;62007;9;62009;11;;;62005.5;0.0
49;5400;ASH_COATED_OSMIUM;9991;14;9989;12;;;10007;14;10010;13;;;9999.0;0.0
49;5400;INTARIAN_PEPPER_ROOT;62002;11;62000;8;;;62016;11;62017;12;;;62009.5;0.0
49;5500;ASH_COATED_OSMIUM;9992;12;;;;;10008;11;;;;;10000.0;0.0
49;5500;INTARIAN_PEPPER_ROOT;61999;12;61997;10;;;62011;12;62014;8;;;62005.0;0.0
49;5600;ASH_COATED_OSMIUM;9993;11;;;;;10009;12;;;;;10001.0;0.0
49;5600;INTARIAN_PEPPER_ROOT;61997;20;;;;;62013;10;;;;;62005.0;0.0
49;5700;ASH_COATED_OSMIUM;9991;13;9989;10;9988;15;10007;26;10008;15;10010;21;9999.5;0.0
49;5700;INTARIAN_PEPPER_ROOT;61994;10;;;;;62006;19;;;;;62000.5;0.0
49;5800;ASH_COATED_OSMIUM;9990;15;9989;14;9988;14;10009;12;10010;13;10012;13;10000.0;0.0
49;5800;INTARIAN_PEPPER_ROOT;61998;11;61996;10;;;62014;11;62016;11;;;62006.5;0.0
49;5900;ASH_COATED_OSMIUM;9988;26;9986;23;;;10006;27;10009;12;;;9997.5;0.0
49;5900;INTARIAN_PEPPER_ROOT;61997;8;61994;11;61993;11;62009;8;62010;7;62013;8;62003.5;0.0
49;6000;ASH_COATED_OSMIUM;9996;12;9994;12;;;10005;10;10007;12;;;10000.5;0.0
49;6000;INTARIAN_PEPPER_ROOT;62000;10;61997;10;;;62012;9;62013;12;;;62006.5;0.0
49;6100;ASH_COATED_OSMIUM;9993;15;9992;12;;;10009;12;10010;13;;;10001.0;0.0
49;6100;INTARIAN_PEPPER_ROOT;61999;8;61997;9;;;62016;8;62018;8;;;62007.5;0.0
49;6200;ASH_COATED_OSMIUM;9995;13;9992;20;;;10011;10;10012;12;;;10003.5;0.0
49;6200;INTARIAN_PEPPER_ROOT;61997;12;;;;;62012;9;;;;;62005.0;0.0
49;6300;ASH_COATED_OSMIUM;9995;10;9992;2;;;10011;11;10013;15;;;10003.5;0.0
49;6300;INTARIAN_PEPPER_ROOT;62000;12;;;;;62015;11;;;;;62007.5;0.0
49;6400;ASH_COATED_OSMIUM;9988;11;;;;;10004;13;;;;;9996.5;0.0
49;6400;INTARIAN_PEPPER_ROOT;61998;12;;;;;62012;12;;;;;62005.5;0.0
49;6500;ASH_COATED_OSMIUM;9987;13;;;;;10003;13;;;;;9995.5;0.0
49;6500;INTARIAN_PEPPER_ROOT;62000;11;61999;11;;;62011;10;62014;10;;;62005.5;0.0
49;6600;ASH_COATED_OSMIUM;9990;11;9987;10;;;10011;26;10014;14;;;10000.5;0.0
49;6600;INTARIAN_PEPPER_ROOT;62003;4;62000;11;;;62016;12;62019;11;;;62009.5;0.0
49;6700;ASH_COATED_OSMIUM;9991;12;9989;25;;;10007;15;10008;11;;;9999.5;0.0
49;6700;INTARIAN_PEPPER_ROOT;61998;19;61997;8;61994;10;62010;12;62013;8;62014;18;62004.5;0.0
49;6800;ASH_COATED_OSMIUM;9989;11;9988;14;;;10005;26;10008;15;;;9997.0;0.0
49;6800;INTARIAN_PEPPER_ROOT;62002;12;;;;;62015;8;;;;;62009.0;0.0
49;6900;ASH_COATED_OSMIUM;9987;10;9986;15;9984;13;10005;10;10007;29;10010;15;9996.0;0.0
49;6900;INTARIAN_PEPPER_ROOT;62002;10;61999;19;;;62013;11;62014;22;;;62008.0;0.0
49;7000;ASH_COATED_OSMIUM;9982;15;9981;12;;;10001;12;10003;12;;;9992.0;0.0
49;7000;INTARIAN_PEPPER_ROOT;62002;8;;;;;62013;10;;;;;62008.0;0.0
49;7100;ASH_COATED_OSMIUM;9986;14;9985;13;;;10005;14;10007;13;;;9995.5;0.0
49;7100;INTARIAN_PEPPER_ROOT;62001;9;62000;10;61998;23;62012;11;62014;9;62015;12;62007.0;0.0
49;7200;ASH_COATED_OSMIUM;9985;12;;;;;10001;11;;;;;9993.0;0.0
49;7200;INTARIAN_PEPPER_ROOT;62002;12;62000;11;61997;9;62013;11;62015;11;62018;11;62008.0;0.0
49;7300;ASH_COATED_OSMIUM;9989;10;;;;;10005;11;;;;;9997.5;0.0
49;7300;INTARIAN_PEPPER_ROOT;62000;22;61999;10;61997;9;62014;25;62017;8;62018;12;62007.0;0.0
49;7400;ASH_COATED_OSMIUM;9991;15;9989;26;9987;14;10007;15;10010;15;10013;10;9999.0;0.0
49;7400;INTARIAN_PEPPER_ROOT;62002;8;61999;16;;;62014;9;62015;17;;;62008.0;0.0
49;7500;ASH_COATED_OSMIUM;9995;14;9992;13;9991;25;10011;23;10013;21;10016;13;10003.5;0.0
49;7500;INTARIAN_PEPPER_ROOT;62000;9;61998;10;;;62012;10;62014;22;;;62006.5;0.0
49;7600;ASH_COATED_OSMIUM;9997;14;9994;11;9992;10;10013;10;10016;12;10017;13;10005.0;0.0
49;7600;INTARIAN_PEPPER_ROOT;62001;10;;;;;62013;10;;;;;62007.5;0.0
49;7700;ASH_COATED_OSMIUM;9993;12;9992;14;9991;13;10011;28;10013;12;10015;13;10002.5;0.0
49;7700;INTARIAN_PEPPER_ROOT;62000;9;61999;11;;;62013;9;62016;9;;;62007.0;0.0
49;7800;ASH_COATED_OSMIUM;9998;11;9996;25;;;10014;11;10016;13;;;10006.5;0.0
49;7800;INTARIAN_PEPPER_ROOT;62002;9;61999;12;;;62015;8;62017;12;;;62009.0;0.0
49;7900;ASH_COATED_OSMIUM;9997;11;;;;;10015;14;;;;;10006.0;0.0
49;7900;INTARIAN_PEPPER_ROOT;62006;11;62003;17;62000;12;62019;9;62022;9;62024;12;62012.5;0.0
49;8000;ASH_COATED_OSMIUM;9999;15;;;;;10010;4;;;;;10004.5;0.0
49;8000;INTARIAN_PEPPER_ROOT;62000;25;61999;8;61996;9;62013;8;62015;11;62016;8;62007.0;0.0
49;8100;ASH_COATED_OSMIUM;9992;28;9989;15;;;10008;15;10009;2;;;10000.5;0.0
49;8100;INTARIAN_PEPPER_ROOT;62003;9;62002;19;;;62014;9;62016;12;;;62008.5;0.0
49;8200;ASH_COATED_OSMIUM;9982;12;9980;13;9978;23;10001;15;10004;15;10006;14;9991.5;0.0
49;8200;INTARIAN_PEPPER_ROOT;62002;8;62001;9;;;62014;8;62016;11;;;62008.5;0.0
49;8300;ASH_COATED_OSMIUM;9979;12;9976;14;;;10000;11;10003;10;;;9989.5;0.0
49;8300;INTARIAN_PEPPER_ROOT;62002;8;61999;11;61997;8;62015;21;62017;9;62020;10;62008.5;0.0
49;8400;ASH_COATED_OSMIUM;9988;12;9987;15;9986;15;10004;12;10007;11;10010;11;9996.5;0.0
49;8400;INTARIAN_PEPPER_ROOT;62003;11;;;;;62017;12;;;;;62010.5;0.0
49;8500;ASH_COATED_OSMIUM;9989;15;9988;10;;;10005;14;10008;10;;;9997.5;0.0
49;8500;INTARIAN_PEPPER_ROOT;62005;11;;;;;62017;10;;;;;62011.0;0.0
49;8600;ASH_COATED_OSMIUM;9982;12;9980;13;;;9998;13;9999;21;;;9990.5;0.0
49;8600;INTARIAN_PEPPER_ROOT;62003;9;62001;8;61998;11;62020;11;62022;10;62025;9;62011.5;0.0
49;8700;ASH_COATED_OSMIUM;9983;29;9980;4;;;9999;14;10000;10;;;9991.5;0.0
49;8700;INTARIAN_PEPPER_ROOT;62002;25;;;;;62013;11;;;;;62007.5;0.0
49;8800;ASH_COATED_OSMIUM;9980;15;9978;14;9975;12;9996;10;9997;30;10000;11;9988.5;0.0
49;8800;INTARIAN_PEPPER_ROOT;62002;8;;;;;62016;8;;;;;62009.0;0.0
49;8900;ASH_COATED_OSMIUM;9982;29;9979;5;;;9998;12;9999;30;;;9990.5;0.0
49;8900;INTARIAN_PEPPER_ROOT;62001;23;;;;;62017;10;;;;;62009.5;0.0
49;9000;ASH_COATED_OSMIUM;9981;15;9979;12;;;9997;10;9999;26;;;9989.5;0.0
49;9000;INTARIAN_PEPPER_ROOT;62001;8;61998;10;61997;10;62015;22;62017;10;62020;11;62008.5;0.0
49;9100;ASH_COATED_OSMIUM;9982;13;9979;15;;;9998;12;9999;13;;;9990.5;0.0
49;9100;INTARIAN_PEPPER_ROOT;62003;12;62002;15;;;62015;11;62016;12;;;62009.0;0.0
49;9200;ASH_COATED_OSMIUM;9988;11;9987;28;;;10006;21;10007;15;;;9997.0;0.0
49;9200;INTARIAN_PEPPER_ROOT;62000;12;61998;9;;;62013;22;62016;12;;;62006.5;0.0
49;9300;ASH_COATED_OSMIUM;9988;24;9986;12;9985;15;10004;13;10005;12;10007;13;9996.0;0.0
49;9300;INTARIAN_PEPPER_ROOT;62005;11;62002;10;;;62007;18;62010;25;;;62006.5;0.0
49;9400;ASH_COATED_OSMIUM;9993;11;9990;10;;;10011;13;10013;15;;;10002.0;0.0
49;9400;INTARIAN_PEPPER_ROOT;62004;8;62002;9;;;62017;11;62019;12;;;62011.0;0.0
49;9500;ASH_COATED_OSMIUM;9989;12;9986;12;9985;12;10005;10;10008;12;10009;14;9997.0;0.0
49;9500;INTARIAN_PEPPER_ROOT;62005;11;62003;10;;;62017;8;62019;12;;;62011.0;0.0
49;9600;ASH_COATED_OSMIUM;9990;12;9989;15;;;10006;10;10009;11;;;9998.0;0.0
49;9600;INTARIAN_PEPPER_ROOT;62005;9;62002;12;;;62017;18;62018;10;;;62011.5;0.0
49;9700;ASH_COATED_OSMIUM;9994;10;9991;13;9990;12;10010;13;10012;21;10014;15;10002.0;0.0
49;9700;INTARIAN_PEPPER_ROOT;62001;9;61998;8;61995;8;62012;10;62014;12;62017;12;62006.5;0.0
49;9800;ASH_COATED_OSMIUM;9998;10;9997;13;;;10014;25;10017;10;;;10006.5;0.0
49;9800;INTARIAN_PEPPER_ROOT;62005;11;62003;8;;;62019;9;62020;12;;;62012.0;0.0
49;9900;ASH_COATED_OSMIUM;10000;11;;;;;10016;14;;;;;10008.0;0.0
49;9900;INTARIAN_PEPPER_ROOT;61998;12;61997;12;;;62014;24;62015;9;;;62006.5;0.0
49;10000;ASH_COATED_OSMIUM;9994;12;9991;10;;;10010;24;10012;12;;;10002.0;0.0
49;10000;INTARIAN_PEPPER_ROOT;62001;11;61998;12;61996;25;62013;12;62015;8;62016;22;62007.0;0.0
49;10100;ASH_COATED_OSMIUM;9997;12;;;;;10007;15;;;;;10002.0;0.0
49;10100;INTARIAN_PEPPER_ROOT;62004;11;62001;8;62000;21;62015;10;62017;10;62020;8;62010.0;0.0
49;10200;ASH_COATED_OSMIUM;9993;10;9992;29;9991;13;9999;15;10002;12;10003;13;9996.5;0.0
49;10200;INTARIAN_PEPPER_ROOT;62003;23;62002;16;62001;12;62016;11;62019;9;62021;15;62010.0;0.0
49;10300;ASH_COATED_OSMIUM;9985;22;9983;11;9982;10;10006;4;10009;11;10012;12;9995.5;0.0
49;10300;INTARIAN_PEPPER_ROOT;62004;9;;;;;62018;9;;;;;62011.0;0.0
49;10400;ASH_COATED_OSMIUM;9993;14;9991;10;;;10009;14;10012;10;;;10001.5;0.0
49;10400;INTARIAN_PEPPER_ROOT;62004;11;62002;10;62000;10;62020;10;62022;8;62023;10;62012.5;0.0
49;10500;ASH_COATED_OSMIUM;9996;14;;;;;10012;15;;;;;10004.0;0.0
49;10500;INTARIAN_PEPPER_ROOT;62005;9;62002;21;;;62019;12;62022;8;;;62012.0;0.0
49;10600;ASH_COATED_OSMIUM;9998;14;9995;14;9992;22;10017;12;10019;11;10021;15;10007.5;0.0
49;10600;INTARIAN_PEPPER_ROOT;61999;8;61998;8;;;62013;9;62016;23;;;62006.5;0.0
49;10700;ASH_COATED_OSMIUM;10002;14;10000;27;;;10021;14;10024;13;;;10011.5;0.0
49;10700;INTARIAN_PEPPER_ROOT;62004;12;;;;;62017;8;;;;;62010.5;0.0
49;10800;ASH_COATED_OSMIUM;10001;14;9998;13;;;10017;20;10020;12;;;10009.5;0.0
49;10800;INTARIAN_PEPPER_ROOT;62005;11;62003;19;62000;8;62017;8;62018;16;62020;12;62011.5;0.0
49;10900;ASH_COATED_OSMIUM;9992;14;9991;15;9988;21;10008;12;10009;14;10011;10;10000.0;0.0
49;10900;INTARIAN_PEPPER_ROOT;62003;8;62002;8;;;62014;9;62015;11;;;62009.0;0.0
49;11000;ASH_COATED_OSMIUM;9990;24;9988;11;;;10009;11;10011;10;;;9999.5;0.0
49;11000;INTARIAN_PEPPER_ROOT;62004;10;62003;16;62001;12;62021;10;62024;10;62026;12;62012.5;0.0
49;11100;ASH_COATED_OSMIUM;9983;15;9980;12;9978;10;10002;12;10003;15;10005;11;9992.5;0.0
49;11100;INTARIAN_PEPPER_ROOT;62003;11;;;;;62015;9;;;;;62009.0;0.0
49;11200;ASH_COATED_OSMIUM;9988;10;9986;10;;;10004;14;10005;10;;;9996.0;0.0
49;11200;INTARIAN_PEPPER_ROOT;62004;16;;;;;62015;15;;;;;62009.5;0.0
49;11300;ASH_COATED_OSMIUM;9981;15;9978;13;9975;10;10000;14;10002;25;10004;30;9990.5;0.0
49;11300;INTARIAN_PEPPER_ROOT;62006;12;62005;9;;;62017;11;62020;8;;;62012.0;0.0
49;11400;ASH_COATED_OSMIUM;9981;15;9978;6;9977;14;9997;15;9999;14;10001;13;9989.5;0.0
49;11400;INTARIAN_PEPPER_ROOT;62001;10;;;;;62015;8;;;;;62008.0;0.0
49;11500;ASH_COATED_OSMIUM;9986;12;;;;;10004;14;;;;;9995.0;0.0
49;11500;INTARIAN_PEPPER_ROOT;62003;7;62000;8;61997;12;62017;11;62019;9;62022;9;62010.5;0.0
49;11600;ASH_COATED_OSMIUM;9985;15;9982;22;;;10001;14;10002;11;;;9993.5;0.0
49;11600;INTARIAN_PEPPER_ROOT;62003;8;62000;10;61999;9;62016;12;62018;9;62021;9;62010.0;0.0
49;11700;ASH_COATED_OSMIUM;9987;13;9986;10;;;10000;11;10002;14;;;9994.0;0.0
49;11700;INTARIAN_PEPPER_ROOT;62005;12;62002;12;62001;12;62021;17;62024;11;62027;10;62013.0;0.0
49;11800;ASH_COATED_OSMIUM;9989;10;;;;;10005;12;;;;;9997.0;0.0
49;11800;INTARIAN_PEPPER_ROOT;62009;10;;;;;62023;11;;;;;62016.0;0.0
49;11900;ASH_COATED_OSMIUM;9994;14;;;;;10007;13;;;;;10000.5;0.0
49;11900;INTARIAN_PEPPER_ROOT;62008;23;62007;20;;;62020;12;62022;9;;;62014.0;0.0
49;12000;ASH_COATED_OSMIUM;9999;11;;;;;10015;10;;;;;10007.5;0.0
49;12000;INTARIAN_PEPPER_ROOT;62004;12;;;;;62018;19;;;;;62011.0;0.0
49;12100;ASH_COATED_OSMIUM;10007;10;10006;15;;;10013;21;10014;30;;;10010.0;0.0
49;12100;INTARIAN_PEPPER_ROOT;62005;9;62004;11;;;62020;23;62021;5;;;62012.5;0.0
49;12200;ASH_COATED_OSMIUM;9999;10;9996;10;;;10015;13;10016;13;;;10007.0;0.0
49;12200;INTARIAN_PEPPER_ROOT;62010;12;;;;;62022;8;;;;;62016.0;0.0
49;12300;ASH_COATED_OSMIUM;10002;13;10000;13;;;10018;13;10019;14;;;10010.0;0.0
49;12300;INTARIAN_PEPPER_ROOT;62007;8;;;;;62019;10;;;;;62013.0;0.0
49;12400;ASH_COATED_OSMIUM;10000;29;9999;15;9996;15;10019;15;10022;10;10025;11;10009.5;0.0
49;12400;INTARIAN_PEPPER_ROOT;62006;12;;;;;62023;10;;;;;62014.5;0.0
49;12500;ASH_COATED_OSMIUM;9998;11;9996;30;9995;14;10014;12;10016;29;10019;13;10006.0;0.0
49;12500;INTARIAN_PEPPER_ROOT;62005;8;62002;11;62001;10;62020;10;62022;9;62024;8;62013.0;0.0
49;12600;ASH_COATED_OSMIUM;9994;15;9992;28;;;10010;15;10012;10;;;10002.0;0.0
49;12600;INTARIAN_PEPPER_ROOT;62007;19;;;;;62020;10;;;;;62013.5;0.0
49;12700;ASH_COATED_OSMIUM;9994;30;;;;;10010;12;;;;;10002.0;0.0
49;12700;INTARIAN_PEPPER_ROOT;62004;17;62001;8;62000;10;62018;20;62021;15;62023;10;62011.5;0.0
49;12800;ASH_COATED_OSMIUM;9995;14;;;;;10013;12;;;;;10004.5;0.0
49;12800;INTARIAN_PEPPER_ROOT;62008;21;62006;8;62003;15;62022;10;62023;8;62026;19;62015.5;0.0
49;12900;ASH_COATED_OSMIUM;10000;11;9999;12;9998;11;10006;15;10009;12;10012;11;10003.5;0.0
49;12900;INTARIAN_PEPPER_ROOT;62007;10;62006;10;62004;8;62021;11;62024;12;62025;23;62014.0;0.0
49;13000;ASH_COATED_OSMIUM;9996;15;;;;;10012;12;;;;;10004.0;0.0
49;13000;INTARIAN_PEPPER_ROOT;62008;11;;;;;62021;11;;;;;62014.5;0.0
49;13100;ASH_COATED_OSMIUM;9986;12;9985;15;9983;12;10002;22;10005;11;10006;11;9994.0;0.0
49;13100;INTARIAN_PEPPER_ROOT;62007;11;62006;9;62005;10;62020;21;62022;12;62024;11;62013.5;0.0
49;13200;ASH_COATED_OSMIUM;9990;14;9988;11;9985;29;10006;14;10008;15;10011;15;9998.5;0.0
49;13200;INTARIAN_PEPPER_ROOT;62008;22;62006;11;;;62022;12;62023;19;;;62015.5;0.0
49;13300;ASH_COATED_OSMIUM;9990;20;9988;13;;;10009;30;10012;11;;;9999.5;0.0
49;13300;INTARIAN_PEPPER_ROOT;62008;9;;;;;62020;9;;;;;62014.0;0.0
49;13400;ASH_COATED_OSMIUM;9987;15;9985;5;;;10006;14;10007;25;;;9996.5;0.0
49;13400;INTARIAN_PEPPER_ROOT;62009;10;62007;9;62005;11;62021;12;62024;11;62025;12;62015.0;0.0
49;13500;ASH_COATED_OSMIUM;9987;10;9984;14;;;10006;11;10009;13;;;9997.0;0.0
49;13500;INTARIAN_PEPPER_ROOT;62006;10;;;;;62019;9;;;;;62013.0;0.0
49;13600;ASH_COATED_OSMIUM;9983;13;9980;14;;;9999;12;10001;14;;;9991.0;0.0
49;13600;INTARIAN_PEPPER_ROOT;62004;9;62001;12;;;62018;11;62019;9;;;62011.0;0.0
49;13700;ASH_COATED_OSMIUM;9991;13;9989;20;;;10007;15;10008;21;;;9999.5;0.0
49;13700;INTARIAN_PEPPER_ROOT;62006;11;62005;8;62002;11;62020;9;62021;12;62023;8;62013.5;0.0
49;13800;ASH_COATED_OSMIUM;9994;12;9991;10;9990;15;10010;13;10012;14;10014;11;10002.0;0.0
49;13800;INTARIAN_PEPPER_ROOT;62010;10;62009;9;62006;8;62026;8;62028;10;62030;8;62018.0;0.0
49;13900;ASH_COATED_OSMIUM;9997;11;9995;15;9992;14;10002;13;10005;14;10006;11;9999.5;0.0
49;13900;INTARIAN_PEPPER_ROOT;62006;24;;;;;62018;9;;;;;62012.5;0.0
49;14000;ASH_COATED_OSMIUM;9992;15;;;;;10008;10;;;;;10000.5;0.0
49;14000;INTARIAN_PEPPER_ROOT;62005;11;62002;19;;;62019;11;62022;8;;;62012.5;0.0
49;14100;ASH_COATED_OSMIUM;9994;13;9992;14;9990;12;10010;12;10011;13;10013;10;10002.5;0.0
49;14100;INTARIAN_PEPPER_ROOT;62007;8;62005;10;62002;9;62021;12;62024;11;62026;8;62014.0;0.0
49;14200;ASH_COATED_OSMIUM;9993;10;;;;;10011;13;;;;;10002.0;0.0
49;14200;INTARIAN_PEPPER_ROOT;62010;9;62008;12;;;62021;11;62024;11;;;62016.0;0.0
49;14300;ASH_COATED_OSMIUM;9993;14;9991;15;9989;14;10009;13;10010;21;10011;20;10001.5;0.0
49;14300;INTARIAN_PEPPER_ROOT;62010;10;62008;12;;;62024;8;62027;9;;;62017.0;0.0
49;14400;ASH_COATED_OSMIUM;9986;15;9983;10;;;10005;12;10006;3;;;9996.0;0.0
49;14400;INTARIAN_PEPPER_ROOT;62010;10;62009;11;;;62022;10;62023;9;;;62016.5;0.0
49;14500;ASH_COATED_OSMIUM;9987;12;;;;;10003;10;;;;;9995.0;0.0
49;14500;INTARIAN_PEPPER_ROOT;62005;10;62002;10;;;62022;8;62023;20;;;62013.5;0.0
49;14600;ASH_COATED_OSMIUM;9986;25;9985;11;9982;30;10002;15;10004;14;10006;29;9994.5;0.0
49;14600;INTARIAN_PEPPER_ROOT;62015;9;62013;9;62010;11;62017;11;62019;12;62020;11;62016.0;0.0
49;14700;ASH_COATED_OSMIUM;9991;20;9990;26;;;10007;23;10010;14;;;9999.0;0.0
49;14700;INTARIAN_PEPPER_ROOT;62009;10;62008;11;62006;11;62023;9;62025;11;62026;8;62016.0;0.0
49;14800;ASH_COATED_OSMIUM;9989;30;9987;13;9985;28;10005;11;10006;14;10007;11;9997.5;0.0
49;14800;INTARIAN_PEPPER_ROOT;62007;12;62006;9;;;62020;10;62022;12;;;62013.5;0.0
49;14900;ASH_COATED_OSMIUM;9992;10;9990;15;;;10008;10;10010;11;;;10000.0;0.0
49;14900;INTARIAN_PEPPER_ROOT;62005;11;62004;11;62001;25;62024;8;62026;8;62029;8;62014.5;0.0
49;15000;ASH_COATED_OSMIUM;9994;13;;;;;10010;4;;;;;10002.0;0.0
49;15000;INTARIAN_PEPPER_ROOT;62009;8;;;;;62025;9;;;;;62017.0;0.0
49;15100;ASH_COATED_OSMIUM;9994;15;;;;;10010;10;;;;;10002.5;0.0
49;15100;INTARIAN_PEPPER_ROOT;62008;12;62006;25;;;62023;10;62024;8;;;62016.0;0.0
49;15200;ASH_COATED_OSMIUM;9992;10;9991;20;;;10008;15;10011;11;;;10000.0;0.0
49;15200;INTARIAN_PEPPER_ROOT;62015;11;;;;;62018;9;;;;;62016.5;0.0
49;15300;ASH_COATED_OSMIUM;9987;10;9984;12;;;10003;28;10006;10;;;9995.0;0.0
49;15300;INTARIAN_PEPPER_ROOT;62007;12;62006;12;;;62020;12;62021;10;;;62013.5;0.0
49;15400;ASH_COATED_OSMIUM;9984;21;9981;10;;;10000;11;10003;10;;;9992.5;0.0
49;15400;INTARIAN_PEPPER_ROOT;62009;16;62006;10;;;62022;22;62025;25;;;62015.5;0.0
49;15500;ASH_COATED_OSMIUM;9987;12;9986;15;;;10005;12;10007;14;;;9996.5;0.0
49;15500;INTARIAN_PEPPER_ROOT;62008;8;62005;11;;;62019;10;62022;8;;;62014.0;0.0
49;15600;ASH_COATED_OSMIUM;9993;10;9990;10;;;10009;10;10012;13;;;10001.5;0.0
49;15600;INTARIAN_PEPPER_ROOT;62006;8;62003;19;62000;10;62020;8;62023;11;62026;9;62013.5;0.0
49;15700;ASH_COATED_OSMIUM;9994;12;9991;15;;;10010;14;10011;10;;;10002.0;0.0
49;15700;INTARIAN_PEPPER_ROOT;62009;25;;;;;62022;9;;;;;62015.5;0.0
49;15800;ASH_COATED_OSMIUM;9992;27;;;;;10005;11;;;;;9999.0;0.0
49;15800;INTARIAN_PEPPER_ROOT;62016;9;62013;9;;;62018;10;62020;9;;;62017.0;0.0
49;15900;ASH_COATED_OSMIUM;9991;20;9990;14;9988;12;10007;10;10010;10;10013;12;9999.5;0.0
49;15900;INTARIAN_PEPPER_ROOT;62010;20;62009;9;62006;12;62022;11;62024;11;62027;10;62016.5;0.0
49;16000;ASH_COATED_OSMIUM;9994;21;9991;10;9990;13;10010;10;10013;12;10014;14;10002.5;0.0
49;16000;INTARIAN_PEPPER_ROOT;62008;9;62006;9;;;62025;8;62027;9;;;62017.0;0.0
49;16100;ASH_COATED_OSMIUM;9993;14;9991;11;9989;4;10011;11;10012;12;10013;14;10002.5;0.0
49;16100;INTARIAN_PEPPER_ROOT;62008;8;;;;;62025;9;;;;;62016.5;0.0
49;16200;ASH_COATED_OSMIUM;9994;11;;;;;10013;2;;;;;10003.5;0.0
49;16200;INTARIAN_PEPPER_ROOT;62013;11;;;;;62024;12;;;;;62018.5;0.0
49;16300;ASH_COATED_OSMIUM;9993;15;9992;13;;;10011;12;10014;29;;;10002.5;0.0
49;16300;INTARIAN_PEPPER_ROOT;62011;12;62008;10;;;62024;10;62026;12;;;62018.0;0.0
49;16400;ASH_COATED_OSMIUM;9997;13;9996;12;;;10013;13;10015;20;;;10005.5;0.0
49;16400;INTARIAN_PEPPER_ROOT;62008;11;62006;12;62005;9;62023;15;62026;11;62028;11;62016.0;0.0
49;16500;ASH_COATED_OSMIUM;9993;13;9992;28;;;10009;13;10010;22;;;10001.5;0.0
49;16500;INTARIAN_PEPPER_ROOT;62009;12;62008;10;62005;20;62021;11;62023;25;62026;11;62015.5;0.0
49;16600;ASH_COATED_OSMIUM;10004;15;10002;15;;;10011;13;10013;13;;;10007.5;0.0
49;16600;INTARIAN_PEPPER_ROOT;62009;9;62007;12;;;62021;8;62022;8;;;62015.0;0.0
49;16700;ASH_COATED_OSMIUM;9996;5;;;;;10012;15;;;;;10004.0;0.0
49;16700;INTARIAN_PEPPER_ROOT;62007;12;62004;8;;;62020;8;62023;10;;;62014.0;0.0
49;16800;ASH_COATED_OSMIUM;9998;11;9997;11;;;10003;24;10005;20;;;10001.0;0.0
49;16800;INTARIAN_PEPPER_ROOT;62013;22;62011;11;;;62030;12;62031;11;;;62022.0;0.0
49;16900;ASH_COATED_OSMIUM;9995;14;9992;14;;;10014;5;10015;2;;;10004.5;0.0
49;16900;INTARIAN_PEPPER_ROOT;62012;12;62011;18;;;62026;12;62028;11;;;62019.0;0.0
49;17000;ASH_COATED_OSMIUM;9995;14;9993;13;;;10013;14;10014;15;;;10004.0;0.0
49;17000;INTARIAN_PEPPER_ROOT;62008;9;;;;;62020;10;;;;;62014.5;0.0
49;17100;ASH_COATED_OSMIUM;9998;13;9996;11;;;10014;24;10017;12;;;10006.5;0.0
49;17100;INTARIAN_PEPPER_ROOT;62010;6;;;;;62021;11;;;;;62015.5;0.0
49;17200;ASH_COATED_OSMIUM;9995;28;;;;;10006;12;;;;;10001.0;0.0
49;17200;INTARIAN_PEPPER_ROOT;62011;11;;;;;62024;10;;;;;62017.5;0.0
49;17300;ASH_COATED_OSMIUM;9994;12;9991;12;;;10000;14;10003;14;;;9997.5;0.0
49;17300;INTARIAN_PEPPER_ROOT;62010;10;62007;12;62006;11;62025;17;62026;11;62027;12;62017.5;0.0
49;17400;ASH_COATED_OSMIUM;9987;10;9985;13;9984;14;10003;15;10004;11;10006;12;9995.5;0.0
49;17400;INTARIAN_PEPPER_ROOT;62012;23;62010;11;;;62023;20;62026;10;;;62017.5;0.0
49;17500;ASH_COATED_OSMIUM;9988;22;9986;13;9985;10;10004;13;10006;20;10007;15;9996.5;0.0
49;17500;INTARIAN_PEPPER_ROOT;62007;11;62006;8;62005;11;62021;9;62024;8;62026;10;62014.5;0.0
49;17600;ASH_COATED_OSMIUM;9992;14;;;;;10011;13;;;;;10001.5;0.0
49;17600;INTARIAN_PEPPER_ROOT;62012;12;62009;11;;;62024;8;62025;10;;;62018.0;0.0
49;17700;ASH_COATED_OSMIUM;9996;10;9993;14;;;10002;10;10005;10;;;9999.5;0.0
49;17700;INTARIAN_PEPPER_ROOT;62007;10;;;;;62021;6;;;;;62014.5;0.0
49;17800;ASH_COATED_OSMIUM;9995;13;9994;10;;;10005;13;10008;10;;;10000.5;0.0
49;17800;INTARIAN_PEPPER_ROOT;62010;4;62007;8;;;62022;9;62024;10;;;62016.5;0.0
49;17900;ASH_COATED_OSMIUM;9993;13;;;;;10011;4;;;;;10002.0;0.0
49;17900;INTARIAN_PEPPER_ROOT;62012;15;;;;;62025;12;;;;;62018.5;0.0
49;18000;ASH_COATED_OSMIUM;9993;11;9991;3;;;10011;15;10014;15;;;10002.5;0.0
49;18000;INTARIAN_PEPPER_ROOT;62011;10;62008;12;62006;9;62023;10;62026;11;62027;11;62017.0;0.0
49;18100;ASH_COATED_OSMIUM;9993;12;9991;10;;;10009;26;10010;11;;;10001.5;0.0
49;18100;INTARIAN_PEPPER_ROOT;62014;16;;;;;62026;21;;;;;62020.5;0.0
49;18200;ASH_COATED_OSMIUM;9994;10;9991;14;;;10013;12;10015;12;;;10003.5;0.0
49;18200;INTARIAN_PEPPER_ROOT;62019;9;62016;11;62014;11;62021;9;62022;10;62025;11;62020.0;0.0
49;18300;ASH_COATED_OSMIUM;9991;12;9990;10;9989;14;10007;14;10009;12;10011;11;9999.0;0.0
49;18300;INTARIAN_PEPPER_ROOT;62011;12;62009;10;62006;12;62023;24;62025;11;62026;11;62017.5;0.0
49;18400;ASH_COATED_OSMIUM;9989;15;9988;23;9985;13;10005;10;10006;12;10008;11;9997.5;0.0
49;18400;INTARIAN_PEPPER_ROOT;62014;12;62011;12;;;62026;8;62028;23;;;62020.0;0.0
49;18500;ASH_COATED_OSMIUM;9981;13;9980;23;;;10002;14;10003;12;;;9992.0;0.0
49;18500;INTARIAN_PEPPER_ROOT;62012;12;62010;8;;;62024;10;62027;11;;;62018.5;0.0
49;18600;ASH_COATED_OSMIUM;9989;15;9988;15;;;10005;20;10007;14;;;9997.0;0.0
49;18600;INTARIAN_PEPPER_ROOT;62007;11;62006;17;;;62021;11;62022;16;;;62014.5;0.0
49;18700;ASH_COATED_OSMIUM;9985;10;;;;;10001;13;;;;;9993.5;0.0
49;18700;INTARIAN_PEPPER_ROOT;62015;12;;;;;62031;19;;;;;62023.0;0.0
49;18800;ASH_COATED_OSMIUM;9983;30;9981;11;9980;12;9999;14;10002;14;10004;10;9991.5;0.0
49;18800;INTARIAN_PEPPER_ROOT;62014;18;62013;11;62010;9;62027;9;62030;11;62033;12;62021.0;0.0
49;18900;ASH_COATED_OSMIUM;9984;10;9982;10;;;10003;27;10005;28;;;9994.0;0.0
49;18900;INTARIAN_PEPPER_ROOT;62013;11;62010;9;62008;10;62024;18;62025;12;62026;23;62019.0;0.0
49;19000;ASH_COATED_OSMIUM;9978;11;;;;;9999;15;;;;;9988.5;0.0
49;19000;INTARIAN_PEPPER_ROOT;62010;10;62008;25;62007;11;62024;11;62025;9;62027;25;62017.0;0.0
49;19100;ASH_COATED_OSMIUM;9985;14;;;;;10003;14;;;;;9994.5;0.0
49;19100;INTARIAN_PEPPER_ROOT;62010;21;62007;11;62006;12;62023;8;62025;12;62027;10;62016.5;0.0
49;19200;ASH_COATED_OSMIUM;9988;12;9987;12;;;10006;11;10007;12;;;9997.0;0.0
49;19200;INTARIAN_PEPPER_ROOT;62012;9;;;;;62026;21;;;;;62019.0;0.0
49;19300;ASH_COATED_OSMIUM;9992;24;;;;;10008;13;;;;;10000.5;0.0
49;19300;INTARIAN_PEPPER_ROOT;62012;10;62009;8;;;62024;15;62026;9;;;62018.0;0.0
49;19400;ASH_COATED_OSMIUM;9990;11;9987;13;9986;10;10006;12;10008;24;10010;10;9998.5;0.0
49;19400;INTARIAN_PEPPER_ROOT;62013;15;62011;8;62010;15;62026;10;62027;12;62029;10;62020.0;0.0
49;19500;ASH_COATED_OSMIUM;9987;15;9986;22;;;10003;11;10004;14;;;9995.0;0.0
49;19500;INTARIAN_PEPPER_ROOT;62016;10;62015;9;62012;9;62028;10;62031;9;62033;10;62022.5;0.0
49;19600;ASH_COATED_OSMIUM;9990;24;9987;11;;;10008;13;10011;13;;;9999.5;0.0
49;19600;INTARIAN_PEPPER_ROOT;62008;9;;;;;62024;12;;;;;62016.5;0.0
49;19700;ASH_COATED_OSMIUM;9993;13;;;;;10009;14;;;;;10001.5;0.0
49;19700;INTARIAN_PEPPER_ROOT;62012;11;62009;12;;;62027;11;62028;17;;;62019.5;0.0
49;19800;ASH_COATED_OSMIUM;9991;12;;;;;10010;12;;;;;10001.0;0.0
49;19800;INTARIAN_PEPPER_ROOT;62015;22;62013;17;62011;11;62028;8;62030;9;62032;9;62022.0;0.0
49;19900;ASH_COATED_OSMIUM;9998;10;9997;14;;;10014;12;10017;10;;;10006.5;0.0
49;19900;INTARIAN_PEPPER_ROOT;62012;8;62010;12;;;62026;12;62028;12;;;62019.5;0.0
49;20000;ASH_COATED_OSMIUM;9999;20;;;;;10015;15;;;;;10007.0;0.0
49;20000;INTARIAN_PEPPER_ROOT;62015;22;62012;16;62010;8;62029;25;62030;12;62031;10;62022.5;0.0
49;20100;ASH_COATED_OSMIUM;9997;12;9995;11;;;10015;12;10017;12;;;10006.5;0.0
49;20100;INTARIAN_PEPPER_ROOT;62014;11;62011;15;;;62031;10;62032;21;;;62023.0;0.0
49;20200;ASH_COATED_OSMIUM;9994;12;;;;;10010;15;;;;;10002.0;0.0
49;20200;INTARIAN_PEPPER_ROOT;62013;9;62010;22;62007;12;62026;8;62029;10;62032;9;62020.0;0.0
49;20300;ASH_COATED_OSMIUM;9993;10;9990;29;;;10009;12;10010;15;;;10001.0;0.0
49;20300;INTARIAN_PEPPER_ROOT;62015;15;62013;8;;;62029;8;62032;10;;;62022.5;0.0
49;20400;ASH_COATED_OSMIUM;9994;13;9992;14;9991;3;10004;11;10006;30;10007;10;9999.0;0.0
49;20400;INTARIAN_PEPPER_ROOT;62016;11;62014;12;62013;10;62029;9;62031;9;62034;10;62023.0;0.0
49;20500;ASH_COATED_OSMIUM;9996;14;9993;10;;;10012;29;10014;11;;;10004.5;0.0
49;20500;INTARIAN_PEPPER_ROOT;62016;8;62015;8;62013;24;62020;25;62022;11;62025;10;62018.5;0.0
49;20600;ASH_COATED_OSMIUM;9996;13;9994;12;;;10014;10;10016;12;;;10005.0;0.0
49;20600;INTARIAN_PEPPER_ROOT;62016;10;62014;9;;;62028;12;62031;10;;;62022.0;0.0
49;20700;ASH_COATED_OSMIUM;10001;10;;;;;10017;12;;;;;10009.0;0.0
49;20700;INTARIAN_PEPPER_ROOT;62014;12;62012;12;62009;10;62027;20;62029;12;62032;12;62020.5;0.0
49;20800;ASH_COATED_OSMIUM;10007;3;;;;;10023;13;;;;;10015.0;0.0
49;20800;INTARIAN_PEPPER_ROOT;62016;10;62013;11;;;62030;23;62031;12;;;62023.5;0.0
49;20900;ASH_COATED_OSMIUM;10003;11;10000;27;;;10024;12;10026;14;;;10013.5;0.0
49;20900;INTARIAN_PEPPER_ROOT;62014;9;62012;12;62010;21;62026;10;62028;10;62030;8;62020.0;0.0
49;21000;ASH_COATED_OSMIUM;10006;10;10005;4;;;10014;10;10016;11;;;10010.0;0.0
49;21000;INTARIAN_PEPPER_ROOT;62015;17;;;;;62032;25;;;;;62024.0;0.0
49;21100;ASH_COATED_OSMIUM;9999;13;;;;;10015;11;;;;;10007.5;0.0
49;21100;INTARIAN_PEPPER_ROOT;62014;10;62012;25;;;62026;16;62027;9;;;62020.5;0.0
49;21200;ASH_COATED_OSMIUM;9997;22;9994;12;9993;15;10015;14;10018;13;10021;10;10006.0;0.0
49;21200;INTARIAN_PEPPER_ROOT;62014;10;;;;;62031;9;;;;;62023.0;0.0
49;21300;ASH_COATED_OSMIUM;9993;13;9990;12;;;10011;20;10013;12;;;10002.0;0.0
49;21300;INTARIAN_PEPPER_ROOT;62013;16;62011;18;;;62025;10;62028;10;;;62019.5;0.0
49;21400;ASH_COATED_OSMIUM;9992;2;9991;14;;;10010;23;10012;13;;;10001.0;0.0
49;21400;INTARIAN_PEPPER_ROOT;62017;8;62014;12;62011;23;62030;9;62033;8;62036;24;62023.5;0.0
49;21500;ASH_COATED_OSMIUM;9993;14;;;;;10012;15;;;;;10002.5;0.0
49;21500;INTARIAN_PEPPER_ROOT;62014;8;62011;16;;;62028;10;62031;21;;;62021.5;0.0
49;21600;ASH_COATED_OSMIUM;9993;13;9990;10;9989;11;10006;11;10009;11;10010;12;10000.0;0.0
49;21600;INTARIAN_PEPPER_ROOT;62010;11;62009;12;62007;4;62024;10;62026;20;62029;21;62017.5;0.0
49;21700;ASH_COATED_OSMIUM;9993;27;;;;;10009;14;;;;;10001.0;0.0
49;21700;INTARIAN_PEPPER_ROOT;62012;12;62009;10;62006;11;62026;12;62027;9;62028;11;62019.0;0.0
49;21800;ASH_COATED_OSMIUM;9996;28;;;;;10012;15;;;;;10004.5;0.0
49;21800;INTARIAN_PEPPER_ROOT;62016;12;62013;11;;;62028;10;62030;15;;;62022.0;0.0
49;21900;ASH_COATED_OSMIUM;9996;25;9993;14;;;10012;12;10015;14;;;10004.5;0.0
49;21900;INTARIAN_PEPPER_ROOT;62017;12;62015;11;;;62030;8;62033;24;;;62023.5;0.0
49;22000;ASH_COATED_OSMIUM;9992;10;;;;;10008;11;;;;;10000.5;0.0
49;22000;INTARIAN_PEPPER_ROOT;62019;12;;;;;62033;10;;;;;62026.5;0.0
49;22100;ASH_COATED_OSMIUM;9995;3;9994;15;9992;13;10014;13;10015;4;10018;13;10005.0;0.0
49;22100;INTARIAN_PEPPER_ROOT;62013;12;62010;9;;;62027;9;62030;8;;;62020.5;0.0
49;22200;ASH_COATED_OSMIUM;9994;11;9993;12;9991;14;10013;11;10015;13;10017;15;10003.5;0.0
49;22200;INTARIAN_PEPPER_ROOT;62017;12;62014;8;;;62032;11;62034;12;;;62025.0;0.0
49;22300;ASH_COATED_OSMIUM;9996;13;9994;10;9993;15;10012;10;10014;14;10017;12;10004.0;0.0
49;22300;INTARIAN_PEPPER_ROOT;62012;9;;;;;62029;9;;;;;62021.0;0.0
49;22400;ASH_COATED_OSMIUM;9995;13;;;;;10016;23;;;;;10005.5;0.0
49;22400;INTARIAN_PEPPER_ROOT;62015;24;;;;;62027;20;;;;;62021.0;0.0
49;22500;ASH_COATED_OSMIUM;9996;10;9995;13;;;10014;11;10016;14;;;10005.5;0.0
49;22500;INTARIAN_PEPPER_ROOT;62020;9;62017;9;;;62031;11;62034;11;;;62026.0;0.0
49;22600;ASH_COATED_OSMIUM;9998;12;9997;13;;;10014;11;10016;13;;;10006.0;0.0
49;22600;INTARIAN_PEPPER_ROOT;62019;12;62016;6;;;62031;12;62034;12;;;62025.5;0.0
49;22700;ASH_COATED_OSMIUM;9999;10;;;;;10015;10;;;;;10007.5;0.0
49;22700;INTARIAN_PEPPER_ROOT;62014;20;62011;11;;;62029;11;62030;12;;;62021.5;0.0
49;22800;ASH_COATED_OSMIUM;10003;11;;;;;10019;13;;;;;10011.0;0.0
49;22800;INTARIAN_PEPPER_ROOT;62016;10;62013;12;;;62031;9;62032;10;;;62024.0;0.0
49;22900;ASH_COATED_OSMIUM;9996;12;9994;20;9993;15;10012;15;10014;10;10016;14;10004.0;0.0
49;22900;INTARIAN_PEPPER_ROOT;62017;9;;;;;62028;8;;;;;62022.5;0.0
49;23000;ASH_COATED_OSMIUM;9993;15;9991;12;9990;26;10009;12;10011;5;10014;15;10001.0;0.0
49;23000;INTARIAN_PEPPER_ROOT;62019;12;62016;11;62015;18;62031;11;62032;9;62033;9;62025.0;0.0
49;23100;ASH_COATED_OSMIUM;9995;11;9993;12;9991;12;10011;10;10013;14;10015;13;10003.5;0.0
49;23100;INTARIAN_PEPPER_ROOT;62011;11;62008;8;;;62024;11;62027;9;;;62017.5;0.0
49;23200;ASH_COATED_OSMIUM;9987;14;;;;;10003;14;;;;;9995.5;0.0
49;23200;INTARIAN_PEPPER_ROOT;62018;12;62016;8;62014;11;62031;5;62034;9;62037;10;62025.0;0.0
49;23300;ASH_COATED_OSMIUM;9989;11;;;;;9996;11;;;;;9992.5;0.0
49;23300;INTARIAN_PEPPER_ROOT;62017;19;;;;;62032;8;;;;;62024.5;0.0
49;23400;ASH_COATED_OSMIUM;9988;12;;;;;10004;14;;;;;9996.0;0.0
49;23400;INTARIAN_PEPPER_ROOT;62019;18;62016;9;;;62032;9;62035;18;;;62025.5;0.0
49;23500;ASH_COATED_OSMIUM;9994;22;9991;13;;;10012;13;10015;13;;;10003.5;0.0
49;23500;INTARIAN_PEPPER_ROOT;62015;11;;;;;62030;12;;;;;62023.0;0.0
49;23600;ASH_COATED_OSMIUM;10002;11;10001;14;10000;30;10011;14;10012;14;10015;12;10006.5;0.0
49;23600;INTARIAN_PEPPER_ROOT;62018;22;;;;;62032;8;;;;;62025.0;0.0
49;23700;ASH_COATED_OSMIUM;9996;10;9994;14;;;10012;11;10014;13;;;10004.5;0.0
49;23700;INTARIAN_PEPPER_ROOT;62018;11;62017;9;62015;11;62032;11;62035;10;62036;17;62025.0;0.0
49;23800;ASH_COATED_OSMIUM;9993;15;9992;13;9989;15;10009;11;10010;11;10013;4;10001.0;0.0
49;23800;INTARIAN_PEPPER_ROOT;62018;9;62017;11;;;62033;12;62034;11;;;62026.0;0.0
49;23900;ASH_COATED_OSMIUM;9998;10;9996;23;;;10014;6;10017;14;;;10006.0;0.0
49;23900;INTARIAN_PEPPER_ROOT;62015;12;;;;;62029;18;;;;;62022.5;0.0
49;24000;ASH_COATED_OSMIUM;10000;15;9998;10;;;10018;12;10021;10;;;10009.0;0.0
49;24000;INTARIAN_PEPPER_ROOT;62015;11;;;;;62028;10;;;;;62022.0;0.0
49;24100;ASH_COATED_OSMIUM;10004;15;10001;2;10000;12;10010;12;10011;15;10014;13;10007.0;0.0
49;24100;INTARIAN_PEPPER_ROOT;62016;9;62014;11;;;62033;9;62035;11;;;62024.5;0.0
49;24200;ASH_COATED_OSMIUM;9992;15;;;;;10008;14;;;;;10000.5;0.0
49;24200;INTARIAN_PEPPER_ROOT;62017;23;62014;5;;;62029;18;62032;12;;;62023.5;0.0
49;24300;ASH_COATED_OSMIUM;9993;15;;;;;10009;12;;;;;10001.5;0.0
49;24300;INTARIAN_PEPPER_ROOT;62017;12;62016;9;;;62032;9;62035;15;;;62025.0;0.0
49;24400;ASH_COATED_OSMIUM;9992;12;;;;;10008;15;;;;;10000.5;0.0
49;24400;INTARIAN_PEPPER_ROOT;62017;23;62014;8;;;62034;25;62036;10;;;62026.0;0.0
49;24500;ASH_COATED_OSMIUM;9992;15;9989;12;;;10008;12;10010;13;;;10000.5;0.0
49;24500;INTARIAN_PEPPER_ROOT;62012;10;;;;;62029;11;;;;;62021.0;0.0
49;24600;ASH_COATED_OSMIUM;9994;12;;;;;10010;11;;;;;10002.0;0.0
49;24600;INTARIAN_PEPPER_ROOT;62016;16;;;;;62029;10;;;;;62023.0;0.0
49;24700;ASH_COATED_OSMIUM;9996;26;9993;10;;;10012;14;10013;15;;;10004.0;0.0
49;24700;INTARIAN_PEPPER_ROOT;62020;10;62019;11;62017;11;62035;12;62037;12;62038;12;62028.0;0.0
49;24800;ASH_COATED_OSMIUM;9990;13;;;;;10006;15;;;;;9998.5;0.0
49;24800;INTARIAN_PEPPER_ROOT;62022;11;62020;11;;;62034;8;62037;12;;;62028.0;0.0
49;24900;ASH_COATED_OSMIUM;9994;10;;;;;10010;11;;;;;10002.5;0.0
49;24900;INTARIAN_PEPPER_ROOT;62016;12;62013;21;;;62029;8;62031;11;;;62023.0;0.0
49;25000;ASH_COATED_OSMIUM;9996;11;9995;15;;;10012;11;10013;10;;;10004.5;0.0
49;25000;INTARIAN_PEPPER_ROOT;62017;10;;;;;62031;19;;;;;62024.5;0.0
49;25100;ASH_COATED_OSMIUM;9997;29;9994;10;9993;3;10013;11;10016;12;10019;13;10005.0;0.0
49;25100;INTARIAN_PEPPER_ROOT;62017;10;62016;17;62013;8;62031;12;62034;8;62035;20;62024.5;0.0
49;25200;ASH_COATED_OSMIUM;9997;11;;;;;10013;10;;;;;10005.0;0.0
49;25200;INTARIAN_PEPPER_ROOT;62021;12;62020;12;62018;11;62033;16;62034;12;62037;11;62027.0;0.0
49;25300;ASH_COATED_OSMIUM;9993;12;9990;14;9988;11;10009;12;10011;12;10012;21;10001.5;0.0
49;25300;INTARIAN_PEPPER_ROOT;62021;12;62019;12;62018;8;62034;8;62037;9;62039;9;62027.5;0.0
49;25400;ASH_COATED_OSMIUM;9987;14;9984;14;;;10003;14;10004;13;;;9995.5;0.0
49;25400;INTARIAN_PEPPER_ROOT;62018;12;;;;;62031;12;;;;;62024.5;0.0
49;25500;ASH_COATED_OSMIUM;9986;11;9985;22;9983;10;10004;14;10007;10;10010;20;9995.0;0.0
49;25500;INTARIAN_PEPPER_ROOT;62022;12;62019;12;;;62027;12;62028;10;;;62025.0;0.0
49;25600;ASH_COATED_OSMIUM;9989;15;9987;14;;;10005;15;10008;13;;;9997.5;0.0
49;25600;INTARIAN_PEPPER_ROOT;62019;10;62017;10;;;62031;9;62034;9;;;62025.0;0.0
49;25700;ASH_COATED_OSMIUM;9991;14;9990;11;9989;15;10007;12;10010;15;10012;11;9999.0;0.0
49;25700;INTARIAN_PEPPER_ROOT;62020;12;;;;;62034;12;;;;;62027.0;0.0
49;25800;ASH_COATED_OSMIUM;9992;14;9990;20;;;10008;13;10011;14;;;10000.0;0.0
49;25800;INTARIAN_PEPPER_ROOT;62020;15;62017;11;62015;12;62031;12;62034;10;62036;9;62025.5;0.0
49;25900;ASH_COATED_OSMIUM;9987;13;9985;11;;;10003;13;10004;10;;;9995.0;0.0
49;25900;INTARIAN_PEPPER_ROOT;62022;9;62020;12;;;62033;12;62036;9;;;62028.0;0.0
49;26000;ASH_COATED_OSMIUM;9989;14;9986;10;9984;10;10005;23;10008;13;10011;14;9997.0;0.0
49;26000;INTARIAN_PEPPER_ROOT;62016;10;62014;11;62012;17;62031;10;62032;9;62034;8;62024.0;0.0
49;26100;ASH_COATED_OSMIUM;9992;3;;;;;9999;10;;;;;9996.0;0.0
49;26100;INTARIAN_PEPPER_ROOT;62019;10;62018;9;;;62032;10;62034;9;;;62026.0;0.0
49;26200;ASH_COATED_OSMIUM;9993;28;;;;;10003;13;;;;;9998.5;0.0
49;26200;INTARIAN_PEPPER_ROOT;62019;9;62017;8;;;62031;9;62032;11;;;62025.5;0.0
49;26300;ASH_COATED_OSMIUM;9989;15;;;;;10005;12;;;;;9997.0;0.0
49;26300;INTARIAN_PEPPER_ROOT;62017;9;62014;12;62012;12;62034;22;62035;12;62037;10;62026.0;0.0
49;26400;ASH_COATED_OSMIUM;9985;12;;;;;10003;10;;;;;9994.5;0.0
49;26400;INTARIAN_PEPPER_ROOT;62020;22;62019;8;;;62032;8;62034;10;;;62026.5;0.0
49;26500;ASH_COATED_OSMIUM;9985;15;;;;;10001;13;;;;;9993.5;0.0
49;26500;INTARIAN_PEPPER_ROOT;62018;10;62015;25;62013;12;62032;19;62034;12;62035;8;62025.5;0.0
49;26600;ASH_COATED_OSMIUM;9991;15;9989;10;;;9997;14;9999;12;;;9994.5;0.0
49;26600;INTARIAN_PEPPER_ROOT;62017;9;;;;;62033;8;;;;;62025.0;0.0
49;26700;ASH_COATED_OSMIUM;9983;11;9982;30;;;9999;11;10002;13;;;9991.5;0.0
49;26700;INTARIAN_PEPPER_ROOT;62018;8;62016;10;;;62033;9;62036;15;;;62025.5;0.0
49;26800;ASH_COATED_OSMIUM;9985;14;;;;;10003;10;;;;;9994.5;0.0
49;26800;INTARIAN_PEPPER_ROOT;62021;10;62020;12;;;62035;11;62037;11;;;62028.5;0.0
49;26900;ASH_COATED_OSMIUM;9986;10;9985;11;9983;14;10004;11;10007;12;10008;12;9995.0;0.0
49;26900;INTARIAN_PEPPER_ROOT;62020;11;62017;10;;;62035;11;62036;10;;;62028.0;0.0
49;27000;ASH_COATED_OSMIUM;9989;15;;;;;10007;12;;;;;9998.0;0.0
49;27000;INTARIAN_PEPPER_ROOT;62022;10;;;;;62037;11;;;;;62030.0;0.0
49;27100;ASH_COATED_OSMIUM;9991;13;9990;11;;;9997;27;10000;13;;;9994.5;0.0
49;27100;INTARIAN_PEPPER_ROOT;62016;12;;;;;62031;20;;;;;62023.5;0.0
49;27200;ASH_COATED_OSMIUM;9993;11;9990;10;;;9999;10;10000;13;;;9996.0;0.0
49;27200;INTARIAN_PEPPER_ROOT;62023;12;62021;8;;;62035;9;62038;11;;;62029.0;0.0
49;27300;ASH_COATED_OSMIUM;9985;14;;;;;10001;14;;;;;9993.0;0.0
49;27300;INTARIAN_PEPPER_ROOT;62020;12;;;;;62032;21;;;;;62026.0;0.0
49;27400;ASH_COATED_OSMIUM;9997;14;9994;11;9993;10;10006;27;10009;2;10010;12;10002.0;0.0
49;27400;INTARIAN_PEPPER_ROOT;62019;10;62018;8;62017;10;62032;8;62035;10;62036;9;62026.0;0.0
49;27500;ASH_COATED_OSMIUM;9991;13;;;;;10007;13;;;;;9999.0;0.0
49;27500;INTARIAN_PEPPER_ROOT;62021;9;;;;;62033;9;;;;;62027.0;0.0
49;27600;ASH_COATED_OSMIUM;9994;14;9993;14;9991;10;10010;12;10011;13;10014;14;10002.5;0.0
49;27600;INTARIAN_PEPPER_ROOT;62021;16;62020;9;62017;11;62037;19;62038;10;62040;12;62029.5;0.0
49;27700;ASH_COATED_OSMIUM;9998;11;9996;13;;;10014;14;10017;14;;;10006.0;0.0
49;27700;INTARIAN_PEPPER_ROOT;62024;11;62021;8;62019;11;62037;10;62038;10;62041;12;62031.0;0.0
49;27800;ASH_COATED_OSMIUM;10003;26;10000;10;9997;13;10019;12;10022;13;10025;11;10011.0;0.0
49;27800;INTARIAN_PEPPER_ROOT;62023;10;62022;10;62020;11;62036;5;62039;11;62041;12;62030.0;0.0
49;27900;ASH_COATED_OSMIUM;10006;15;10005;12;;;10022;14;10025;12;;;10014.5;0.0
49;27900;INTARIAN_PEPPER_ROOT;62019;19;62017;11;62014;9;62033;10;62034;23;62037;9;62026.0;0.0
49;28000;ASH_COATED_OSMIUM;10005;15;10004;12;;;10021;10;10022;11;;;10013.5;0.0
49;28000;INTARIAN_PEPPER_ROOT;62022;11;62020;10;62018;10;62035;11;62037;11;62038;8;62028.5;0.0
49;28100;ASH_COATED_OSMIUM;9999;21;9997;15;;;10015;23;10018;12;;;10007.0;0.0
49;28100;INTARIAN_PEPPER_ROOT;62022;8;62019;16;62016;11;62036;23;62037;9;62040;10;62029.5;0.0
49;28200;ASH_COATED_OSMIUM;9993;15;9990;13;;;10011;25;10014;14;;;10002.5;0.0
49;28200;INTARIAN_PEPPER_ROOT;62021;9;62019;8;62018;11;62034;11;62036;10;62039;12;62028.0;0.0
49;28300;ASH_COATED_OSMIUM;9994;13;;;;;10010;14;;;;;10002.5;0.0
49;28300;INTARIAN_PEPPER_ROOT;62023;19;62022;12;62021;10;62035;10;62037;8;62038;8;62029.0;0.0
49;28400;ASH_COATED_OSMIUM;9998;7;9995;2;;;10007;14;10010;15;;;10003.0;0.0
49;28400;INTARIAN_PEPPER_ROOT;62023;12;;;;;62035;12;;;;;62029.5;0.0
49;28500;ASH_COATED_OSMIUM;9995;11;;;;;10013;13;;;;;10004.5;0.0
49;28500;INTARIAN_PEPPER_ROOT;62018;11;62015;10;;;62029;9;62032;8;;;62024.0;0.0
49;28600;ASH_COATED_OSMIUM;9998;11;9995;10;;;10014;11;10015;14;;;10006.0;0.0
49;28600;INTARIAN_PEPPER_ROOT;62022;9;;;;;62035;10;;;;;62029.0;0.0
49;28700;ASH_COATED_OSMIUM;9996;12;;;;;10012;13;;;;;10004.5;0.0
49;28700;INTARIAN_PEPPER_ROOT;62018;11;62017;9;;;62034;9;62037;9;;;62026.5;0.0
49;28800;ASH_COATED_OSMIUM;9997;11;9994;11;;;10013;14;10016;15;;;10005.5;0.0
49;28800;INTARIAN_PEPPER_ROOT;62020;9;62017;9;62016;9;62034;10;62035;9;62036;10;62027.0;0.0
49;28900;ASH_COATED_OSMIUM;9992;10;;;;;10011;14;;;;;10002.0;0.0
49;28900;INTARIAN_PEPPER_ROOT;62019;10;62018;8;62017;10;62036;11;62037;8;62040;22;62028.0;0.0
49;29000;ASH_COATED_OSMIUM;9989;22;;;;;10005;13;;;;;9997.5;0.0
49;29000;INTARIAN_PEPPER_ROOT;62028;10;62026;11;;;62039;8;62041;12;;;62033.5;0.0
49;29100;ASH_COATED_OSMIUM;9986;15;;;;;10004;11;;;;;9995.5;0.0
49;29100;INTARIAN_PEPPER_ROOT;62021;11;;;;;62038;8;;;;;62029.5;0.0
49;29200;ASH_COATED_OSMIUM;9986;20;9983;13;9980;29;10004;12;10006;12;10007;28;9995.5;0.0
49;29200;INTARIAN_PEPPER_ROOT;62026;9;62024;11;;;62039;11;62042;17;;;62033.0;0.0
49;29300;ASH_COATED_OSMIUM;9992;4;9991;15;9988;8;10008;11;10010;12;10013;12;10000.0;0.0
49;29300;INTARIAN_PEPPER_ROOT;62019;11;62017;8;62014;25;62035;9;62038;12;62040;8;62027.0;0.0
49;29400;ASH_COATED_OSMIUM;9991;26;9989;10;;;10007;11;10009;14;;;9999.0;0.0
49;29400;INTARIAN_PEPPER_ROOT;62018;9;62016;11;;;62029;12;62032;12;;;62024.0;0.0
49;29500;ASH_COATED_OSMIUM;9983;11;9980;12;;;10004;24;10005;12;;;9993.5;0.0
49;29500;INTARIAN_PEPPER_ROOT;62021;8;62020;20;62018;10;62034;11;62035;9;62038;8;62027.5;0.0
49;29600;ASH_COATED_OSMIUM;9985;12;;;;;10001;11;;;;;9993.0;0.0
49;29600;INTARIAN_PEPPER_ROOT;62027;23;;;;;62039;18;;;;;62033.0;0.0
49;29700;ASH_COATED_OSMIUM;9989;15;9986;25;9985;15;10005;10;10007;26;10009;13;9997.5;0.0
49;29700;INTARIAN_PEPPER_ROOT;62018;12;62015;10;62012;21;62033;9;62034;8;62036;10;62026.0;0.0
49;29800;ASH_COATED_OSMIUM;9984;30;9981;13;;;10000;22;10001;11;;;9992.5;0.0
49;29800;INTARIAN_PEPPER_ROOT;62026;8;;;;;62035;9;;;;;62030.5;0.0
49;29900;ASH_COATED_OSMIUM;9983;15;9982;14;9980;12;9999;10;10001;10;10002;13;9991.5;0.0
49;29900;INTARIAN_PEPPER_ROOT;62025;10;62023;6;62020;12;62037;10;62038;8;62040;9;62031.0;0.0
49;30000;ASH_COATED_OSMIUM;9983;24;;;;;10001;15;;;;;9992.5;0.0
49;30000;INTARIAN_PEPPER_ROOT;62025;9;62022;12;;;62027;11;62028;11;;;62026.5;0.0
49;30100;ASH_COATED_OSMIUM;9987;10;9985;10;;;10006;14;10008;4;;;9997.0;0.0
49;30100;INTARIAN_PEPPER_ROOT;62021;11;62019;9;;;62036;12;62038;9;;;62028.5;0.0
49;30200;ASH_COATED_OSMIUM;9987;14;;;;;10005;30;;;;;9996.5;0.0
49;30200;INTARIAN_PEPPER_ROOT;62024;10;62022;12;;;62036;9;62039;9;;;62030.0;0.0
49;30300;ASH_COATED_OSMIUM;9990;15;9988;14;;;10006;12;10009;15;;;9998.0;0.0
49;30300;INTARIAN_PEPPER_ROOT;62026;10;;;;;62039;8;;;;;62033.0;0.0
49;30400;ASH_COATED_OSMIUM;9993;15;9991;13;9989;12;10009;10;10011;15;10014;14;10001.0;0.0
49;30400;INTARIAN_PEPPER_ROOT;62025;19;62022;11;;;62036;10;62037;23;;;62030.5;0.0
49;30500;ASH_COATED_OSMIUM;9989;4;9986;26;9983;23;10005;14;10006;24;10009;11;9997.0;0.0
49;30500;INTARIAN_PEPPER_ROOT;62023;11;62021;18;;;62031;9;62033;25;;;62027.0;0.0
49;30600;ASH_COATED_OSMIUM;9985;24;9982;11;;;10001;14;10003;12;;;9993.0;0.0
49;30600;INTARIAN_PEPPER_ROOT;62022;12;62020;9;;;62035;8;62037;18;;;62029.0;0.0
49;30700;ASH_COATED_OSMIUM;9988;29;9985;30;9984;7;10004;2;10005;14;10006;11;9996.0;0.0
49;30700;INTARIAN_PEPPER_ROOT;62028;12;62025;8;;;62040;8;62042;11;;;62034.5;0.0
49;30800;ASH_COATED_OSMIUM;9986;11;9984;11;;;9996;28;9998;24;;;9991.5;0.0
49;30800;INTARIAN_PEPPER_ROOT;62028;11;;;;;62042;9;;;;;62035.0;0.0
49;30900;ASH_COATED_OSMIUM;9985;24;9983;15;;;10003;12;10005;10;;;9994.5;0.0
49;30900;INTARIAN_PEPPER_ROOT;62025;19;62024;11;62022;12;62038;10;62039;11;62042;10;62032.0;0.0
49;31000;ASH_COATED_OSMIUM;9989;25;;;;;10005;25;;;;;9997.0;0.0
49;31000;INTARIAN_PEPPER_ROOT;62019;12;;;;;62033;8;;;;;62026.5;0.0
49;31100;ASH_COATED_OSMIUM;9991;13;9990;12;9987;11;10007;11;10009;15;10010;14;9999.0;0.0
49;31100;INTARIAN_PEPPER_ROOT;62020;11;;;;;62034;11;;;;;62027.5;0.0
49;31200;ASH_COATED_OSMIUM;9996;10;;;;;10014;10;;;;;10005.0;0.0
49;31200;INTARIAN_PEPPER_ROOT;62024;11;62023;8;;;62039;22;62040;12;;;62031.5;0.0
49;31300;ASH_COATED_OSMIUM;9989;30;9986;10;9983;12;10005;26;10008;15;10010;11;9997.0;0.0
49;31300;INTARIAN_PEPPER_ROOT;62028;10;62027;22;;;62043;8;62044;12;;;62035.5;0.0
49;31400;ASH_COATED_OSMIUM;9991;12;9988;29;;;10007;14;10008;26;;;9999.5;0.0
49;31400;INTARIAN_PEPPER_ROOT;62025;9;62022;10;;;62039;19;62040;12;;;62032.5;0.0
49;31500;ASH_COATED_OSMIUM;9996;13;;;;;10012;15;;;;;10004.5;0.0
49;31500;INTARIAN_PEPPER_ROOT;62023;10;62020;9;;;62039;10;62041;12;;;62031.0;0.0
49;31600;ASH_COATED_OSMIUM;10003;5;10002;14;;;10013;12;10014;11;;;10008.5;0.0
49;31600;INTARIAN_PEPPER_ROOT;62026;10;62025;8;;;62039;9;62041;11;;;62032.5;0.0
49;31700;ASH_COATED_OSMIUM;9996;10;9993;11;9991;12;10012;12;10014;12;10016;15;10004.0;0.0
49;31700;INTARIAN_PEPPER_ROOT;62023;12;;;;;62034;11;;;;;62029.0;0.0
49;31800;ASH_COATED_OSMIUM;9997;15;9994;15;;;10015;14;10016;14;;;10006.0;0.0
49;31800;INTARIAN_PEPPER_ROOT;62025;12;62023;9;62020;10;62039;8;62040;19;62041;10;62032.0;0.0
49;31900;ASH_COATED_OSMIUM;9994;27;9991;4;9990;15;10010;12;10013;10;10014;14;10002.0;0.0
49;31900;INTARIAN_PEPPER_ROOT;62027;12;62026;12;62025;8;62040;8;62043;11;62044;11;62033.5;0.0
49;32000;ASH_COATED_OSMIUM;9998;12;;;;;10014;14;;;;;10006.5;0.0
49;32000;INTARIAN_PEPPER_ROOT;62026;12;62025;11;;;62040;11;62043;9;;;62033.0;0.0
49;32100;ASH_COATED_OSMIUM;9994;14;;;;;10013;29;;;;;10003.5;0.0
49;32100;INTARIAN_PEPPER_ROOT;62029;8;62026;9;;;62040;8;62041;9;;;62035.0;0.0
49;32200;ASH_COATED_OSMIUM;9996;10;;;;;10014;28;;;;;10005.0;0.0
49;32200;INTARIAN_PEPPER_ROOT;62021;10;;;;;62037;10;;;;;62029.0;0.0
49;32300;ASH_COATED_OSMIUM;9997;10;9995;15;;;10013;12;10015;14;;;10005.0;0.0
49;32300;INTARIAN_PEPPER_ROOT;62027;8;62026;10;62023;8;62038;8;62039;8;62040;10;62032.5;0.0
49;32400;ASH_COATED_OSMIUM;9991;12;9989;14;9988;11;10010;15;10011;10;10014;13;10000.5;0.0
49;32400;INTARIAN_PEPPER_ROOT;62027;8;62024;9;62022;8;62039;11;62040;9;62041;11;62033.0;0.0
49;32500;ASH_COATED_OSMIUM;9997;13;9996;12;;;10010;14;10011;10;;;10003.5;0.0
49;32500;INTARIAN_PEPPER_ROOT;62030;8;62028;12;62025;18;62042;10;62045;10;62046;9;62036.0;0.0
49;32600;ASH_COATED_OSMIUM;9997;23;9995;10;9993;15;10006;13;10009;12;10012;15;10002.0;0.0
49;32600;INTARIAN_PEPPER_ROOT;62027;11;62026;8;;;62041;11;62044;12;;;62034.0;0.0
49;32700;ASH_COATED_OSMIUM;9994;20;9992;11;9990;15;10004;14;10006;13;10007;22;9999.5;0.0
49;32700;INTARIAN_PEPPER_ROOT;62025;10;62022;8;62021;8;62039;10;62040;11;62042;10;62032.0;0.0
49;32800;ASH_COATED_OSMIUM;9995;10;9993;22;9991;10;10016;15;10017;11;10019;11;10005.5;0.0
49;32800;INTARIAN_PEPPER_ROOT;62024;12;62021;9;;;62038;12;62041;10;;;62031.0;0.0
49;32900;ASH_COATED_OSMIUM;9998;6;9996;15;;;10016;14;10018;11;;;10007.5;0.0
49;32900;INTARIAN_PEPPER_ROOT;62027;17;62026;8;62023;24;62039;10;62041;9;62044;9;62033.5;0.0
49;33000;ASH_COATED_OSMIUM;9993;10;9990;3;;;10009;10;10011;11;;;10001.0;0.0
49;33000;INTARIAN_PEPPER_ROOT;62025;11;;;;;62039;19;;;;;62032.0;0.0
49;33100;ASH_COATED_OSMIUM;9997;10;9995;30;;;10013;12;10014;11;;;10005.0;0.0
49;33100;INTARIAN_PEPPER_ROOT;62029;10;62026;8;62025;8;62042;9;62043;8;62045;10;62036.0;0.0
49;33200;ASH_COATED_OSMIUM;9996;15;9995;14;;;10012;29;10015;15;;;10004.0;0.0
49;33200;INTARIAN_PEPPER_ROOT;62030;9;;;;;62042;8;;;;;62036.5;0.0
49;33300;ASH_COATED_OSMIUM;9991;29;9990;27;9989;12;10007;11;10008;4;10009;14;9999.0;0.0
49;33300;INTARIAN_PEPPER_ROOT;62025;16;;;;;62038;10;;;;;62031.5;0.0
49;33400;ASH_COATED_OSMIUM;9983;21;9981;15;;;9999;25;10000;10;;;9991.5;0.0
49;33400;INTARIAN_PEPPER_ROOT;62026;10;;;;;62040;10;;;;;62033.5;0.0
49;33500;ASH_COATED_OSMIUM;9985;26;;;;;10003;13;;;;;9994.0;0.0
49;33500;INTARIAN_PEPPER_ROOT;62023;12;;;;;62040;11;;;;;62032.0;0.0
49;33600;ASH_COATED_OSMIUM;9992;12;9990;13;;;10008;11;10010;29;;;10000.0;0.0
49;33600;INTARIAN_PEPPER_ROOT;62025;12;62022;10;;;62038;4;62039;12;;;62032.0;0.0
49;33700;ASH_COATED_OSMIUM;9990;14;9989;2;9988;12;10006;20;10009;15;10011;8;9998.0;0.0
49;33700;INTARIAN_PEPPER_ROOT;62029;12;62026;25;62023;9;62042;10;62043;9;62046;12;62035.5;0.0
49;33800;ASH_COATED_OSMIUM;9986;13;9983;28;;;10002;11;10004;10;;;9994.0;0.0
49;33800;INTARIAN_PEPPER_ROOT;62026;8;;;;;62041;10;;;;;62034.0;0.0
49;33900;ASH_COATED_OSMIUM;9988;12;9986;13;9985;13;10004;12;10005;10;10008;14;9996.0;0.0
49;33900;INTARIAN_PEPPER_ROOT;62024;10;;;;;62041;17;;;;;62033.0;0.0
49;34000;ASH_COATED_OSMIUM;9990;10;;;;;10006;20;;;;;9998.5;0.0
49;34000;INTARIAN_PEPPER_ROOT;62032;24;62030;12;;;62043;11;62045;10;;;62037.5;0.0
49;34100;ASH_COATED_OSMIUM;9986;2;9984;11;;;10004;30;10007;12;;;9995.0;0.0
49;34100;INTARIAN_PEPPER_ROOT;62030;17;62029;25;62027;8;62044;8;62045;25;62047;12;62037.5;0.0
49;34200;ASH_COATED_OSMIUM;9994;11;9993;27;;;10012;26;10015;14;;;10003.0;0.0
49;34200;INTARIAN_PEPPER_ROOT;62027;10;62024;11;;;62040;16;62041;11;;;62034.0;0.0
49;34300;ASH_COATED_OSMIUM;10003;10;10002;10;10000;10;10019;29;10020;14;10023;14;10011.0;0.0
49;34300;INTARIAN_PEPPER_ROOT;62027;16;62024;10;;;62040;12;62042;18;;;62033.5;0.0
49;34400;ASH_COATED_OSMIUM;9999;13;9998;14;9997;15;10015;10;10016;10;10017;13;10007.0;0.0
49;34400;INTARIAN_PEPPER_ROOT;62030;12;62028;9;;;62041;9;62042;12;;;62035.5;0.0
49;34500;ASH_COATED_OSMIUM;10000;14;;;;;10016;14;;;;;10008.5;0.0
49;34500;INTARIAN_PEPPER_ROOT;62022;9;62020;9;62017;8;62040;8;62042;11;62045;19;62031.5;0.0
49;34600;ASH_COATED_OSMIUM;9993;21;9991;14;;;10012;11;10013;13;;;10002.5;0.0
49;34600;INTARIAN_PEPPER_ROOT;62028;10;62027;10;;;62040;10;62041;10;;;62034.0;0.0
49;34700;ASH_COATED_OSMIUM;9996;13;;;;;10012;27;;;;;10004.0;0.0
49;34700;INTARIAN_PEPPER_ROOT;62038;12;62037;9;;;62041;12;62043;20;;;62040.0;0.0
49;34800;ASH_COATED_OSMIUM;9997;13;9996;11;9993;14;10013;14;10015;10;10016;10;10005.0;0.0
49;34800;INTARIAN_PEPPER_ROOT;62029;11;62026;12;;;62040;9;62043;8;;;62034.5;0.0
49;34900;ASH_COATED_OSMIUM;9998;13;9997;14;;;10014;14;10017;13;;;10006.0;0.0
49;34900;INTARIAN_PEPPER_ROOT;62028;16;62027;11;62024;12;62042;11;62044;9;62046;19;62035.0;0.0
49;35000;ASH_COATED_OSMIUM;10001;10;;;;;10011;10;;;;;10006.0;0.0
49;35000;INTARIAN_PEPPER_ROOT;62029;10;;;;;62042;8;;;;;62036.0;0.0
49;35100;ASH_COATED_OSMIUM;9991;30;9988;12;9985;14;10009;13;10011;10;10013;10;10000.0;0.0
49;35100;INTARIAN_PEPPER_ROOT;62027;9;;;;;62040;8;;;;;62033.5;0.0
49;35200;ASH_COATED_OSMIUM;9990;13;9989;11;9987;12;10006;12;10009;14;10010;10;9998.5;0.0
49;35200;INTARIAN_PEPPER_ROOT;62028;8;62025;15;;;62040;11;62041;19;;;62034.5;0.0
49;35300;ASH_COATED_OSMIUM;9988;14;;;;;10004;14;;;;;9996.0;0.0
49;35300;INTARIAN_PEPPER_ROOT;62031;9;;;;;62042;9;;;;;62036.5;0.0
49;35400;ASH_COATED_OSMIUM;9993;26;9990;11;9987;10;10009;14;10012;10;10014;20;10001.5;0.0
49;35400;INTARIAN_PEPPER_ROOT;62031;10;62030;8;62028;8;62044;9;62045;11;62046;16;62037.5;0.0
49;35500;ASH_COATED_OSMIUM;9990;26;9989;11;;;10006;11;10009;28;;;9998.0;0.0
49;35500;INTARIAN_PEPPER_ROOT;62030;10;;;;;62045;10;;;;;62037.5;0.0
49;35600;ASH_COATED_OSMIUM;9992;24;;;;;10008;11;;;;;10000.5;0.0
49;35600;INTARIAN_PEPPER_ROOT;62028;9;62027;9;62025;24;62042;21;62044;24;62045;10;62035.5;0.0
49;35700;ASH_COATED_OSMIUM;9992;12;9991;12;;;10008;13;10011;12;;;10000.5;0.0
49;35700;INTARIAN_PEPPER_ROOT;62031;8;;;;;62043;12;;;;;62037.5;0.0
49;35800;ASH_COATED_OSMIUM;9991;10;9988;10;;;10007;15;10008;11;;;9999.0;0.0
49;35800;INTARIAN_PEPPER_ROOT;62028;12;62025;12;;;62040;25;62042;24;;;62034.5;0.0
49;35900;ASH_COATED_OSMIUM;9991;29;9990;10;;;10007;14;10010;12;;;9999.0;0.0
49;35900;INTARIAN_PEPPER_ROOT;62028;9;62027;11;62026;8;62040;10;62041;12;62043;12;62034.0;0.0
49;36000;ASH_COATED_OSMIUM;9989;10;;;;;10005;14;;;;;9997.5;0.0
49;36000;INTARIAN_PEPPER_ROOT;62029;11;;;;;62042;10;;;;;62035.5;0.0
49;36100;ASH_COATED_OSMIUM;9986;13;9983;12;9981;14;10002;22;10003;23;10004;10;9994.5;0.0
49;36100;INTARIAN_PEPPER_ROOT;62030;8;;;;;62046;12;;;;;62038.0;0.0
49;36200;ASH_COATED_OSMIUM;9992;14;9991;13;;;10008;24;10011;28;;;10000.5;0.0
49;36200;INTARIAN_PEPPER_ROOT;62038;16;;;;;62041;9;;;;;62039.5;0.0
49;36300;ASH_COATED_OSMIUM;9985;14;9983;21;9981;15;10004;24;10007;13;10009;12;9995.0;0.0
49;36300;INTARIAN_PEPPER_ROOT;62032;10;62029;8;62026;8;62047;25;62049;20;62052;17;62039.5;0.0
49;36400;ASH_COATED_OSMIUM;9986;13;9984;11;9983;12;10005;15;10008;11;10010;15;9995.5;0.0
49;36400;INTARIAN_PEPPER_ROOT;62029;5;;;;;62041;10;;;;;62035.0;0.0
49;36500;ASH_COATED_OSMIUM;9989;14;9986;14;;;10007;13;10009;14;;;9998.0;0.0
49;36500;INTARIAN_PEPPER_ROOT;62033;24;62032;9;;;62044;16;62047;10;;;62039.0;0.0
49;36600;ASH_COATED_OSMIUM;9998;13;9996;7;9993;13;10004;11;10006;20;10007;12;10001.0;0.0
49;36600;INTARIAN_PEPPER_ROOT;62033;9;;;;;62044;11;;;;;62038.5;0.0
49;36700;ASH_COATED_OSMIUM;9992;11;9989;11;9987;15;10008;15;10011;15;10014;10;10000.5;0.0
49;36700;INTARIAN_PEPPER_ROOT;62031;8;62028;24;;;62042;11;62044;11;;;62036.5;0.0
49;36800;ASH_COATED_OSMIUM;9992;21;;;;;10008;13;;;;;10000.0;0.0
49;36800;INTARIAN_PEPPER_ROOT;62029;24;62028;17;;;62043;11;62044;8;;;62036.0;0.0
49;36900;ASH_COATED_OSMIUM;9986;11;;;;;10002;5;;;;;9994.0;0.0
49;36900;INTARIAN_PEPPER_ROOT;62030;10;;;;;62043;10;;;;;62036.5;0.0
49;37000;ASH_COATED_OSMIUM;9984;11;9981;11;;;10002;26;10003;10;;;9993.0;0.0
49;37000;INTARIAN_PEPPER_ROOT;62033;9;62030;9;;;62045;23;62047;9;;;62039.0;0.0
49;37100;ASH_COATED_OSMIUM;9989;14;9986;13;9985;11;10005;14;10008;15;10010;12;9997.0;0.0
49;37100;INTARIAN_PEPPER_ROOT;62028;10;62025;10;62022;8;62043;21;62045;12;62048;12;62036.0;0.0
49;37200;ASH_COATED_OSMIUM;9989;13;9987;13;;;10005;12;10007;14;;;9997.5;0.0
49;37200;INTARIAN_PEPPER_ROOT;62032;11;;;;;62045;11;;;;;62039.0;0.0
49;37300;ASH_COATED_OSMIUM;9993;10;9990;14;;;9999;14;10001;10;;;9996.5;0.0
49;37300;INTARIAN_PEPPER_ROOT;62028;11;62026;11;;;62042;11;62043;10;;;62035.5;0.0
49;37400;ASH_COATED_OSMIUM;9982;12;9980;13;;;10003;14;10006;14;;;9992.5;0.0
49;37400;INTARIAN_PEPPER_ROOT;62030;9;62027;10;;;62044;21;62046;12;;;62037.0;0.0
49;37500;ASH_COATED_OSMIUM;9993;12;9991;2;;;10014;15;10015;13;;;10003.5;0.0
49;37500;INTARIAN_PEPPER_ROOT;62026;22;;;;;62040;11;;;;;62033.5;0.0
49;37600;ASH_COATED_OSMIUM;10001;15;;;;;10017;10;;;;;10009.5;0.0
49;37600;INTARIAN_PEPPER_ROOT;62028;11;62027;12;;;62040;9;62041;9;;;62034.0;0.0
49;37700;ASH_COATED_OSMIUM;9998;10;9997;14;9996;11;10017;13;10020;26;10023;14;10008.0;0.0
49;37700;INTARIAN_PEPPER_ROOT;62029;12;;;;;62042;9;;;;;62036.0;0.0
49;37800;ASH_COATED_OSMIUM;10000;21;;;;;10018;15;;;;;10009.0;0.0
49;37800;INTARIAN_PEPPER_ROOT;62034;12;;;;;62048;12;;;;;62041.5;0.0
49;37900;ASH_COATED_OSMIUM;9994;14;9992;14;9991;24;10013;10;10016;15;10017;22;10004.0;0.0
49;37900;INTARIAN_PEPPER_ROOT;62033;9;62031;16;;;62046;8;62048;12;;;62039.5;0.0
49;38000;ASH_COATED_OSMIUM;9999;12;9996;11;;;10018;14;10020;12;;;10008.5;0.0
49;38000;INTARIAN_PEPPER_ROOT;62034;8;62031;9;;;62046;11;62048;11;;;62040.5;0.0
49;38100;ASH_COATED_OSMIUM;9997;14;9995;29;9993;15;10016;20;10017;13;10018;13;10007.0;0.0
49;38100;INTARIAN_PEPPER_ROOT;62034;20;62033;8;62032;8;62047;12;62048;10;62051;24;62040.5;0.0
49;38200;ASH_COATED_OSMIUM;9996;10;;;;;10012;23;;;;;10004.0;0.0
49;38200;INTARIAN_PEPPER_ROOT;62026;8;62024;10;;;62045;8;62046;12;;;62036.0;0.0
49;38300;ASH_COATED_OSMIUM;9997;30;9994;12;;;10013;10;10014;10;;;10005.0;0.0
49;38300;INTARIAN_PEPPER_ROOT;62032;11;;;;;62046;12;;;;;62039.0;0.0
49;38400;ASH_COATED_OSMIUM;9998;13;9996;14;;;10017;21;10020;27;;;10007.5;0.0
49;38400;INTARIAN_PEPPER_ROOT;62031;18;62028;10;;;62046;9;62049;10;;;62039.0;0.0
49;38500;ASH_COATED_OSMIUM;10002;27;10000;10;;;10018;12;10019;15;;;10010.5;0.0
49;38500;INTARIAN_PEPPER_ROOT;62034;11;;;;;62047;10;;;;;62040.5;0.0
49;38600;ASH_COATED_OSMIUM;10003;10;10000;11;;;10012;15;10013;11;;;10008.0;0.0
49;38600;INTARIAN_PEPPER_ROOT;62035;8;62033;9;;;62048;8;62049;9;;;62041.5;0.0
49;38700;ASH_COATED_OSMIUM;10001;11;;;;;10017;12;;;;;10009.0;0.0
49;38700;INTARIAN_PEPPER_ROOT;62033;11;62030;10;;;62050;11;62053;20;;;62042.0;0.0
49;38800;ASH_COATED_OSMIUM;9997;10;9996;29;;;10013;11;10014;13;;;10005.5;0.0
49;38800;INTARIAN_PEPPER_ROOT;62034;24;62033;12;;;62048;9;62050;10;;;62041.0;0.0
49;38900;ASH_COATED_OSMIUM;9995;14;9992;10;;;10011;11;10012;15;;;10003.0;0.0
49;38900;INTARIAN_PEPPER_ROOT;62032;11;62029;8;;;62045;11;62047;8;;;62038.5;0.0
49;39000;ASH_COATED_OSMIUM;9998;26;;;;;10008;15;;;;;10003.5;0.0
49;39000;INTARIAN_PEPPER_ROOT;62031;9;62030;8;62028;8;62045;12;62046;10;62049;12;62038.5;0.0
49;39100;ASH_COATED_OSMIUM;9997;14;;;;;10013;2;;;;;10005.5;0.0
49;39100;INTARIAN_PEPPER_ROOT;62031;10;62029;9;62026;11;62044;16;62047;10;62048;11;62038.0;0.0
49;39200;ASH_COATED_OSMIUM;10000;11;9998;14;;;10016;13;10019;12;;;10008.5;0.0
49;39200;INTARIAN_PEPPER_ROOT;62032;9;;;;;62046;11;;;;;62039.5;0.0
49;39300;ASH_COATED_OSMIUM;10001;12;;;;;10017;4;;;;;10009.0;0.0
49;39300;INTARIAN_PEPPER_ROOT;62032;17;62029;8;;;62045;9;62047;9;;;62039.0;0.0
49;39400;ASH_COATED_OSMIUM;10005;12;10002;25;10001;26;10021;13;10024;12;10025;12;10013.5;0.0
49;39400;INTARIAN_PEPPER_ROOT;62033;10;62031;8;62030;10;62044;10;62047;11;62048;17;62038.5;0.0
49;39500;ASH_COATED_OSMIUM;10006;13;;;;;10022;13;;;;;10014.0;0.0
49;39500;INTARIAN_PEPPER_ROOT;62034;8;62033;11;;;62046;9;62048;11;;;62040.0;0.0
49;39600;ASH_COATED_OSMIUM;9999;15;9998;22;;;10015;14;10016;2;;;10007.0;0.0
49;39600;INTARIAN_PEPPER_ROOT;62036;8;62033;17;;;62048;20;62050;21;;;62042.5;0.0
49;39700;ASH_COATED_OSMIUM;9993;14;9992;4;9989;11;10009;11;10011;12;10012;13;10001.0;0.0
49;39700;INTARIAN_PEPPER_ROOT;62036;12;62034;12;;;62049;8;62051;12;;;62042.5;0.0
49;39800;ASH_COATED_OSMIUM;9985;14;9983;15;9980;12;10001;15;10002;10;10005;2;9993.5;0.0
49;39800;INTARIAN_PEPPER_ROOT;62033;24;;;;;62046;12;;;;;62040.0;0.0
49;39900;ASH_COATED_OSMIUM;9984;12;;;;;10000;13;;;;;9992.0;0.0
49;39900;INTARIAN_PEPPER_ROOT;62039;9;62037;11;62034;10;62051;9;62053;8;62055;25;62045.0;0.0
49;40000;ASH_COATED_OSMIUM;9989;10;9988;13;9987;10;10008;12;10009;14;10011;26;9999.0;0.0
49;40000;INTARIAN_PEPPER_ROOT;62029;9;;;;;62043;12;;;;;62036.5;0.0
49;40100;ASH_COATED_OSMIUM;9990;13;;;;;10006;14;;;;;9998.5;0.0
49;40100;INTARIAN_PEPPER_ROOT;62032;9;62031;8;;;62049;10;62052;8;;;62040.5;0.0
49;40200;ASH_COATED_OSMIUM;9990;11;;;;;10008;15;;;;;9999.5;0.0
49;40200;INTARIAN_PEPPER_ROOT;62033;15;62032;10;62031;10;62047;12;62049;10;62051;10;62040.0;0.0
49;40300;ASH_COATED_OSMIUM;9993;28;9990;20;9988;14;10009;10;10010;26;10013;15;10001.0;0.0
49;40300;INTARIAN_PEPPER_ROOT;62031;9;62029;9;62027;12;62044;11;62046;10;62049;16;62038.0;0.0
49;40400;ASH_COATED_OSMIUM;9995;12;9994;30;;;10014;14;10016;14;;;10004.5;0.0
49;40400;INTARIAN_PEPPER_ROOT;62031;19;;;;;62048;22;;;;;62039.5;0.0
49;40500;ASH_COATED_OSMIUM;10000;13;9998;12;;;10016;13;10017;12;;;10008.0;0.0
49;40500;INTARIAN_PEPPER_ROOT;62039;12;62037;11;;;62051;7;62052;11;;;62045.0;0.0
49;40600;ASH_COATED_OSMIUM;10000;11;9997;13;;;10016;14;10018;14;;;10008.0;0.0
49;40600;INTARIAN_PEPPER_ROOT;62030;9;;;;;62051;17;;;;;62041.0;0.0
49;40700;ASH_COATED_OSMIUM;9999;30;9997;15;;;10015;14;10017;11;;;10007.5;0.0
49;40700;INTARIAN_PEPPER_ROOT;62028;11;62027;12;;;62042;9;62044;8;;;62035.5;0.0
49;40800;ASH_COATED_OSMIUM;10000;11;;;;;10016;10;;;;;10008.0;0.0
49;40800;INTARIAN_PEPPER_ROOT;62034;15;;;;;62047;9;;;;;62040.5;0.0
49;40900;ASH_COATED_OSMIUM;10004;26;10003;13;;;10014;10;10015;12;;;10009.5;0.0
49;40900;INTARIAN_PEPPER_ROOT;62036;8;;;;;62048;12;;;;;62042.0;0.0
49;41000;ASH_COATED_OSMIUM;10000;12;;;;;10016;14;;;;;10008.5;0.0
49;41000;INTARIAN_PEPPER_ROOT;62035;9;62034;12;;;62049;10;62052;21;;;62042.0;0.0
49;41100;ASH_COATED_OSMIUM;9997;30;;;;;10013;11;;;;;10005.5;0.0
49;41100;INTARIAN_PEPPER_ROOT;62033;20;62031;11;;;62045;21;62048;12;;;62039.0;0.0
49;41200;ASH_COATED_OSMIUM;9999;12;;;;;10015;11;;;;;10007.0;0.0
49;41200;INTARIAN_PEPPER_ROOT;62037;10;62035;12;;;62051;20;62052;8;;;62044.5;0.0
49;41300;ASH_COATED_OSMIUM;10000;10;9998;3;9997;29;10016;12;10019;14;10021;13;10008.5;0.0
49;41300;INTARIAN_PEPPER_ROOT;62034;9;62032;15;62029;9;62051;8;62053;9;62056;12;62042.5;0.0
49;41400;ASH_COATED_OSMIUM;9999;22;9998;13;9996;10;10015;13;10017;10;10018;11;10007.5;0.0
49;41400;INTARIAN_PEPPER_ROOT;62039;20;;;;;62043;12;;;;;62041.0;0.0
49;41500;ASH_COATED_OSMIUM;9999;12;9998;11;9997;22;10015;14;10016;12;10019;10;10007.5;0.0
49;41500;INTARIAN_PEPPER_ROOT;62032;12;62030;12;62029;8;62044;10;62047;8;62048;9;62038.0;0.0
49;41600;ASH_COATED_OSMIUM;9996;21;9994;10;9993;15;10012;10;10013;30;10014;12;10004.0;0.0
49;41600;INTARIAN_PEPPER_ROOT;62033;8;;;;;62045;8;;;;;62039.5;0.0
49;41700;ASH_COATED_OSMIUM;9990;10;9988;10;;;10006;14;10009;12;;;9998.5;0.0
49;41700;INTARIAN_PEPPER_ROOT;62037;11;;;;;62053;9;;;;;62045.0;0.0
49;41800;ASH_COATED_OSMIUM;9987;10;;;;;10003;14;;;;;9995.0;0.0
49;41800;INTARIAN_PEPPER_ROOT;62041;8;62039;8;62036;9;62053;12;62056;12;62057;12;62047.0;0.0
49;41900;ASH_COATED_OSMIUM;9991;14;9990;23;;;10007;10;10008;11;;;9999.5;0.0
49;41900;INTARIAN_PEPPER_ROOT;62033;10;;;;;62050;9;;;;;62041.5;0.0
49;42000;ASH_COATED_OSMIUM;9983;11;9982;15;;;9994;10;9996;15;;;9989.0;0.0
49;42000;INTARIAN_PEPPER_ROOT;62037;11;62035;11;;;62049;11;62051;20;;;62043.0;0.0
49;42100;ASH_COATED_OSMIUM;9983;14;;;;;10002;11;;;;;9993.0;0.0
49;42100;INTARIAN_PEPPER_ROOT;62038;10;;;;;62050;10;;;;;62044.5;0.0
49;42200;ASH_COATED_OSMIUM;9995;11;9993;14;;;10011;23;10014;26;;;10003.0;0.0
49;42200;INTARIAN_PEPPER_ROOT;62035;9;62034;10;;;62047;8;62049;17;;;62041.5;0.0
49;42300;ASH_COATED_OSMIUM;9993;12;9992;15;9990;11;10011;10;10013;4;10016;11;10002.5;0.0
49;42300;INTARIAN_PEPPER_ROOT;62036;11;62033;25;;;62048;10;62051;11;;;62042.5;0.0
49;42400;ASH_COATED_OSMIUM;9988;15;9987;15;9985;12;10004;11;10007;14;10009;11;9996.0;0.0
49;42400;INTARIAN_PEPPER_ROOT;62038;24;;;;;62050;11;;;;;62044.0;0.0
49;42500;ASH_COATED_OSMIUM;9982;14;9981;10;;;10000;10;10001;12;;;9991.5;0.0
49;42500;INTARIAN_PEPPER_ROOT;62036;12;;;;;62048;12;;;;;62042.5;0.0
49;42600;ASH_COATED_OSMIUM;9988;10;9987;11;9986;10;10004;12;10007;27;10008;11;9996.5;0.0
49;42600;INTARIAN_PEPPER_ROOT;62032;10;62031;12;;;62045;12;62048;10;;;62038.5;0.0
49;42700;ASH_COATED_OSMIUM;9989;10;9987;10;;;10005;12;10008;10;;;9997.0;0.0
49;42700;INTARIAN_PEPPER_ROOT;62036;12;62033;10;;;62049;11;62052;22;;;62042.5;0.0
49;42800;ASH_COATED_OSMIUM;9987;30;9984;15;9981;14;10006;2;10007;11;10008;21;9996.5;0.0
49;42800;INTARIAN_PEPPER_ROOT;62034;9;62032;12;;;62047;12;62048;9;;;62041.0;0.0
49;42900;ASH_COATED_OSMIUM;9987;21;9984;21;9981;2;10003;10;10005;15;10008;15;9995.0;0.0
49;42900;INTARIAN_PEPPER_ROOT;62040;10;62038;11;;;62052;23;62054;10;;;62046.0;0.0
49;43000;ASH_COATED_OSMIUM;9987;12;9984;14;;;10003;10;10006;22;;;9995.5;0.0
49;43000;INTARIAN_PEPPER_ROOT;62034;11;62032;9;62029;8;62048;8;62049;21;62052;11;62041.5;0.0
49;43100;ASH_COATED_OSMIUM;9990;14;9988;14;9987;15;10006;13;10009;11;10010;12;9998.5;0.0
49;43100;INTARIAN_PEPPER_ROOT;62031;8;62028;23;;;62046;10;62049;18;;;62038.5;0.0
49;43200;ASH_COATED_OSMIUM;9990;27;9989;13;;;10009;11;10010;22;;;10000.0;0.0
49;43200;INTARIAN_PEPPER_ROOT;62035;23;62033;10;;;62047;17;62048;10;;;62041.0;0.0
49;43300;ASH_COATED_OSMIUM;9991;13;9989;11;;;10007;10;10010;10;;;9999.5;0.0
49;43300;INTARIAN_PEPPER_ROOT;62034;15;62033;9;;;62048;12;62050;11;;;62041.5;0.0
49;43400;ASH_COATED_OSMIUM;9992;15;9989;29;;;10008;11;10011;12;;;10000.5;0.0
49;43400;INTARIAN_PEPPER_ROOT;62033;12;;;;;62045;11;;;;;62039.5;0.0
49;43500;ASH_COATED_OSMIUM;9988;11;9987;14;;;10006;15;10007;14;;;9997.0;0.0
49;43500;INTARIAN_PEPPER_ROOT;62036;12;62033;12;;;62053;8;62055;20;;;62045.0;0.0
49;43600;ASH_COATED_OSMIUM;9984;12;;;;;10002;13;;;;;9993.5;0.0
49;43600;INTARIAN_PEPPER_ROOT;62032;10;62030;9;;;62048;12;62050;10;;;62040.5;0.0
49;43700;ASH_COATED_OSMIUM;9993;10;9992;15;;;10004;15;10007;15;;;9998.5;0.0
49;43700;INTARIAN_PEPPER_ROOT;62036;20;62035;12;;;62049;10;62051;11;;;62042.5;0.0
49;43800;ASH_COATED_OSMIUM;9994;15;9992;21;9991;25;10010;13;10013;10;10015;24;10002.5;0.0
49;43800;INTARIAN_PEPPER_ROOT;62037;10;62035;10;62034;11;62049;12;62051;8;62054;9;62043.5;0.0
49;43900;ASH_COATED_OSMIUM;9994;30;;;;;10010;28;;;;;10002.0;0.0
49;43900;INTARIAN_PEPPER_ROOT;62042;9;62039;10;62038;21;62054;9;62055;12;62057;11;62048.0;0.0
49;44000;ASH_COATED_OSMIUM;9995;11;9992;26;;;10008;11;10009;11;;;10002.0;0.0
49;44000;INTARIAN_PEPPER_ROOT;62038;18;;;;;62051;12;;;;;62045.0;0.0
49;44100;ASH_COATED_OSMIUM;9987;13;9986;12;9983;29;10005;13;10006;12;10007;10;9996.0;0.0
49;44100;INTARIAN_PEPPER_ROOT;62038;10;62037;12;;;62050;8;62053;8;;;62044.5;0.0
49;44200;ASH_COATED_OSMIUM;9987;11;9985;15;;;10000;11;10002;10;;;9994.0;0.0
49;44200;INTARIAN_PEPPER_ROOT;62044;12;62042;11;;;62055;12;62057;11;;;62049.5;0.0
49;44300;ASH_COATED_OSMIUM;9995;14;;;;;10001;12;;;;;9998.0;0.0
49;44300;INTARIAN_PEPPER_ROOT;62034;11;62031;8;;;62045;15;62047;10;;;62040.0;0.0
49;44400;ASH_COATED_OSMIUM;9990;15;9989;20;;;10006;11;10007;10;;;9998.0;0.0
49;44400;INTARIAN_PEPPER_ROOT;62040;9;62038;12;;;62055;8;62058;10;;;62047.5;0.0
49;44500;ASH_COATED_OSMIUM;9988;11;9987;14;;;10004;13;10007;20;;;9996.0;0.0
49;44500;INTARIAN_PEPPER_ROOT;62038;12;;;;;62052;11;;;;;62045.0;0.0
49;44600;ASH_COATED_OSMIUM;9997;10;9995;2;9993;10;10004;15;10005;13;10008;12;10001.0;0.0
49;44600;INTARIAN_PEPPER_ROOT;62039;12;62036;22;62033;11;62053;11;62055;11;62056;10;62046.0;0.0
49;44700;ASH_COATED_OSMIUM;9992;12;;;;;10010;24;;;;;10001.5;0.0
49;44700;INTARIAN_PEPPER_ROOT;62041;8;62039;11;;;62054;9;62057;17;;;62047.5;0.0
49;44800;ASH_COATED_OSMIUM;9992;14;;;;;10008;11;;;;;10000.0;0.0
49;44800;INTARIAN_PEPPER_ROOT;62040;8;;;;;62053;16;;;;;62047.0;0.0
49;44900;ASH_COATED_OSMIUM;9992;22;;;;;10008;12;;;;;10000.0;0.0
49;44900;INTARIAN_PEPPER_ROOT;62039;9;62038;11;;;62059;8;62061;11;;;62049.5;0.0
49;45000;ASH_COATED_OSMIUM;9994;12;9993;11;9992;26;10015;27;10017;12;10018;11;10004.5;0.0
49;45000;INTARIAN_PEPPER_ROOT;62040;11;62038;11;;;62051;9;62052;12;;;62046.0;0.0
49;45100;ASH_COATED_OSMIUM;9996;13;9995;15;;;10012;30;10014;13;;;10004.5;0.0
49;45100;INTARIAN_PEPPER_ROOT;62036;9;62033;11;;;62049;21;62050;9;;;62043.0;0.0
49;45200;ASH_COATED_OSMIUM;10002;11;10000;12;9998;13;10018;10;10020;23;10023;13;10010.0;0.0
49;45200;INTARIAN_PEPPER_ROOT;62036;19;62035;23;;;62047;11;62048;20;;;62041.5;0.0
49;45300;ASH_COATED_OSMIUM;10006;20;10004;13;;;10022;10;10023;10;;;10014.5;0.0
49;45300;INTARIAN_PEPPER_ROOT;62037;8;;;;;62053;8;;;;;62045.0;0.0
49;45400;ASH_COATED_OSMIUM;10004;13;;;;;10013;13;;;;;10008.5;0.0
49;45400;INTARIAN_PEPPER_ROOT;62039;8;;;;;62055;25;;;;;62047.0;0.0
49;45500;ASH_COATED_OSMIUM;9994;15;9993;12;9991;25;10013;30;10014;15;10015;11;10004.0;0.0
49;45500;INTARIAN_PEPPER_ROOT;62041;8;;;;;62055;11;;;;;62048.0;0.0
49;45600;ASH_COATED_OSMIUM;10001;13;9998;15;;;10017;14;10019;22;;;10009.0;0.0
49;45600;INTARIAN_PEPPER_ROOT;62041;10;62038;9;62036;11;62055;9;62057;12;62058;10;62048.5;0.0
49;45700;ASH_COATED_OSMIUM;9997;15;9996;10;9993;11;10016;15;10019;14;10022;10;10007.0;0.0
49;45700;INTARIAN_PEPPER_ROOT;62039;11;62036;11;;;62055;11;62057;11;;;62047.5;0.0
49;45800;ASH_COATED_OSMIUM;9999;22;;;;;10015;12;;;;;10007.0;0.0
49;45800;INTARIAN_PEPPER_ROOT;62041;10;62040;8;;;62053;12;62056;12;;;62047.0;0.0
49;45900;ASH_COATED_OSMIUM;9993;13;9991;15;9989;10;10009;11;10012;14;10013;15;10001.5;0.0
49;45900;INTARIAN_PEPPER_ROOT;62040;12;62037;10;62035;10;62053;12;62056;8;62057;9;62047.0;0.0
49;46000;ASH_COATED_OSMIUM;10002;26;10001;10;;;10018;14;10019;25;;;10010.0;0.0
49;46000;INTARIAN_PEPPER_ROOT;62040;8;62039;23;62036;16;62053;9;62054;10;62056;10;62046.5;0.0
49;46100;ASH_COATED_OSMIUM;9996;12;9995;28;;;10012;10;10013;11;;;10004.0;0.0
49;46100;INTARIAN_PEPPER_ROOT;62043;8;62041;9;;;62054;8;62057;10;;;62049.0;0.0
49;46200;ASH_COATED_OSMIUM;10000;13;;;;;10016;29;;;;;10008.0;0.0
49;46200;INTARIAN_PEPPER_ROOT;62042;9;62041;8;;;62053;12;62054;10;;;62048.0;0.0
49;46300;ASH_COATED_OSMIUM;9989;5;;;;;10005;10;;;;;9997.5;0.0
49;46300;INTARIAN_PEPPER_ROOT;62039;10;62036;10;;;62053;9;62055;9;;;62046.0;0.0
49;46400;ASH_COATED_OSMIUM;9988;12;9986;13;9985;12;10004;15;10006;10;10008;20;9996.5;0.0
49;46400;INTARIAN_PEPPER_ROOT;62042;16;;;;;62054;11;;;;;62048.5;0.0
49;46500;ASH_COATED_OSMIUM;9992;13;;;;;10008;12;;;;;10000.0;0.0
49;46500;INTARIAN_PEPPER_ROOT;62034;11;62031;25;62030;10;62048;8;62050;9;62053;25;62041.5;0.0
49;46600;ASH_COATED_OSMIUM;9995;15;9992;12;;;10011;24;10013;10;;;10003.5;0.0
49;46600;INTARIAN_PEPPER_ROOT;62039;4;62036;3;62035;10;62050;11;62053;18;62054;12;62045.0;0.0
49;46700;ASH_COATED_OSMIUM;9988;12;;;;;10004;3;;;;;9996.0;0.0
49;46700;INTARIAN_PEPPER_ROOT;62039;8;62037;11;;;62051;4;62054;18;;;62045.0;0.0
49;46800;ASH_COATED_OSMIUM;9987;15;;;;;10003;15;;;;;9995.5;0.0
49;46800;INTARIAN_PEPPER_ROOT;62045;11;;;;;62058;25;;;;;62051.5;0.0
49;46900;ASH_COATED_OSMIUM;9994;14;;;;;10005;15;;;;;9999.5;0.0
49;46900;INTARIAN_PEPPER_ROOT;62042;12;62040;12;;;62053;22;62054;11;;;62047.5;0.0
49;47000;ASH_COATED_OSMIUM;9991;14;9990;13;;;10007;13;10008;14;;;9999.5;0.0
49;47000;INTARIAN_PEPPER_ROOT;62044;11;62041;10;;;62056;20;62057;24;;;62050.0;0.0
49;47100;ASH_COATED_OSMIUM;9988;12;9987;10;;;10007;11;10009;14;;;9998.0;0.0
49;47100;INTARIAN_PEPPER_ROOT;62043;11;62041;12;62039;12;62056;8;62059;9;62060;8;62050.0;0.0
49;47200;ASH_COATED_OSMIUM;9983;10;;;;;10002;11;;;;;9992.5;0.0
49;47200;INTARIAN_PEPPER_ROOT;62040;17;62039;17;;;62051;8;62052;8;;;62045.5;0.0
49;47300;ASH_COATED_OSMIUM;9984;15;;;;;10000;24;;;;;9992.5;0.0
49;47300;INTARIAN_PEPPER_ROOT;62040;11;;;;;62054;11;;;;;62047.0;0.0
49;47400;ASH_COATED_OSMIUM;9985;28;;;;;10001;30;;;;;9993.0;0.0
49;47400;INTARIAN_PEPPER_ROOT;62039;9;;;;;62053;18;;;;;62046.5;0.0
49;47500;ASH_COATED_OSMIUM;9991;11;9990;26;9988;14;10007;10;10008;14;10010;11;9999.5;0.0
49;47500;INTARIAN_PEPPER_ROOT;62042;11;62039;12;62036;11;62056;9;62059;10;62060;8;62049.0;0.0
49;47600;ASH_COATED_OSMIUM;9999;21;9998;12;;;10015;11;10018;13;;;10007.0;0.0
49;47600;INTARIAN_PEPPER_ROOT;62041;12;;;;;62055;9;;;;;62048.0;0.0
49;47700;ASH_COATED_OSMIUM;9997;13;;;;;10013;14;;;;;10005.0;0.0
49;47700;INTARIAN_PEPPER_ROOT;62043;8;62040;11;;;62056;23;62057;7;;;62050.0;0.0
49;47800;ASH_COATED_OSMIUM;9996;15;;;;;10012;10;;;;;10004.0;0.0
49;47800;INTARIAN_PEPPER_ROOT;62042;21;62041;9;;;62053;9;62056;11;;;62047.5;0.0
49;47900;ASH_COATED_OSMIUM;9989;13;9986;23;;;10005;26;10006;11;;;9997.0;0.0
49;47900;INTARIAN_PEPPER_ROOT;62039;12;62037;15;62035;11;62055;9;62056;12;62058;9;62047.5;0.0
49;48000;ASH_COATED_OSMIUM;9985;28;9983;30;;;10001;4;10004;12;;;9993.5;0.0
49;48000;INTARIAN_PEPPER_ROOT;62047;8;62045;9;62042;19;62060;10;62062;19;62063;12;62053.5;0.0
49;48100;ASH_COATED_OSMIUM;9990;10;9987;30;;;10006;12;10009;13;;;9998.5;0.0
49;48100;INTARIAN_PEPPER_ROOT;62042;8;62040;11;;;62056;10;62058;18;;;62049.5;0.0
49;48200;ASH_COATED_OSMIUM;9990;30;;;;;10006;12;;;;;9998.0;0.0
49;48200;INTARIAN_PEPPER_ROOT;62045;12;62042;9;62041;10;62056;8;62057;10;62059;22;62050.5;0.0
49;48300;ASH_COATED_OSMIUM;9992;25;;;;;10008;11;;;;;10000.5;0.0
49;48300;INTARIAN_PEPPER_ROOT;62037;9;62034;8;;;62054;12;62055;9;;;62046.0;0.0
49;48400;ASH_COATED_OSMIUM;9998;25;9997;14;9995;14;10014;11;10017;11;10018;12;10006.5;0.0
49;48400;INTARIAN_PEPPER_ROOT;62041;22;;;;;62053;10;;;;;62047.0;0.0
49;48500;ASH_COATED_OSMIUM;9999;14;9997;11;9996;24;10015;15;10018;22;10019;11;10007.5;0.0
49;48500;INTARIAN_PEPPER_ROOT;62042;10;62039;9;62038;8;62053;10;62054;11;62056;12;62047.5;0.0
49;48600;ASH_COATED_OSMIUM;9996;25;9994;15;;;10012;12;10014;13;;;10004.5;0.0
49;48600;INTARIAN_PEPPER_ROOT;62043;9;62040;9;;;62054;9;62055;3;;;62049.0;0.0
49;48700;ASH_COATED_OSMIUM;9993;11;9991;12;;;10009;30;10010;20;;;10001.5;0.0
49;48700;INTARIAN_PEPPER_ROOT;62043;9;62040;8;62038;12;62055;19;62058;9;62061;10;62049.0;0.0
49;48800;ASH_COATED_OSMIUM;9989;15;9987;20;;;10008;10;10011;10;;;9999.0;0.0
49;48800;INTARIAN_PEPPER_ROOT;62038;12;62037;11;62036;9;62055;8;62056;11;62059;11;62046.5;0.0
49;48900;ASH_COATED_OSMIUM;9987;12;9985;13;9982;10;10003;12;10005;14;10008;13;9995.5;0.0
49;48900;INTARIAN_PEPPER_ROOT;62041;10;62040;11;62037;10;62053;12;62054;19;62057;8;62047.0;0.0
49;49000;ASH_COATED_OSMIUM;9990;11;9987;23;9985;12;9999;10;10001;10;10004;12;9994.5;0.0
49;49000;INTARIAN_PEPPER_ROOT;62036;24;62034;9;62032;20;62056;11;62059;8;62061;8;62046.0;0.0
49;49100;ASH_COATED_OSMIUM;9983;13;9982;11;9980;10;9999;10;10000;8;10001;15;9991.5;0.0
49;49100;INTARIAN_PEPPER_ROOT;62039;11;62038;12;;;62056;8;62058;10;;;62048.0;0.0
49;49200;ASH_COATED_OSMIUM;9985;13;9982;12;9979;13;10004;10;10006;14;10009;15;9994.5;0.0
49;49200;INTARIAN_PEPPER_ROOT;62036;11;;;;;62052;22;;;;;62044.0;0.0
49;49300;ASH_COATED_OSMIUM;9995;10;9992;30;;;10005;12;10008;15;;;10000.0;0.0
49;49300;INTARIAN_PEPPER_ROOT;62041;9;62039;12;62037;8;62057;9;62059;11;62061;12;62049.5;0.0
49;49400;ASH_COATED_OSMIUM;9987;15;9984;15;9981;10;10005;14;10006;11;10008;11;9996.0;0.0
49;49400;INTARIAN_PEPPER_ROOT;62043;12;62041;10;;;62054;10;62057;12;;;62048.5;0.0
49;49500;ASH_COATED_OSMIUM;9988;26;9987;11;9985;14;10004;23;10006;14;10007;10;9996.0;0.0
49;49500;INTARIAN_PEPPER_ROOT;62045;15;62044;10;;;62059;9;62061;8;;;62052.5;0.0
49;49600;ASH_COATED_OSMIUM;9991;29;9988;9;;;10001;10;10002;14;;;9996.5;0.0
49;49600;INTARIAN_PEPPER_ROOT;62043;22;;;;;62058;19;;;;;62050.5;0.0
49;49700;ASH_COATED_OSMIUM;9996;12;;;;;10015;27;;;;;10006.0;0.0
49;49700;INTARIAN_PEPPER_ROOT;62050;8;62047;9;;;62053;5;62056;8;;;62052.0;0.0
49;49800;ASH_COATED_OSMIUM;9999;11;;;;;10020;10;;;;;10009.5;0.0
49;49800;INTARIAN_PEPPER_ROOT;62047;11;62045;23;;;62049;8;62051;19;;;62048.5;0.0
49;49900;ASH_COATED_OSMIUM;9991;13;;;;;10007;14;;;;;9999.0;0.0
49;49900;INTARIAN_PEPPER_ROOT;62039;12;;;;;62056;24;;;;;62047.5;0.0
49;50000;ASH_COATED_OSMIUM;9995;11;9993;15;9990;14;10011;15;10012;20;10013;13;10003.5;0.0
49;50000;INTARIAN_PEPPER_ROOT;62045;8;;;;;62057;10;;;;;62051.5;0.0
49;50100;ASH_COATED_OSMIUM;9996;14;9993;14;;;10012;15;10015;15;;;10004.0;0.0
49;50100;INTARIAN_PEPPER_ROOT;62040;8;62038;18;;;62057;10;62058;11;;;62049.0;0.0
49;50200;ASH_COATED_OSMIUM;9992;12;9989;14;;;10010;12;10013;14;;;10001.5;0.0
49;50200;INTARIAN_PEPPER_ROOT;62039;9;62036;12;;;62053;12;62056;12;;;62046.0;0.0
49;50300;ASH_COATED_OSMIUM;9987;13;9985;5;;;10003;11;10004;12;;;9995.0;0.0
49;50300;INTARIAN_PEPPER_ROOT;62044;10;;;;;62056;11;;;;;62050.5;0.0
49;50400;ASH_COATED_OSMIUM;9990;13;;;;;10001;12;;;;;9996.0;0.0
49;50400;INTARIAN_PEPPER_ROOT;62042;10;;;;;62058;22;;;;;62050.5;0.0
49;50500;ASH_COATED_OSMIUM;9990;11;9987;13;;;10006;10;10007;11;;;9998.5;0.0
49;50500;INTARIAN_PEPPER_ROOT;62043;10;62041;8;62038;11;62057;8;62058;11;62060;8;62050.0;0.0
49;50600;ASH_COATED_OSMIUM;9996;10;9993;15;;;10014;14;10015;11;;;10005.5;0.0
49;50600;INTARIAN_PEPPER_ROOT;62043;10;62040;11;;;62055;10;62056;12;;;62049.0;0.0
49;50700;ASH_COATED_OSMIUM;9994;14;9993;15;;;10012;12;10013;10;;;10003.0;0.0
49;50700;INTARIAN_PEPPER_ROOT;62039;9;;;;;62056;11;;;;;62047.5;0.0
49;50800;ASH_COATED_OSMIUM;9990;13;9987;14;9985;11;10000;11;10001;10;10003;10;9995.0;0.0
49;50800;INTARIAN_PEPPER_ROOT;62041;10;62039;9;;;62057;9;62060;23;;;62049.0;0.0
49;50900;ASH_COATED_OSMIUM;9987;15;;;;;10003;26;;;;;9995.5;0.0
49;50900;INTARIAN_PEPPER_ROOT;62043;10;62040;18;62038;8;62060;21;62061;9;62062;8;62052.0;0.0
49;51000;ASH_COATED_OSMIUM;9993;28;9990;15;;;10009;14;10010;15;;;10001.0;0.0
49;51000;INTARIAN_PEPPER_ROOT;62046;12;;;;;62058;10;;;;;62052.0;0.0
49;51100;ASH_COATED_OSMIUM;9999;10;9997;26;;;10015;15;10017;15;;;10007.5;0.0
49;51100;INTARIAN_PEPPER_ROOT;62046;11;62044;8;;;62060;8;62061;8;;;62053.0;0.0
49;51200;ASH_COATED_OSMIUM;9997;10;;;;;10013;15;;;;;10005.0;0.0
49;51200;INTARIAN_PEPPER_ROOT;62045;19;62044;11;;;62062;9;62064;15;;;62054.0;0.0
49;51300;ASH_COATED_OSMIUM;9990;11;9989;13;9987;30;10006;13;10007;29;10009;10;9998.5;0.0
49;51300;INTARIAN_PEPPER_ROOT;62044;11;62043;11;;;62056;24;62057;11;;;62050.0;0.0
49;51400;ASH_COATED_OSMIUM;9993;27;;;;;10012;13;;;;;10002.5;0.0
49;51400;INTARIAN_PEPPER_ROOT;62045;9;62043;8;62041;24;62059;8;62061;10;62062;12;62052.0;0.0
49;51500;ASH_COATED_OSMIUM;9991;14;9990;14;;;10007;12;10009;10;;;9999.5;0.0
49;51500;INTARIAN_PEPPER_ROOT;62044;23;;;;;62058;22;;;;;62051.5;0.0
49;51600;ASH_COATED_OSMIUM;9989;15;;;;;10005;21;;;;;9997.5;0.0
49;51600;INTARIAN_PEPPER_ROOT;62041;9;62038;10;62035;10;62057;22;62058;25;62060;24;62049.5;0.0
49;51700;ASH_COATED_OSMIUM;9992;21;9990;23;9988;12;10008;10;10010;10;10012;4;10000.0;0.0
49;51700;INTARIAN_PEPPER_ROOT;62050;12;62047;11;;;62053;6;62054;10;;;62051.5;0.0
49;51800;ASH_COATED_OSMIUM;9995;11;9994;25;9993;12;10002;21;10004;10;10006;10;9998.5;0.0
49;51800;INTARIAN_PEPPER_ROOT;62041;10;62038;12;;;62059;23;62060;12;;;62050.5;0.0
49;51900;ASH_COATED_OSMIUM;9992;14;9991;14;9988;4;10008;11;10011;4;10013;20;10000.0;0.0
49;51900;INTARIAN_PEPPER_ROOT;62041;12;62040;12;;;62059;25;62062;12;;;62050.5;0.0
49;52000;ASH_COATED_OSMIUM;9996;12;;;;;10012;6;;;;;10004.5;0.0
49;52000;INTARIAN_PEPPER_ROOT;62044;25;;;;;62061;8;;;;;62052.5;0.0
49;52100;ASH_COATED_OSMIUM;9992;15;;;;;10011;10;;;;;10001.5;0.0
49;52100;INTARIAN_PEPPER_ROOT;62044;8;;;;;62057;11;;;;;62050.5;0.0
49;52200;ASH_COATED_OSMIUM;9997;14;9994;12;;;10013;10;10014;13;;;10005.5;0.0
49;52200;INTARIAN_PEPPER_ROOT;62049;9;62046;8;62045;22;62061;9;62064;11;62066;10;62055.0;0.0
49;52300;ASH_COATED_OSMIUM;9999;13;9998;11;;;10015;14;10017;15;;;10007.5;0.0
49;52300;INTARIAN_PEPPER_ROOT;62045;22;62043;10;;;62062;10;62064;6;;;62054.0;0.0
49;52400;ASH_COATED_OSMIUM;10001;24;;;;;10017;10;;;;;10009.0;0.0
49;52400;INTARIAN_PEPPER_ROOT;62051;9;62050;15;62049;9;62062;21;62065;8;62067;8;62056.5;0.0
49;52500;ASH_COATED_OSMIUM;9998;11;9997;15;;;10014;15;10015;13;;;10006.0;0.0
49;52500;INTARIAN_PEPPER_ROOT;62050;18;62049;9;62048;12;62061;11;62064;8;62065;12;62055.5;0.0
49;52600;ASH_COATED_OSMIUM;9994;14;9993;11;;;10010;12;10013;12;;;10002.0;0.0
49;52600;INTARIAN_PEPPER_ROOT;62044;19;;;;;62055;8;;;;;62049.5;0.0
49;52700;ASH_COATED_OSMIUM;9995;15;9992;12;;;10006;11;10009;11;;;10000.5;0.0
49;52700;INTARIAN_PEPPER_ROOT;62046;9;62045;9;62044;8;62057;12;62060;8;62063;11;62051.5;0.0
49;52800;ASH_COATED_OSMIUM;9986;4;9983;11;;;10005;14;10006;10;;;9996.0;0.0
49;52800;INTARIAN_PEPPER_ROOT;62043;12;62040;12;;;62063;12;62065;9;;;62053.5;0.0
49;52900;ASH_COATED_OSMIUM;9983;11;9982;14;;;10002;14;10005;11;;;9992.5;0.0
49;52900;INTARIAN_PEPPER_ROOT;62044;11;62043;12;62041;10;62058;10;62060;9;62062;12;62051.5;0.0
49;53000;ASH_COATED_OSMIUM;9987;24;9986;15;;;10003;10;10005;13;;;9995.0;0.0
49;53000;INTARIAN_PEPPER_ROOT;62046;9;;;;;62066;9;;;;;62056.5;0.0
49;53100;ASH_COATED_OSMIUM;9986;21;9985;11;;;10004;13;10007;14;;;9995.5;0.0
49;53100;INTARIAN_PEPPER_ROOT;62048;22;;;;;62060;9;;;;;62054.5;0.0
49;53200;ASH_COATED_OSMIUM;9986;12;9983;20;;;10004;15;10007;13;;;9995.0;0.0
49;53200;INTARIAN_PEPPER_ROOT;62047;10;62045;12;62044;11;62060;12;62062;9;62065;10;62053.5;0.0
49;53300;ASH_COATED_OSMIUM;9996;23;;;;;10012;3;;;;;10004.5;0.0
49;53300;INTARIAN_PEPPER_ROOT;62045;12;62042;9;62039;9;62057;9;62060;8;62062;11;62051.5;0.0
49;53400;ASH_COATED_OSMIUM;10000;15;9998;13;;;10016;14;10018;13;;;10008.0;0.0
49;53400;INTARIAN_PEPPER_ROOT;62045;9;62042;9;;;62059;12;62062;12;;;62052.5;0.0
49;53500;ASH_COATED_OSMIUM;9991;15;9989;28;;;10010;13;10011;11;;;10000.5;0.0
49;53500;INTARIAN_PEPPER_ROOT;62047;18;62044;12;;;62064;9;62066;11;;;62055.5;0.0
49;53600;ASH_COATED_OSMIUM;9997;27;9994;14;9992;12;10013;13;10015;10;10017;14;10005.5;0.0
49;53600;INTARIAN_PEPPER_ROOT;62047;12;;;;;62059;8;;;;;62053.5;0.0
49;53700;ASH_COATED_OSMIUM;9994;10;9992;13;;;10012;12;10015;14;;;10003.0;0.0
49;53700;INTARIAN_PEPPER_ROOT;62044;12;62042;12;;;62056;9;62057;21;;;62050.5;0.0
49;53800;ASH_COATED_OSMIUM;9993;15;9990;15;;;10009;12;10012;15;;;10001.0;0.0
49;53800;INTARIAN_PEPPER_ROOT;62050;12;;;;;62063;24;;;;;62056.5;0.0
49;53900;ASH_COATED_OSMIUM;9993;15;9992;14;;;10009;10;10010;10;;;10001.5;0.0
49;53900;INTARIAN_PEPPER_ROOT;62048;12;62045;10;62043;12;62059;9;62062;8;62064;8;62053.5;0.0
49;54000;ASH_COATED_OSMIUM;9990;12;9989;13;9987;13;10006;10;10007;24;10008;13;9998.5;0.0
49;54000;INTARIAN_PEPPER_ROOT;62050;11;62049;8;;;62063;12;62064;9;;;62056.5;0.0
49;54100;ASH_COATED_OSMIUM;9992;12;9991;26;;;10008;12;10011;10;;;10000.0;0.0
49;54100;INTARIAN_PEPPER_ROOT;62045;9;;;;;62062;8;;;;;62054.0;0.0
49;54200;ASH_COATED_OSMIUM;9992;14;9991;15;;;10008;14;10010;11;;;10000.0;0.0
49;54200;INTARIAN_PEPPER_ROOT;62049;10;62047;22;62046;10;62063;12;62066;8;62068;17;62056.0;0.0
49;54300;ASH_COATED_OSMIUM;9988;12;9986;15;;;10004;13;10005;14;;;9996.5;0.0
49;54300;INTARIAN_PEPPER_ROOT;62049;11;;;;;62063;12;;;;;62056.5;0.0
49;54400;ASH_COATED_OSMIUM;9987;10;9985;10;9983;10;10003;11;10005;13;10006;15;9995.5;0.0
49;54400;INTARIAN_PEPPER_ROOT;62047;9;62044;25;62043;15;62059;12;62060;8;62061;11;62053.5;0.0
49;54500;ASH_COATED_OSMIUM;9985;10;9983;10;;;10001;12;10002;14;;;9993.5;0.0
49;54500;INTARIAN_PEPPER_ROOT;62048;15;62045;10;;;62060;10;62061;15;;;62054.0;0.0
49;54600;ASH_COATED_OSMIUM;9992;15;9989;14;9988;12;10010;12;10012;13;10014;29;10001.0;0.0
49;54600;INTARIAN_PEPPER_ROOT;62044;10;;;;;62060;19;;;;;62052.0;0.0
49;54700;ASH_COATED_OSMIUM;9994;14;9991;12;9989;21;10010;14;10011;11;10013;12;10002.0;0.0
49;54700;INTARIAN_PEPPER_ROOT;62051;8;;;;;62062;9;;;;;62056.5;0.0
49;54800;ASH_COATED_OSMIUM;9995;13;9993;13;9992;12;10011;11;10012;11;10014;12;10003.5;0.0
49;54800;INTARIAN_PEPPER_ROOT;62048;11;62046;11;;;62061;12;62063;10;;;62054.5;0.0
49;54900;ASH_COATED_OSMIUM;9997;15;9996;15;;;10007;21;10008;30;;;10002.5;0.0
49;54900;INTARIAN_PEPPER_ROOT;62049;17;62047;12;62046;24;62062;12;62065;10;62066;12;62055.5;0.0
49;55000;ASH_COATED_OSMIUM;9993;14;;;;;10011;11;;;;;10002.5;0.0
49;55000;INTARIAN_PEPPER_ROOT;62049;11;62047;11;;;62062;8;62063;10;;;62056.0;0.0
49;55100;ASH_COATED_OSMIUM;9989;10;;;;;10007;13;;;;;9998.0;0.0
49;55100;INTARIAN_PEPPER_ROOT;62050;10;62047;11;;;62066;11;62067;8;;;62058.5;0.0
49;55200;ASH_COATED_OSMIUM;9987;13;9984;15;;;10003;15;10006;14;;;9995.0;0.0
49;55200;INTARIAN_PEPPER_ROOT;62050;12;;;;;62062;12;;;;;62056.0;0.0
49;55300;ASH_COATED_OSMIUM;9982;13;9981;10;9979;10;9998;13;9999;28;10000;11;9990.5;0.0
49;55300;INTARIAN_PEPPER_ROOT;62047;11;62045;21;;;62059;11;62060;12;;;62053.0;0.0
49;55400;ASH_COATED_OSMIUM;9987;14;9985;23;;;10003;13;10004;12;;;9995.5;0.0
49;55400;INTARIAN_PEPPER_ROOT;62049;11;62046;11;62043;10;62062;8;62063;8;62066;10;62055.5;0.0
49;55500;ASH_COATED_OSMIUM;9990;12;;;;;10009;13;;;;;9999.5;0.0
49;55500;INTARIAN_PEPPER_ROOT;62054;12;62051;23;62049;8;62060;20;62063;12;62064;12;62057.0;0.0
49;55600;ASH_COATED_OSMIUM;9989;14;9988;12;9986;14;10008;11;10011;11;10014;12;9998.5;0.0
49;55600;INTARIAN_PEPPER_ROOT;62048;10;62045;11;;;62064;11;62066;12;;;62056.5;0.0
49;55700;ASH_COATED_OSMIUM;9985;10;9983;26;9980;25;10003;12;10005;4;10006;11;9994.5;0.0
49;55700;INTARIAN_PEPPER_ROOT;62049;18;62048;8;62046;10;62064;9;62065;8;62067;8;62056.5;0.0
49;55800;ASH_COATED_OSMIUM;9990;12;9988;11;;;10006;15;10008;15;;;9998.5;0.0
49;55800;INTARIAN_PEPPER_ROOT;62050;12;62047;10;;;62062;10;62064;11;;;62056.0;0.0
49;55900;ASH_COATED_OSMIUM;9992;30;9990;11;;;10001;10;10002;10;;;9997.0;0.0
49;55900;INTARIAN_PEPPER_ROOT;62052;11;62050;10;;;62063;8;62065;9;;;62057.5;0.0
49;56000;ASH_COATED_OSMIUM;9986;15;9984;12;9983;13;10004;20;10005;2;10008;10;9995.0;0.0
49;56000;INTARIAN_PEPPER_ROOT;62047;9;62046;20;;;62064;21;62065;12;;;62055.5;0.0
49;56100;ASH_COATED_OSMIUM;9984;13;9982;15;9979;14;10000;12;10001;11;10003;21;9992.5;0.0
49;56100;INTARIAN_PEPPER_ROOT;62052;8;62049;9;;;62065;22;62066;9;;;62059.0;0.0
49;56200;ASH_COATED_OSMIUM;9990;11;;;;;10006;13;;;;;9998.0;0.0
49;56200;INTARIAN_PEPPER_ROOT;62053;12;62052;11;;;62064;9;62066;5;;;62058.5;0.0
49;56300;ASH_COATED_OSMIUM;9989;15;9987;14;;;10005;12;10008;10;;;9997.5;0.0
49;56300;INTARIAN_PEPPER_ROOT;62054;11;62051;23;;;62056;8;62057;12;;;62055.5;0.0
49;56400;ASH_COATED_OSMIUM;9996;13;9993;14;9990;29;10006;11;10008;13;10011;12;10001.0;0.0
49;56400;INTARIAN_PEPPER_ROOT;62049;8;;;;;62061;10;;;;;62055.0;0.0
49;56500;ASH_COATED_OSMIUM;9993;26;9990;8;;;10008;10;10010;13;;;10001.0;0.0
49;56500;INTARIAN_PEPPER_ROOT;62052;12;62049;9;62046;9;62063;8;62065;12;62067;19;62058.0;0.0
49;56600;ASH_COATED_OSMIUM;9989;26;;;;;10005;11;;;;;9997.5;0.0
49;56600;INTARIAN_PEPPER_ROOT;62049;12;62046;10;62044;9;62063;25;62065;12;62067;10;62056.0;0.0
49;56700;ASH_COATED_OSMIUM;9989;13;;;;;9996;15;;;;;9992.5;0.0
49;56700;INTARIAN_PEPPER_ROOT;62054;9;62052;12;62049;21;62066;8;62067;11;62070;10;62060.5;0.0
49;56800;ASH_COATED_OSMIUM;9984;15;9982;10;;;10000;14;10001;10;;;9992.5;0.0
49;56800;INTARIAN_PEPPER_ROOT;62050;22;62047;11;;;62067;12;62068;15;;;62058.5;0.0
49;56900;ASH_COATED_OSMIUM;9984;15;9983;13;;;10000;29;10002;10;;;9992.5;0.0
49;56900;INTARIAN_PEPPER_ROOT;62055;16;62054;8;;;62059;12;62061;9;;;62057.0;0.0
49;57000;ASH_COATED_OSMIUM;9987;11;9986;14;;;10003;10;10004;15;;;9995.5;0.0
49;57000;INTARIAN_PEPPER_ROOT;62048;12;62047;12;;;62063;10;62066;16;;;62055.5;0.0
49;57100;ASH_COATED_OSMIUM;9986;22;9983;13;9982;27;10002;27;10004;15;10006;4;9994.5;0.0
49;57100;INTARIAN_PEPPER_ROOT;62050;10;62048;20;;;62065;8;62066;12;;;62058.0;0.0
49;57200;ASH_COATED_OSMIUM;9989;20;9987;12;9986;13;10007;15;10010;10;10013;12;9998.5;0.0
49;57200;INTARIAN_PEPPER_ROOT;62048;22;62046;12;;;62063;11;62065;8;;;62056.0;0.0
49;57300;ASH_COATED_OSMIUM;9992;3;;;;;10008;10;;;;;10000.0;0.0
49;57300;INTARIAN_PEPPER_ROOT;62053;8;;;;;62066;12;;;;;62059.5;0.0
49;57400;ASH_COATED_OSMIUM;10002;11;;;;;10007;12;;;;;10005.0;0.0
49;57400;INTARIAN_PEPPER_ROOT;62051;17;62050;12;62048;10;62067;20;62069;23;62070;12;62059.5;0.0
49;57500;ASH_COATED_OSMIUM;9999;26;9996;14;9995;29;10007;12;10010;13;10012;22;10003.0;0.0
49;57500;INTARIAN_PEPPER_ROOT;62047;18;62046;11;;;62059;11;62060;9;;;62053.5;0.0
49;57600;ASH_COATED_OSMIUM;9988;14;9985;12;;;10004;11;10007;11;;;9996.0;0.0
49;57600;INTARIAN_PEPPER_ROOT;62051;11;62048;11;62046;12;62064;9;62065;8;62066;10;62057.5;0.0
49;57700;ASH_COATED_OSMIUM;9989;15;;;;;10005;10;;;;;9997.5;0.0
49;57700;INTARIAN_PEPPER_ROOT;62052;9;62050;22;;;62066;8;62068;22;;;62059.0;0.0
49;57800;ASH_COATED_OSMIUM;9987;13;9986;15;9985;4;10003;11;10005;2;10008;12;9995.0;0.0
49;57800;INTARIAN_PEPPER_ROOT;62055;8;62053;8;;;62066;12;62067;9;;;62060.5;0.0
49;57900;ASH_COATED_OSMIUM;9987;12;9986;10;9983;12;10003;15;10006;22;10008;12;9995.5;0.0
49;57900;INTARIAN_PEPPER_ROOT;62052;11;62049;12;;;62064;8;62066;8;;;62058.0;0.0
49;58000;ASH_COATED_OSMIUM;9980;21;9977;12;9974;21;9998;13;10001;14;10004;12;9989.5;0.0
49;58000;INTARIAN_PEPPER_ROOT;62053;10;62050;10;62048;10;62067;10;62068;8;62070;11;62060.5;0.0
49;58100;ASH_COATED_OSMIUM;9983;30;9980;15;;;9999;4;10001;13;;;9991.5;0.0
49;58100;INTARIAN_PEPPER_ROOT;62056;12;62055;12;62052;10;62069;10;62072;10;62074;9;62063.0;0.0
49;58200;ASH_COATED_OSMIUM;9984;13;9983;11;9981;4;10000;28;10001;22;10003;15;9992.5;0.0
49;58200;INTARIAN_PEPPER_ROOT;62051;12;62048;11;62045;9;62066;8;62067;11;62070;17;62058.5;0.0
49;58300;ASH_COATED_OSMIUM;9986;15;;;;;10002;14;;;;;9994.0;0.0
49;58300;INTARIAN_PEPPER_ROOT;62052;11;62051;12;;;62066;11;62067;11;;;62059.0;0.0
49;58400;ASH_COATED_OSMIUM;9978;14;;;;;9994;10;;;;;9986.5;0.0
49;58400;INTARIAN_PEPPER_ROOT;62050;9;;;;;62062;25;;;;;62056.5;0.0
49;58500;ASH_COATED_OSMIUM;9978;11;;;;;9997;11;;;;;9988.0;0.0
49;58500;INTARIAN_PEPPER_ROOT;62048;8;62045;15;62044;10;62064;9;62065;10;62066;12;62056.5;0.0
49;58600;ASH_COATED_OSMIUM;9979;14;9977;10;;;9995;13;9998;23;;;9987.0;0.0
49;58600;INTARIAN_PEPPER_ROOT;62054;16;62053;9;;;62071;15;62072;12;;;62062.5;0.0
49;58700;ASH_COATED_OSMIUM;9981;14;9980;11;;;9997;13;10000;14;;;9989.0;0.0
49;58700;INTARIAN_PEPPER_ROOT;62053;10;62051;9;62050;8;62064;9;62066;9;62069;9;62059.0;0.0
49;58800;ASH_COATED_OSMIUM;9979;10;9977;25;9976;13;9995;21;9996;13;9998;4;9987.0;0.0
49;58800;INTARIAN_PEPPER_ROOT;62055;12;62053;9;62051;10;62067;9;62070;17;62071;8;62061.0;0.0
49;58900;ASH_COATED_OSMIUM;9981;14;9978;12;;;9997;22;10000;10;;;9989.0;0.0
49;58900;INTARIAN_PEPPER_ROOT;62050;10;62049;11;62046;9;62063;12;62066;11;62068;12;62057.0;0.0
49;59000;ASH_COATED_OSMIUM;9984;13;9982;30;;;10000;15;10003;30;;;9992.5;0.0
49;59000;INTARIAN_PEPPER_ROOT;62052;7;62050;12;62049;22;62063;12;62066;10;62067;21;62057.5;0.0
49;59100;ASH_COATED_OSMIUM;9987;13;9984;15;9981;13;10008;13;10009;13;10012;12;9997.5;0.0
49;59100;INTARIAN_PEPPER_ROOT;62050;9;;;;;62063;12;;;;;62056.5;0.0
49;59200;ASH_COATED_OSMIUM;9986;23;9985;13;9983;14;10004;14;10006;11;10007;11;9995.0;0.0
49;59200;INTARIAN_PEPPER_ROOT;62053;12;62050;22;62049;11;62067;11;62069;10;62071;11;62060.0;0.0
49;59300;ASH_COATED_OSMIUM;9989;12;;;;;10007;12;;;;;9998.0;0.0
49;59300;INTARIAN_PEPPER_ROOT;62058;8;62055;20;;;62069;19;62071;9;;;62063.5;0.0
49;59400;ASH_COATED_OSMIUM;9992;20;;;;;10008;15;;;;;10000.0;0.0
49;59400;INTARIAN_PEPPER_ROOT;62053;8;62050;16;;;62066;19;62068;11;;;62060.0;0.0
49;59500;ASH_COATED_OSMIUM;9991;13;;;;;10007;14;;;;;9999.0;0.0
49;59500;INTARIAN_PEPPER_ROOT;62055;12;;;;;62068;9;;;;;62061.5;0.0
49;59600;ASH_COATED_OSMIUM;9997;10;9995;15;;;10015;15;10016;12;;;10006.5;0.0
49;59600;INTARIAN_PEPPER_ROOT;62054;12;62051;12;62049;8;62069;8;62072;10;62073;9;62062.0;0.0
49;59700;ASH_COATED_OSMIUM;9998;14;;;;;10016;12;;;;;10007.5;0.0
49;59700;INTARIAN_PEPPER_ROOT;62051;12;62049;19;;;62064;12;62065;9;;;62058.0;0.0
49;59800;ASH_COATED_OSMIUM;9996;21;9995;15;;;10012;15;10013;12;;;10004.5;0.0
49;59800;INTARIAN_PEPPER_ROOT;62056;16;62053;10;62051;22;62069;8;62072;12;62073;11;62062.5;0.0
49;59900;ASH_COATED_OSMIUM;10001;12;9999;13;9997;13;10010;15;10013;10;10016;4;10006.0;0.0
49;59900;INTARIAN_PEPPER_ROOT;62057;11;62054;10;62051;8;62070;8;62073;11;62075;9;62063.5;0.0
49;60000;ASH_COATED_OSMIUM;9999;24;9998;12;9996;14;10015;13;10016;13;10018;10;10007.5;0.0
49;60000;INTARIAN_PEPPER_ROOT;62051;10;;;;;62065;10;;;;;62058.0;0.0
49;60100;ASH_COATED_OSMIUM;9993;10;9990;13;;;10014;13;10015;11;;;10004.0;0.0
49;60100;INTARIAN_PEPPER_ROOT;62051;12;62048;9;;;62064;12;62067;9;;;62057.5;0.0
49;60200;ASH_COATED_OSMIUM;9991;14;9989;11;;;10007;12;10008;14;;;9999.5;0.0
49;60200;INTARIAN_PEPPER_ROOT;62055;9;62053;10;62052;15;62068;9;62069;9;62070;10;62061.5;0.0
49;60300;ASH_COATED_OSMIUM;9986;12;9983;21;;;10005;25;10006;11;;;9996.0;0.0
49;60300;INTARIAN_PEPPER_ROOT;62052;11;;;;;62069;24;;;;;62061.0;0.0
49;60400;ASH_COATED_OSMIUM;9988;11;9987;15;;;10004;11;10007;14;;;9996.0;0.0
49;60400;INTARIAN_PEPPER_ROOT;62054;25;;;;;62066;8;;;;;62060.0;0.0
49;60500;ASH_COATED_OSMIUM;9989;11;;;;;10008;10;;;;;9999.0;0.0
49;60500;INTARIAN_PEPPER_ROOT;62052;8;;;;;62067;12;;;;;62060.0;0.0
49;60600;ASH_COATED_OSMIUM;9994;14;9993;28;9991;14;10010;11;10012;15;10015;13;10002.0;0.0
49;60600;INTARIAN_PEPPER_ROOT;62052;9;;;;;62069;10;;;;;62061.0;0.0
49;60700;ASH_COATED_OSMIUM;9992;13;9989;10;9987;12;10008;13;10010;21;10012;10;10000.5;0.0
49;60700;INTARIAN_PEPPER_ROOT;62056;11;62055;9;;;62069;11;62070;18;;;62063.0;0.0
49;60800;ASH_COATED_OSMIUM;9991;10;9989;15;;;10007;12;10009;15;;;9999.5;0.0
49;60800;INTARIAN_PEPPER_ROOT;62059;11;;;;;62071;12;;;;;62065.0;0.0
49;60900;ASH_COATED_OSMIUM;9992;15;9989;12;;;10008;11;10011;13;;;10000.5;0.0
49;60900;INTARIAN_PEPPER_ROOT;62055;8;62052;12;;;62069;8;62072;9;;;62062.5;0.0
49;61000;ASH_COATED_OSMIUM;9993;15;9991;14;;;10009;11;10011;15;;;10001.5;0.0
49;61000;INTARIAN_PEPPER_ROOT;62054;8;62053;20;;;62070;12;62072;12;;;62062.5;0.0
49;61100;ASH_COATED_OSMIUM;9995;12;9992;15;;;10011;15;10012;14;;;10003.5;0.0
49;61100;INTARIAN_PEPPER_ROOT;62053;12;;;;;62067;11;;;;;62060.5;0.0
49;61200;ASH_COATED_OSMIUM;9995;10;9992;12;;;10011;10;10012;10;;;10003.5;0.0
49;61200;INTARIAN_PEPPER_ROOT;62053;10;62052;8;62051;11;62066;8;62067;10;62068;11;62059.5;0.0
49;61300;ASH_COATED_OSMIUM;9994;15;;;;;10012;14;;;;;10003.5;0.0
49;61300;INTARIAN_PEPPER_ROOT;62054;11;;;;;62066;11;;;;;62060.5;0.0
49;61400;ASH_COATED_OSMIUM;9997;12;9995;10;;;10016;11;10017;15;;;10007.0;0.0
49;61400;INTARIAN_PEPPER_ROOT;62057;9;62055;8;62052;8;62071;8;62074;10;62076;10;62064.0;0.0
49;61500;ASH_COATED_OSMIUM;9995;30;9993;14;9991;10;10014;11;10015;13;10018;15;10005.0;0.0
49;61500;INTARIAN_PEPPER_ROOT;62058;17;62056;12;;;62070;8;62071;10;;;62064.0;0.0
49;61600;ASH_COATED_OSMIUM;9992;10;9991;14;;;10010;14;10011;14;;;10001.5;0.0
49;61600;INTARIAN_PEPPER_ROOT;62053;10;62050;11;62048;10;62065;9;62068;8;62069;11;62059.0;0.0
49;61700;ASH_COATED_OSMIUM;9999;15;9998;12;9995;12;10018;11;10019;14;10021;15;10008.5;0.0
49;61700;INTARIAN_PEPPER_ROOT;62059;19;62056;11;;;62072;8;62075;8;;;62065.5;0.0
49;61800;ASH_COATED_OSMIUM;9995;11;;;;;10011;15;;;;;10003.5;0.0
49;61800;INTARIAN_PEPPER_ROOT;62052;8;62051;9;;;62065;11;62068;20;;;62059.0;0.0
49;61900;ASH_COATED_OSMIUM;9990;22;9988;10;;;10006;3;10007;15;;;9998.5;0.0
49;61900;INTARIAN_PEPPER_ROOT;62058;8;62056;11;;;62076;9;62079;10;;;62067.0;0.0
49;62000;ASH_COATED_OSMIUM;9983;10;9981;10;9978;13;9999;13;10000;12;10003;14;9991.0;0.0
49;62000;INTARIAN_PEPPER_ROOT;62055;12;62053;11;;;62068;8;62071;10;;;62062.0;0.0
49;62100;ASH_COATED_OSMIUM;9984;15;9983;10;9980;12;10000;11;10001;12;10004;11;9992.0;0.0
49;62100;INTARIAN_PEPPER_ROOT;62060;11;62057;12;;;62072;12;62075;8;;;62066.0;0.0
49;62200;ASH_COATED_OSMIUM;9986;14;9984;10;9983;14;10002;10;10005;12;10008;15;9994.5;0.0
49;62200;INTARIAN_PEPPER_ROOT;62054;11;62053;10;;;62070;8;62072;12;;;62062.0;0.0
49;62300;ASH_COATED_OSMIUM;9985;26;;;;;10001;10;;;;;9993.5;0.0
49;62300;INTARIAN_PEPPER_ROOT;62055;12;;;;;62068;8;;;;;62062.0;0.0
49;62400;ASH_COATED_OSMIUM;9987;10;9985;10;;;10003;14;10004;12;;;9995.5;0.0
49;62400;INTARIAN_PEPPER_ROOT;62059;8;62057;8;;;62074;8;62076;9;;;62067.0;0.0
49;62500;ASH_COATED_OSMIUM;9984;14;9981;14;;;10000;11;10003;11;;;9992.0;0.0
49;62500;INTARIAN_PEPPER_ROOT;62054;11;62053;23;;;62068;9;62070;11;;;62061.5;0.0
49;62600;ASH_COATED_OSMIUM;9979;13;;;;;9998;15;;;;;9988.5;0.0
49;62600;INTARIAN_PEPPER_ROOT;62054;11;62052;21;62051;12;62068;12;62070;9;62073;11;62061.0;0.0
49;62700;ASH_COATED_OSMIUM;9982;12;9980;23;;;9998;12;10001;14;;;9990.0;0.0
49;62700;INTARIAN_PEPPER_ROOT;62053;11;;;;;62066;9;;;;;62060.0;0.0
49;62800;ASH_COATED_OSMIUM;9986;23;9985;11;9982;13;10002;25;10003;15;10005;12;9994.0;0.0
49;62800;INTARIAN_PEPPER_ROOT;62051;12;;;;;62067;9;;;;;62059.5;0.0
49;62900;ASH_COATED_OSMIUM;9989;10;9987;15;;;10007;15;10008;12;;;9998.5;0.0
49;62900;INTARIAN_PEPPER_ROOT;62052;12;62051;8;;;62067;9;62070;12;;;62060.0;0.0
49;63000;ASH_COATED_OSMIUM;9991;10;9990;14;9987;13;10007;10;10009;11;10012;25;9999.0;0.0
49;63000;INTARIAN_PEPPER_ROOT;62053;12;62050;9;;;62069;22;62072;10;;;62061.0;0.0
49;63100;ASH_COATED_OSMIUM;9991;12;;;;;10007;24;;;;;9999.0;0.0
49;63100;INTARIAN_PEPPER_ROOT;62057;8;62055;18;62054;9;62069;5;62072;11;62075;12;62063.5;0.0
49;63200;ASH_COATED_OSMIUM;9995;12;;;;;10011;22;;;;;10003.0;0.0
49;63200;INTARIAN_PEPPER_ROOT;62056;8;62055;10;62054;10;62070;11;62072;10;62074;10;62063.0;0.0
49;63300;ASH_COATED_OSMIUM;9997;13;9995;15;9994;14;10013;14;10016;13;10018;13;10005.0;0.0
49;63300;INTARIAN_PEPPER_ROOT;62058;9;62057;9;;;62070;8;62073;12;;;62064.0;0.0
49;63400;ASH_COATED_OSMIUM;9990;13;9987;13;9985;15;10006;12;10007;11;10009;11;9998.0;0.0
49;63400;INTARIAN_PEPPER_ROOT;62053;9;;;;;62065;9;;;;;62059.0;0.0
49;63500;ASH_COATED_OSMIUM;9989;15;9988;10;;;10005;11;10006;26;;;9997.5;0.0
49;63500;INTARIAN_PEPPER_ROOT;62060;11;62058;9;;;62072;9;62073;12;;;62066.0;0.0
