day;timestamp;product;bid_price_1;bid_volume_1;bid_price_2;bid_volume_2;bid_price_3;bid_volume_3;ask_price_1;ask_volume_1;ask_price_2;ask_volume_2;ask_price_3;ask_volume_3;mid_price;profit_and_loss
19;0;ASH_COATED_OSMIUM;9993;15;;;;;10003;12;;;;;9998.0;0.0
19;0;INTARIAN_PEPPER_ROOT;31992;12;31990;9;31989;12;32008;9;32009;11;32010;10;32000.5;0.0
19;100;ASH_COATED_OSMIUM;9990;12;;;;;10006;11;;;;;9998.0;0.0
19;100;INTARIAN_PEPPER_ROOT;31994;16;31993;11;;;32006;12;32007;16;;;32000.5;0.0
19;200;ASH_COATED_OSMIUM;9988;11;9985;14;;;10007;26;10009;11;;;9998.0;0.0
19;200;INTARIAN_PEPPER_ROOT;31993;12;31990;9;;;32007;9;32008;8;;;32000.5;0.0
19;300;ASH_COATED_OSMIUM;9995;14;;;;;10011;14;;;;;10003.0;0.0
19;300;INTARIAN_PEPPER_ROOT;31998;12;31996;10;31995;21;32011;10;32013;11;32016;16;32004.5;0.0
19;400;ASH_COATED_OSMIUM;9990;10;9988;10;9985;15;10006;11;10008;11;10011;10;9998.0;0.0
19;400;INTARIAN_PEPPER_ROOT;31997;10;;;;;32009;9;;;;;32003.0;0.0
19;500;ASH_COATED_OSMIUM;9991;5;9988;30;9987;13;10007;13;10009;13;10010;10;9999.0;0.0
19;500;INTARIAN_PEPPER_ROOT;31993;12;31991;11;31990;11;32005;16;32007;10;32010;12;31999.5;0.0
19;600;ASH_COATED_OSMIUM;9989;5;9987;13;;;10008;15;10009;13;;;9999.0;0.0
19;600;INTARIAN_PEPPER_ROOT;31995;9;31992;9;31990;11;32007;9;32010;22;32011;11;32001.0;0.0
19;700;ASH_COATED_OSMIUM;9996;30;9993;10;;;10012;14;10014;10;;;10004.0;0.0
19;700;INTARIAN_PEPPER_ROOT;31996;8;31995;12;;;32010;9;32013;8;;;32003.0;0.0
19;800;ASH_COATED_OSMIUM;9995;11;9994;10;9992;11;10011;29;10014;5;10015;11;10003.5;0.0
19;800;INTARIAN_PEPPER_ROOT;31995;10;31992;10;31989;9;32009;10;32011;8;32013;10;32002.5;0.0
19;900;ASH_COATED_OSMIUM;9995;12;;;;;10013;12;;;;;10004.0;0.0
19;900;INTARIAN_PEPPER_ROOT;31996;8;31995;12;;;32010;7;32013;11;;;32003.5;0.0
19;1000;ASH_COATED_OSMIUM;9996;11;9993;20;9992;12;10012;11;10015;10;10018;10;10004.0;0.0
19;1000;INTARIAN_PEPPER_ROOT;31995;11;;;;;32007;10;;;;;32001.5;0.0
19;1100;ASH_COATED_OSMIUM;9990;11;9988;10;9986;28;10006;29;10008;13;10011;14;9998.5;0.0
19;1100;INTARIAN_PEPPER_ROOT;31995;11;31992;10;;;32009;8;32012;11;;;32002.0;0.0
19;1200;ASH_COATED_OSMIUM;9991;10;9988;22;9986;14;10007;10;10009;11;10010;12;9999.0;0.0
19;1200;INTARIAN_PEPPER_ROOT;31997;12;;;;;32010;12;;;;;32004.0;0.0
19;1300;ASH_COATED_OSMIUM;9990;11;;;;;10006;11;;;;;9998.5;0.0
19;1300;INTARIAN_PEPPER_ROOT;31992;10;;;;;32008;11;;;;;32000.5;0.0
19;1400;ASH_COATED_OSMIUM;9995;26;9992;15;;;10011;12;10012;13;;;10003.5;0.0
19;1400;INTARIAN_PEPPER_ROOT;31994;15;31993;10;;;32011;20;32012;12;;;32003.0;0.0
19;1500;ASH_COATED_OSMIUM;9990;11;9989;10;9988;23;10006;13;10007;20;10009;14;9998.5;0.0
19;1500;INTARIAN_PEPPER_ROOT;31992;9;31991;8;;;32008;12;32009;11;;;32000.5;0.0
19;1600;ASH_COATED_OSMIUM;9995;11;9994;13;;;10011;11;10014;11;;;10003.5;0.0
19;1600;INTARIAN_PEPPER_ROOT;31997;8;;;;;32008;8;;;;;32003.0;0.0
19;1700;ASH_COATED_OSMIUM;9996;13;9995;13;;;10012;14;10013;13;;;10004.0;0.0
19;1700;INTARIAN_PEPPER_ROOT;31994;8;31991;9;31990;20;32009;8;32012;11;32014;9;32002.0;0.0
19;1800;ASH_COATED_OSMIUM;9996;13;9993;15;;;10012;10;10013;29;;;10004.0;0.0
19;1800;INTARIAN_PEPPER_ROOT;31997;9;;;;;32010;9;;;;;32004.0;0.0
19;1900;ASH_COATED_OSMIUM;9991;23;9989;12;;;10007;13;10009;11;;;9999.0;0.0
19;1900;INTARIAN_PEPPER_ROOT;31996;10;31995;8;;;32010;11;32013;12;;;32003.5;0.0
19;2000;ASH_COATED_OSMIUM;9991;13;9990;30;9989;11;10007;15;10008;15;10009;13;9999.0;0.0
19;2000;INTARIAN_PEPPER_ROOT;31995;12;31993;8;31990;9;32011;10;32012;10;32015;10;32003.0;0.0
19;2100;ASH_COATED_OSMIUM;9991;14;9990;14;;;10007;13;10010;15;;;9999.0;0.0
19;2100;INTARIAN_PEPPER_ROOT;31994;9;31992;10;;;32007;12;32009;10;;;32000.5;0.0
19;2200;ASH_COATED_OSMIUM;9991;26;9989;30;;;10007;11;10010;20;;;9999.0;0.0
19;2200;INTARIAN_PEPPER_ROOT;32004;9;;;;;32007;8;;;;;32005.5;0.0
19;2300;ASH_COATED_OSMIUM;9990;8;9988;14;9985;15;10006;11;10009;15;10011;15;9998.0;0.0
19;2300;INTARIAN_PEPPER_ROOT;31997;11;31995;8;31994;12;32010;11;32013;9;32015;10;32004.0;0.0
19;2400;ASH_COATED_OSMIUM;9996;12;;;;;10012;12;;;;;10004.0;0.0
19;2400;INTARIAN_PEPPER_ROOT;31995;10;;;;;32007;12;;;;;32001.5;0.0
19;2500;ASH_COATED_OSMIUM;9995;15;9992;13;;;10002;13;10005;11;;;9998.5;0.0
19;2500;INTARIAN_PEPPER_ROOT;31994;12;31992;12;;;32009;12;32011;8;;;32001.5;0.0
19;2600;ASH_COATED_OSMIUM;9988;12;9986;26;;;10007;12;10009;10;;;9998.0;0.0
19;2600;INTARIAN_PEPPER_ROOT;31997;19;31995;10;31994;9;32013;18;32016;8;32017;9;32005.5;0.0
19;2700;ASH_COATED_OSMIUM;9990;14;9987;28;;;10006;11;10008;15;;;9998.0;0.0
19;2700;INTARIAN_PEPPER_ROOT;31997;10;31995;8;;;32011;12;32012;12;;;32004.0;0.0
19;2800;ASH_COATED_OSMIUM;9995;12;;;;;10011;15;;;;;10003.5;0.0
19;2800;INTARIAN_PEPPER_ROOT;31994;9;31992;12;;;32005;15;32008;9;;;32000.0;0.0
19;2900;ASH_COATED_OSMIUM;9995;12;9994;14;;;10011;24;10013;10;;;10003.5;0.0
19;2900;INTARIAN_PEPPER_ROOT;31995;12;31993;12;31992;12;32011;25;32014;12;32015;12;32003.0;0.0
19;3000;ASH_COATED_OSMIUM;9990;13;9987;11;9985;10;10006;10;10007;10;10008;12;9998.5;0.0
19;3000;INTARIAN_PEPPER_ROOT;31998;8;;;;;32009;10;;;;;32003.5;0.0
19;3100;ASH_COATED_OSMIUM;9995;10;9994;14;9992;28;10011;12;10012;12;10014;14;10003.0;0.0
19;3100;INTARIAN_PEPPER_ROOT;31994;9;;;;;32008;12;;;;;32001.5;0.0
19;3200;ASH_COATED_OSMIUM;9994;12;9993;13;;;10010;10;10013;15;;;10002.5;0.0
19;3200;INTARIAN_PEPPER_ROOT;31995;12;31992;9;31989;9;32007;7;32009;11;32010;10;32001.0;0.0
19;3300;ASH_COATED_OSMIUM;9993;11;9990;11;;;10012;10;10013;11;;;10003.0;0.0
19;3300;INTARIAN_PEPPER_ROOT;31994;11;31993;8;;;32006;10;32008;22;;;32000.5;0.0
19;3400;ASH_COATED_OSMIUM;9990;24;;;;;10006;15;;;;;9998.0;0.0
19;3400;INTARIAN_PEPPER_ROOT;31997;10;31995;8;;;32010;11;32013;12;;;32003.5;0.0
19;3500;ASH_COATED_OSMIUM;9998;12;9995;29;9994;13;10008;11;10010;15;10012;11;10003.0;0.0
19;3500;INTARIAN_PEPPER_ROOT;31996;18;31995;16;;;32010;11;32011;8;;;32003.5;0.0
19;3600;ASH_COATED_OSMIUM;9990;13;9987;12;;;10006;28;10008;11;;;9998.0;0.0
19;3600;INTARIAN_PEPPER_ROOT;31997;9;31996;8;;;32010;9;32012;8;;;32004.0;0.0
19;3700;ASH_COATED_OSMIUM;9994;12;9991;15;9989;10;10013;10;10016;10;10018;13;10003.5;0.0
19;3700;INTARIAN_PEPPER_ROOT;32002;10;;;;;32013;11;;;;;32007.5;0.0
19;3800;ASH_COATED_OSMIUM;9996;22;;;;;10012;14;;;;;10004.0;0.0
19;3800;INTARIAN_PEPPER_ROOT;32003;9;32002;11;32000;11;32016;11;32018;10;32021;8;32010.0;0.0
19;3900;ASH_COATED_OSMIUM;9989;15;9986;12;9983;23;10008;10;10011;15;10012;15;9998.5;0.0
19;3900;INTARIAN_PEPPER_ROOT;31995;12;31992;11;31991;10;32006;10;32009;24;32010;12;32000.5;0.0
19;4000;ASH_COATED_OSMIUM;9996;4;;;;;10012;10;;;;;10004.0;0.0
19;4000;INTARIAN_PEPPER_ROOT;32001;25;;;;;32012;10;;;;;32006.5;0.0
19;4100;ASH_COATED_OSMIUM;9994;14;;;;;10012;15;;;;;10003.5;0.0
19;4100;INTARIAN_PEPPER_ROOT;31998;10;31996;10;;;32012;11;32013;12;;;32005.0;0.0
19;4200;ASH_COATED_OSMIUM;9991;10;9990;11;9988;10;10007;11;10009;11;10010;13;9999.0;0.0
19;4200;INTARIAN_PEPPER_ROOT;31999;11;31996;8;;;32010;8;32012;9;;;32005.0;0.0
19;4300;ASH_COATED_OSMIUM;9990;26;9987;11;9985;11;10006;10;10008;10;10011;9;9998.5;0.0
19;4300;INTARIAN_PEPPER_ROOT;32000;9;31998;9;31997;16;32012;9;32014;12;32017;10;32006.5;0.0
19;4400;ASH_COATED_OSMIUM;9998;20;9995;13;;;10010;27;10013;13;;;10004.0;0.0
19;4400;INTARIAN_PEPPER_ROOT;31998;11;31996;16;31994;11;32011;10;32013;11;32015;10;32004.5;0.0
19;4500;ASH_COATED_OSMIUM;9990;12;9989;14;;;10006;14;10007;14;;;9998.5;0.0
19;4500;INTARIAN_PEPPER_ROOT;31998;12;;;;;32010;11;;;;;32004.5;0.0
19;4600;ASH_COATED_OSMIUM;9996;14;9995;12;9993;15;10012;13;10013;15;10014;13;10004.0;0.0
19;4600;INTARIAN_PEPPER_ROOT;32000;8;;;;;32017;9;;;;;32008.5;0.0
19;4700;ASH_COATED_OSMIUM;9990;12;9988;12;;;10006;12;10008;14;;;9998.5;0.0
19;4700;INTARIAN_PEPPER_ROOT;31999;3;31998;10;31997;11;32011;10;32014;12;32016;10;32005.0;0.0
19;4800;ASH_COATED_OSMIUM;9996;13;9994;13;9991;12;10012;26;10015;14;10016;11;10004.0;0.0
19;4800;INTARIAN_PEPPER_ROOT;31996;8;31993;10;;;32010;9;32011;8;;;32003.5;0.0
19;4900;ASH_COATED_OSMIUM;9990;29;9987;14;9985;11;10006;14;10007;14;10009;15;9998.5;0.0
19;4900;INTARIAN_PEPPER_ROOT;31997;23;31995;12;31994;10;32014;11;32015;12;32018;12;32005.5;0.0
19;5000;ASH_COATED_OSMIUM;9995;13;9992;11;;;10013;14;10016;20;;;10004.0;0.0
19;5000;INTARIAN_PEPPER_ROOT;32005;12;32004;9;32002;12;32018;21;32020;11;32023;12;32011.5;0.0
19;5100;ASH_COATED_OSMIUM;9989;10;9988;13;9987;28;10008;12;10010;12;10011;30;9998.5;0.0
19;5100;INTARIAN_PEPPER_ROOT;32000;9;31997;10;;;32014;20;32015;19;;;32007.0;0.0
19;5200;ASH_COATED_OSMIUM;9995;12;9993;12;9992;20;10013;13;10016;13;10019;11;10004.5;0.0
19;5200;INTARIAN_PEPPER_ROOT;31997;11;31995;25;31994;10;32009;21;32011;5;32013;10;32003.5;0.0
19;5300;ASH_COATED_OSMIUM;9996;15;9994;12;;;10001;14;10004;12;;;9999.0;0.0
19;5300;INTARIAN_PEPPER_ROOT;31994;8;31992;12;;;32010;25;32012;12;;;32002.5;0.0
19;5400;ASH_COATED_OSMIUM;9993;14;;;;;10004;26;;;;;9999.0;0.0
19;5400;INTARIAN_PEPPER_ROOT;31998;11;31996;21;31994;9;32012;10;32013;12;32014;11;32005.0;0.0
19;5500;ASH_COATED_OSMIUM;9991;10;9990;14;9987;11;10007;13;10009;21;10012;13;9999.5;0.0
19;5500;INTARIAN_PEPPER_ROOT;31999;10;31996;18;;;32011;17;32014;10;;;32005.0;0.0
19;5600;ASH_COATED_OSMIUM;9991;13;9990;11;;;10007;23;10010;10;;;9999.0;0.0
19;5600;INTARIAN_PEPPER_ROOT;31999;11;31998;9;;;32011;20;32014;11;;;32005.0;0.0
19;5700;ASH_COATED_OSMIUM;9996;13;9994;10;;;10012;10;10015;10;;;10004.0;0.0
19;5700;INTARIAN_PEPPER_ROOT;32004;12;;;;;32012;10;;;;;32008.5;0.0
19;5800;ASH_COATED_OSMIUM;9996;14;9995;13;;;10012;12;10015;27;;;10004.0;0.0
19;5800;INTARIAN_PEPPER_ROOT;31999;19;;;;;32013;9;;;;;32006.5;0.0
19;5900;ASH_COATED_OSMIUM;9991;13;9989;12;;;10007;12;10008;13;;;9999.0;0.0
19;5900;INTARIAN_PEPPER_ROOT;31997;11;31996;11;31994;11;32012;10;32015;11;32017;11;32004.5;0.0
19;6000;ASH_COATED_OSMIUM;9998;13;;;;;10009;14;;;;;10003.5;0.0
19;6000;INTARIAN_PEPPER_ROOT;31997;8;31995;9;;;32010;17;32012;12;;;32004.0;0.0
19;6100;ASH_COATED_OSMIUM;9995;28;;;;;10011;10;;;;;10003.5;0.0
19;6100;INTARIAN_PEPPER_ROOT;31999;11;31997;10;31996;10;32013;9;32015;12;32018;10;32006.5;0.0
19;6200;ASH_COATED_OSMIUM;9988;14;;;;;10009;14;;;;;9998.5;0.0
19;6200;INTARIAN_PEPPER_ROOT;32000;8;;;;;32013;7;;;;;32006.5;0.0
19;6300;ASH_COATED_OSMIUM;9994;12;9992;14;;;10013;15;10014;14;;;10003.5;0.0
19;6300;INTARIAN_PEPPER_ROOT;32000;9;31997;9;;;32011;12;32013;10;;;32006.0;0.0
19;6400;ASH_COATED_OSMIUM;9994;22;9993;10;;;10013;27;10016;11;;;10003.5;0.0
19;6400;INTARIAN_PEPPER_ROOT;32000;22;;;;;32016;19;;;;;32008.0;0.0
19;6500;ASH_COATED_OSMIUM;9995;4;9993;10;;;10013;14;10014;15;;;10004.0;0.0
19;6500;INTARIAN_PEPPER_ROOT;32001;12;31998;8;31997;6;32015;10;32018;25;32019;10;32008.0;0.0
19;6600;ASH_COATED_OSMIUM;9994;12;9991;15;;;10013;15;10016;26;;;10004.0;0.0
19;6600;INTARIAN_PEPPER_ROOT;31999;11;31997;10;31996;10;32010;21;32013;10;32014;10;32005.0;0.0
19;6700;ASH_COATED_OSMIUM;9996;13;9994;2;;;10012;14;10013;12;;;10004.5;0.0
19;6700;INTARIAN_PEPPER_ROOT;31999;11;31998;10;31995;8;32012;10;32013;8;32015;16;32006.0;0.0
19;6800;ASH_COATED_OSMIUM;9991;23;9989;14;9988;10;10007;26;10008;14;10011;4;9999.5;0.0
19;6800;INTARIAN_PEPPER_ROOT;31998;12;31995;8;;;32015;25;32017;11;;;32006.5;0.0
19;6900;ASH_COATED_OSMIUM;9992;5;9990;10;;;10008;11;10011;12;;;10000.5;0.0
19;6900;INTARIAN_PEPPER_ROOT;32002;20;31999;10;;;32014;21;32017;12;;;32008.0;0.0
19;7000;ASH_COATED_OSMIUM;9997;15;9995;11;;;10015;14;10016;15;;;10006.5;0.0
19;7000;INTARIAN_PEPPER_ROOT;32002;11;;;;;32014;12;;;;;32008.0;0.0
19;7100;ASH_COATED_OSMIUM;9993;12;9990;12;;;10009;24;10010;15;;;10001.0;0.0
19;7100;INTARIAN_PEPPER_ROOT;32002;24;32000;11;;;32014;20;32017;10;;;32008.5;0.0
19;7200;ASH_COATED_OSMIUM;9998;12;;;;;10014;4;;;;;10006.5;0.0
19;7200;INTARIAN_PEPPER_ROOT;32001;10;31998;12;;;32014;9;32017;8;;;32008.0;0.0
19;7300;ASH_COATED_OSMIUM;9996;21;;;;;10017;13;;;;;10007.0;0.0
19;7300;INTARIAN_PEPPER_ROOT;32001;11;32000;11;;;32014;9;32017;12;;;32007.5;0.0
19;7400;ASH_COATED_OSMIUM;9993;13;9990;12;9989;28;10009;15;10010;14;10012;10;10001.5;0.0
19;7400;INTARIAN_PEPPER_ROOT;32000;19;;;;;32013;8;;;;;32006.5;0.0
19;7500;ASH_COATED_OSMIUM;9993;30;;;;;10009;11;;;;;10001.5;0.0
19;7500;INTARIAN_PEPPER_ROOT;32007;9;;;;;32019;8;;;;;32013.0;0.0
19;7600;ASH_COATED_OSMIUM;9993;10;9990;15;;;10009;15;10012;14;;;10001.5;0.0
19;7600;INTARIAN_PEPPER_ROOT;32003;22;;;;;32015;22;;;;;32009.0;0.0
19;7700;ASH_COATED_OSMIUM;9991;13;9988;15;9985;2;10010;12;10013;6;10015;4;10001.0;0.0
19;7700;INTARIAN_PEPPER_ROOT;32004;11;32002;11;;;32019;10;32020;9;;;32011.5;0.0
19;7800;ASH_COATED_OSMIUM;9993;14;9990;11;;;10009;15;10010;13;;;10001.5;0.0
19;7800;INTARIAN_PEPPER_ROOT;32004;22;32003;8;;;32015;9;32016;9;;;32010.0;0.0
19;7900;ASH_COATED_OSMIUM;9992;15;9989;12;9986;15;10011;10;10014;20;10016;15;10001.5;0.0
19;7900;INTARIAN_PEPPER_ROOT;32002;17;31999;11;;;32016;9;32018;22;;;32009.0;0.0
19;8000;ASH_COATED_OSMIUM;9998;11;;;;;10014;24;;;;;10006.5;0.0
19;8000;INTARIAN_PEPPER_ROOT;32001;9;31998;10;31995;10;32012;11;32015;12;32017;9;32006.5;0.0
19;8100;ASH_COATED_OSMIUM;9992;11;9990;30;;;10010;25;10011;11;;;10001.5;0.0
19;8100;INTARIAN_PEPPER_ROOT;32000;9;31997;11;31994;11;32013;10;32015;12;32017;12;32007.0;0.0
19;8200;ASH_COATED_OSMIUM;9998;12;;;;;10014;14;;;;;10006.5;0.0
19;8200;INTARIAN_PEPPER_ROOT;32002;12;;;;;32014;9;;;;;32008.0;0.0
19;8300;ASH_COATED_OSMIUM;9992;10;9990;14;;;10010;13;10013;13;;;10001.0;0.0
19;8300;INTARIAN_PEPPER_ROOT;32001;9;31998;9;31997;9;32016;10;32017;11;32018;9;32009.0;0.0
19;8400;ASH_COATED_OSMIUM;9992;13;;;;;10008;24;;;;;10000.5;0.0
19;8400;INTARIAN_PEPPER_ROOT;32004;10;32001;12;31999;12;32016;10;32018;12;32019;12;32010.5;0.0
19;8500;ASH_COATED_OSMIUM;9991;2;;;;;10009;14;;;;;10000.5;0.0
19;8500;INTARIAN_PEPPER_ROOT;32001;12;31999;8;31996;9;32015;12;32017;8;32020;11;32008.0;0.0
19;8600;ASH_COATED_OSMIUM;9990;14;;;;;10009;29;;;;;10000.0;0.0
19;8600;INTARIAN_PEPPER_ROOT;32002;20;;;;;32015;10;;;;;32008.5;0.0
19;8700;ASH_COATED_OSMIUM;9997;13;9996;13;9995;13;10013;13;10014;21;10016;15;10005.0;0.0
19;8700;INTARIAN_PEPPER_ROOT;32001;8;;;;;32014;12;;;;;32008.0;0.0
19;8800;ASH_COATED_OSMIUM;9997;15;;;;;10013;27;;;;;10005.0;0.0
19;8800;INTARIAN_PEPPER_ROOT;32000;22;31997;10;;;32016;10;32018;8;;;32008.0;0.0
19;8900;ASH_COATED_OSMIUM;9991;10;9988;26;9987;14;10007;12;10010;21;10011;10;9999.0;0.0
19;8900;INTARIAN_PEPPER_ROOT;31997;19;31995;12;;;32012;11;32014;11;;;32005.0;0.0
19;9000;ASH_COATED_OSMIUM;9996;11;9995;14;9992;15;10012;15;10015;12;10016;13;10004.5;0.0
19;9000;INTARIAN_PEPPER_ROOT;32001;11;32000;24;31999;8;32016;22;32017;16;32019;10;32008.5;0.0
19;9100;ASH_COATED_OSMIUM;9997;4;9995;13;;;10013;29;10015;24;;;10005.0;0.0
19;9100;INTARIAN_PEPPER_ROOT;32001;11;31999;10;31997;11;32015;10;32017;10;32019;8;32008.5;0.0
19;9200;ASH_COATED_OSMIUM;9998;23;9995;24;;;10011;15;10014;15;;;10005.0;0.0
19;9200;INTARIAN_PEPPER_ROOT;32003;9;32000;9;;;32015;24;32018;9;;;32009.0;0.0
19;9300;ASH_COATED_OSMIUM;9991;22;;;;;10007;21;;;;;9999.5;0.0
19;9300;INTARIAN_PEPPER_ROOT;32002;9;32001;12;;;32016;12;32019;12;;;32009.0;0.0
19;9400;ASH_COATED_OSMIUM;10000;13;9997;11;9995;15;10010;11;10013;13;10016;13;10005.0;0.0
19;9400;INTARIAN_PEPPER_ROOT;32009;10;32008;10;32006;25;32012;23;32015;8;32018;10;32011.0;0.0
19;9500;ASH_COATED_OSMIUM;9995;11;;;;;10011;13;;;;;10003.0;0.0
19;9500;INTARIAN_PEPPER_ROOT;32002;8;31999;8;31998;8;32015;11;32016;12;32019;10;32008.5;0.0
19;9600;ASH_COATED_OSMIUM;9991;12;;;;;10004;14;;;;;9998.0;0.0
19;9600;INTARIAN_PEPPER_ROOT;32003;9;32001;12;31999;3;32015;8;32017;9;32018;8;32009.5;0.0
19;9700;ASH_COATED_OSMIUM;9995;13;9994;15;9993;5;10011;10;10013;14;10016;13;10003.5;0.0
19;9700;INTARIAN_PEPPER_ROOT;32000;9;31998;12;;;32019;11;32020;9;;;32009.5;0.0
19;9800;ASH_COATED_OSMIUM;9995;13;9993;13;;;10011;11;10013;29;;;10003.0;0.0
19;9800;INTARIAN_PEPPER_ROOT;32004;12;32002;8;;;32018;9;32020;9;;;32011.5;0.0
19;9900;ASH_COATED_OSMIUM;9995;14;;;;;10011;11;;;;;10003.5;0.0
19;9900;INTARIAN_PEPPER_ROOT;32001;20;32000;11;;;32018;9;32021;15;;;32010.0;0.0
19;10000;ASH_COATED_OSMIUM;9990;4;9989;15;;;10006;14;10008;15;;;9998.5;0.0
19;10000;INTARIAN_PEPPER_ROOT;32002;10;32001;9;;;32019;18;32020;24;;;32010.5;0.0
19;10100;ASH_COATED_OSMIUM;9990;15;;;;;10006;21;;;;;9998.0;0.0
19;10100;INTARIAN_PEPPER_ROOT;32002;18;;;;;32016;12;;;;;32009.5;0.0
19;10200;ASH_COATED_OSMIUM;9990;12;;;;;10006;13;;;;;9998.0;0.0
19;10200;INTARIAN_PEPPER_ROOT;32002;15;32000;10;;;32016;11;32019;12;;;32009.5;0.0
19;10300;ASH_COATED_OSMIUM;9995;10;9992;15;;;10011;29;10013;27;;;10003.5;0.0
19;10300;INTARIAN_PEPPER_ROOT;32004;9;32002;12;;;32017;8;32018;23;;;32011.0;0.0
19;10400;ASH_COATED_OSMIUM;9995;14;9992;10;;;10011;11;10014;28;;;10003.5;0.0
19;10400;INTARIAN_PEPPER_ROOT;32004;8;;;;;32020;10;;;;;32012.0;0.0
19;10500;ASH_COATED_OSMIUM;9996;13;9995;15;9994;11;10012;6;10014;25;10015;9;10004.0;0.0
19;10500;INTARIAN_PEPPER_ROOT;32002;12;32000;7;;;32018;8;32021;12;;;32010.0;0.0
19;10600;ASH_COATED_OSMIUM;9994;13;;;;;10012;11;;;;;10003.5;0.0
19;10600;INTARIAN_PEPPER_ROOT;32005;23;32004;9;;;32017;11;32019;17;;;32011.5;0.0
19;10700;ASH_COATED_OSMIUM;9989;5;;;;;10008;10;;;;;9998.5;0.0
19;10700;INTARIAN_PEPPER_ROOT;32004;8;32001;3;31998;10;32015;10;32017;12;32018;12;32009.5;0.0
19;10800;ASH_COATED_OSMIUM;9994;14;9992;11;;;10012;11;10015;15;;;10003.5;0.0
19;10800;INTARIAN_PEPPER_ROOT;32002;10;;;;;32014;12;;;;;32008.5;0.0
19;10900;ASH_COATED_OSMIUM;9995;13;9992;10;;;10013;15;10016;13;;;10004.0;0.0
19;10900;INTARIAN_PEPPER_ROOT;32003;8;32002;12;;;32019;12;32022;11;;;32011.5;0.0
19;11000;ASH_COATED_OSMIUM;9991;11;;;;;10007;14;;;;;9999.0;0.0
19;11000;INTARIAN_PEPPER_ROOT;32003;11;;;;;32017;12;;;;;32010.5;0.0
19;11100;ASH_COATED_OSMIUM;9991;21;;;;;10007;11;;;;;9999.0;0.0
19;11100;INTARIAN_PEPPER_ROOT;32003;9;;;;;32016;11;;;;;32010.0;0.0
19;11200;ASH_COATED_OSMIUM;9991;12;;;;;10007;11;;;;;9999.5;0.0
19;11200;INTARIAN_PEPPER_ROOT;32003;11;32002;9;31999;12;32016;9;32017;25;32020;9;32010.0;0.0
19;11300;ASH_COATED_OSMIUM;9996;12;9994;10;;;10012;21;10014;12;;;10004.5;0.0
19;11300;INTARIAN_PEPPER_ROOT;32001;9;31998;11;;;32013;10;32016;8;;;32007.5;0.0
19;11400;ASH_COATED_OSMIUM;9996;4;;;;;10002;12;;;;;9999.0;0.0
19;11400;INTARIAN_PEPPER_ROOT;32004;8;32001;11;;;32016;11;32017;4;;;32010.0;0.0
19;11500;ASH_COATED_OSMIUM;9991;3;9988;10;9987;4;10007;15;10010;12;10013;11;9999.0;0.0
19;11500;INTARIAN_PEPPER_ROOT;32000;11;;;;;32019;11;;;;;32010.0;0.0
19;11600;ASH_COATED_OSMIUM;9996;12;;;;;10012;12;;;;;10004.5;0.0
19;11600;INTARIAN_PEPPER_ROOT;32008;17;32007;19;;;32021;10;32024;10;;;32014.5;0.0
19;11700;ASH_COATED_OSMIUM;9996;13;9995;12;;;10012;14;10015;22;;;10004.0;0.0
19;11700;INTARIAN_PEPPER_ROOT;32004;9;32003;10;;;32016;11;32019;9;;;32010.5;0.0
19;11800;ASH_COATED_OSMIUM;9996;13;9995;11;;;10001;21;10004;10;;;9999.0;0.0
19;11800;INTARIAN_PEPPER_ROOT;32003;10;;;;;32017;9;;;;;32010.5;0.0
19;11900;ASH_COATED_OSMIUM;10001;9;;;;;10008;11;;;;;10004.5;0.0
19;11900;INTARIAN_PEPPER_ROOT;32006;12;32003;12;32001;11;32018;8;32021;8;32023;8;32012.0;0.0
19;12000;ASH_COATED_OSMIUM;9996;14;9995;15;9992;13;10012;12;10015;12;10017;15;10004.0;0.0
19;12000;INTARIAN_PEPPER_ROOT;32009;11;32006;12;;;32011;20;32014;16;;;32010.0;0.0
19;12100;ASH_COATED_OSMIUM;9996;3;;;;;10012;13;;;;;10004.5;0.0
19;12100;INTARIAN_PEPPER_ROOT;32005;9;32003;10;;;32017;8;32020;12;;;32011.5;0.0
19;12200;ASH_COATED_OSMIUM;9995;12;;;;;10011;2;;;;;10003.5;0.0
19;12200;INTARIAN_PEPPER_ROOT;32003;9;32000;10;;;32020;24;32023;9;;;32011.5;0.0
19;12300;ASH_COATED_OSMIUM;9994;11;9991;14;9990;15;10013;12;10014;14;10016;12;10003.5;0.0
19;12300;INTARIAN_PEPPER_ROOT;32012;9;32011;9;;;32024;9;32026;16;;;32018.5;0.0
19;12400;ASH_COATED_OSMIUM;10001;21;;;;;10006;10;;;;;10003.5;0.0
19;12400;INTARIAN_PEPPER_ROOT;32007;9;32004;19;;;32020;10;32021;9;;;32013.5;0.0
19;12500;ASH_COATED_OSMIUM;9996;14;;;;;10012;27;;;;;10004.0;0.0
19;12500;INTARIAN_PEPPER_ROOT;32005;12;32003;12;32002;5;32018;11;32019;11;32021;10;32011.5;0.0
19;12600;ASH_COATED_OSMIUM;9995;10;9992;5;9990;26;10011;11;10012;12;10013;10;10003.5;0.0
19;12600;INTARIAN_PEPPER_ROOT;32008;10;32005;19;32003;17;32020;11;32021;9;32022;21;32014.5;0.0
19;12700;ASH_COATED_OSMIUM;9990;5;9987;25;;;10006;14;10008;11;;;9998.0;0.0
19;12700;INTARIAN_PEPPER_ROOT;32003;11;;;;;32015;8;;;;;32009.5;0.0
19;12800;ASH_COATED_OSMIUM;9990;11;;;;;10006;13;;;;;9998.5;0.0
19;12800;INTARIAN_PEPPER_ROOT;31999;18;;;;;32016;11;;;;;32008.0;0.0
19;12900;ASH_COATED_OSMIUM;9995;14;9992;13;;;10011;12;10014;29;;;10003.5;0.0
19;12900;INTARIAN_PEPPER_ROOT;32006;8;32004;9;32003;9;32018;23;32019;12;32021;11;32012.5;0.0
19;13000;ASH_COATED_OSMIUM;9994;2;;;;;10013;10;;;;;10004.0;0.0
19;13000;INTARIAN_PEPPER_ROOT;32002;12;;;;;32016;12;;;;;32009.0;0.0
19;13100;ASH_COATED_OSMIUM;9989;13;9986;29;;;10008;15;10011;27;;;9998.5;0.0
19;13100;INTARIAN_PEPPER_ROOT;32005;24;;;;;32018;10;;;;;32012.0;0.0
19;13200;ASH_COATED_OSMIUM;9989;12;9987;22;;;10007;11;10010;15;;;9998.0;0.0
19;13200;INTARIAN_PEPPER_ROOT;32008;15;32005;9;32004;8;32020;11;32021;19;32024;9;32014.5;0.0
19;13300;ASH_COATED_OSMIUM;9989;20;9987;11;9986;15;10007;12;10008;21;10009;14;9998.5;0.0
19;13300;INTARIAN_PEPPER_ROOT;32008;12;32007;20;;;32022;11;32024;15;;;32015.5;0.0
19;13400;ASH_COATED_OSMIUM;9995;14;9993;23;;;10013;2;10014;11;;;10004.0;0.0
19;13400;INTARIAN_PEPPER_ROOT;32007;17;32004;10;;;32019;11;32020;11;;;32013.5;0.0
19;13500;ASH_COATED_OSMIUM;9990;13;;;;;10008;10;;;;;9999.0;0.0
19;13500;INTARIAN_PEPPER_ROOT;32006;9;32005;12;;;32022;8;32025;11;;;32014.0;0.0
19;13600;ASH_COATED_OSMIUM;9995;21;9992;15;9989;8;10014;15;10017;20;10020;11;10004.5;0.0
19;13600;INTARIAN_PEPPER_ROOT;32004;5;32001;10;31998;11;32020;11;32022;12;32024;12;32012.5;0.0
19;13700;ASH_COATED_OSMIUM;9990;15;9987;11;;;10009;12;10010;15;;;9999.5;0.0
19;13700;INTARIAN_PEPPER_ROOT;32006;17;32003;11;32002;11;32021;9;32022;9;32025;10;32014.0;0.0
19;13800;ASH_COATED_OSMIUM;9989;20;9986;2;;;10007;12;10009;11;;;9998.5;0.0
19;13800;INTARIAN_PEPPER_ROOT;32005;8;;;;;32022;12;;;;;32013.5;0.0
19;13900;ASH_COATED_OSMIUM;9989;12;9988;14;9986;12;10008;13;10010;12;10011;14;9998.5;0.0
19;13900;INTARIAN_PEPPER_ROOT;32008;9;;;;;32020;8;;;;;32014.0;0.0
19;14000;ASH_COATED_OSMIUM;9996;26;9994;3;9991;14;10012;11;10013;14;10014;12;10004.5;0.0
19;14000;INTARIAN_PEPPER_ROOT;32010;9;32007;8;;;32023;12;32025;12;;;32016.5;0.0
19;14100;ASH_COATED_OSMIUM;9989;15;;;;;10007;29;;;;;9998.5;0.0
19;14100;INTARIAN_PEPPER_ROOT;32006;8;32005;9;32004;18;32019;8;32020;10;32023;8;32013.0;0.0
19;14200;ASH_COATED_OSMIUM;9995;12;;;;;10011;14;;;;;10003.5;0.0
19;14200;INTARIAN_PEPPER_ROOT;32009;24;;;;;32022;11;;;;;32015.5;0.0
19;14300;ASH_COATED_OSMIUM;9989;24;9987;12;;;10007;26;10008;26;;;9998.5;0.0
19;14300;INTARIAN_PEPPER_ROOT;32007;10;32006;11;;;32023;8;32024;11;;;32015.0;0.0
19;14400;ASH_COATED_OSMIUM;9990;14;;;;;10006;15;;;;;9998.0;0.0
19;14400;INTARIAN_PEPPER_ROOT;32009;10;32007;11;32004;8;32023;11;32025;9;32026;8;32016.5;0.0
19;14500;ASH_COATED_OSMIUM;9991;14;;;;;10004;11;;;;;9997.5;0.0
19;14500;INTARIAN_PEPPER_ROOT;32006;12;32003;12;;;32019;11;32021;12;;;32013.0;0.0
19;14600;ASH_COATED_OSMIUM;9994;15;9992;11;9991;15;10012;11;10013;11;10014;15;10003.5;0.0
19;14600;INTARIAN_PEPPER_ROOT;32005;11;32003;8;;;32020;12;32023;17;;;32013.0;0.0
19;14700;ASH_COATED_OSMIUM;9987;10;;;;;10008;11;;;;;9998.0;0.0
19;14700;INTARIAN_PEPPER_ROOT;32004;8;32002;10;;;32020;12;32023;21;;;32012.5;0.0
19;14800;ASH_COATED_OSMIUM;9989;11;9987;13;;;10005;10;10008;13;;;9997.5;0.0
19;14800;INTARIAN_PEPPER_ROOT;32002;12;32000;11;;;32018;11;32021;10;;;32010.0;0.0
19;14900;ASH_COATED_OSMIUM;9988;13;9985;11;9983;15;10007;11;10009;12;10011;10;9997.5;0.0
19;14900;INTARIAN_PEPPER_ROOT;32007;10;32005;9;;;32019;23;32021;9;;;32013.5;0.0
19;15000;ASH_COATED_OSMIUM;9992;24;9990;12;;;10002;10;10004;12;;;9997.5;0.0
19;15000;INTARIAN_PEPPER_ROOT;32008;9;32005;11;;;32020;11;32022;9;;;32014.0;0.0
19;15100;ASH_COATED_OSMIUM;9993;14;9990;25;;;10011;14;10013;14;;;10002.5;0.0
19;15100;INTARIAN_PEPPER_ROOT;32014;9;32013;21;;;32016;12;32018;21;;;32015.0;0.0
19;15200;ASH_COATED_OSMIUM;9989;14;9987;14;9984;12;10005;14;10008;15;10009;12;9997.5;0.0
19;15200;INTARIAN_PEPPER_ROOT;32009;9;32006;9;32005;10;32022;25;32024;10;32027;12;32015.5;0.0
19;15300;ASH_COATED_OSMIUM;9988;13;;;;;10006;11;;;;;9997.5;0.0
19;15300;INTARIAN_PEPPER_ROOT;32012;12;;;;;32024;10;;;;;32018.0;0.0
19;15400;ASH_COATED_OSMIUM;9989;10;;;;;10005;14;;;;;9997.5;0.0
19;15400;INTARIAN_PEPPER_ROOT;32009;11;32006;21;32005;9;32022;10;32025;8;32027;18;32016.0;0.0
19;15500;ASH_COATED_OSMIUM;9993;13;9990;12;;;10012;15;10015;15;;;10003.0;0.0
19;15500;INTARIAN_PEPPER_ROOT;32009;9;32008;12;32005;11;32022;10;32024;10;32025;10;32015.5;0.0
19;15600;ASH_COATED_OSMIUM;9995;14;9994;30;9991;4;10011;26;10012;11;10015;15;10003.0;0.0
19;15600;INTARIAN_PEPPER_ROOT;32028;11;;;;;32042;8;;;;;32035.0;0.0
19;15700;ASH_COATED_OSMIUM;9995;10;9993;12;9990;12;10011;13;10012;20;10013;20;10003.0;0.0
19;15700;INTARIAN_PEPPER_ROOT;32013;10;32011;11;;;32027;10;32030;20;;;32020.0;0.0
19;15800;ASH_COATED_OSMIUM;9995;12;9994;12;;;10011;15;10012;27;;;10003.0;0.0
19;15800;INTARIAN_PEPPER_ROOT;32008;12;32007;21;;;32021;12;32024;12;;;32015.0;0.0
19;15900;ASH_COATED_OSMIUM;9989;11;9987;27;;;10007;13;10009;12;;;9998.0;0.0
19;15900;INTARIAN_PEPPER_ROOT;32010;20;32008;9;32005;12;32026;10;32029;11;32031;8;32018.0;0.0
19;16000;ASH_COATED_OSMIUM;9994;10;;;;;10012;11;;;;;10003.5;0.0
19;16000;INTARIAN_PEPPER_ROOT;32008;12;32007;25;32005;6;32021;10;32023;8;32024;8;32015.0;0.0
19;16100;ASH_COATED_OSMIUM;9995;10;9992;13;;;10011;12;10014;12;;;10003.0;0.0
19;16100;INTARIAN_PEPPER_ROOT;32010;10;32008;20;32005;18;32023;8;32025;9;32028;8;32017.0;0.0
19;16200;ASH_COATED_OSMIUM;9994;11;;;;;10010;13;;;;;10002.5;0.0
19;16200;INTARIAN_PEPPER_ROOT;32012;18;32010;11;;;32025;17;32028;12;;;32018.5;0.0
19;16300;ASH_COATED_OSMIUM;9989;12;;;;;10005;11;;;;;9997.5;0.0
19;16300;INTARIAN_PEPPER_ROOT;32009;18;32006;8;32003;16;32026;9;32027;10;32029;8;32017.5;0.0
19;16400;ASH_COATED_OSMIUM;9995;15;9992;13;9991;26;10011;27;10013;12;10014;15;10003.5;0.0
19;16400;INTARIAN_PEPPER_ROOT;32009;10;32007;11;;;32024;19;32025;12;;;32017.0;0.0
19;16500;ASH_COATED_OSMIUM;9987;12;9986;13;9985;13;10008;21;10009;15;10011;10;9998.0;0.0
19;16500;INTARIAN_PEPPER_ROOT;32013;10;32011;11;32008;12;32024;12;32025;21;32027;9;32018.5;0.0
19;16600;ASH_COATED_OSMIUM;9993;15;9991;11;;;10012;15;10013;22;;;10003.0;0.0
19;16600;INTARIAN_PEPPER_ROOT;32011;8;;;;;32022;12;;;;;32016.5;0.0
19;16700;ASH_COATED_OSMIUM;9993;12;9992;15;;;10012;13;10015;13;;;10003.0;0.0
19;16700;INTARIAN_PEPPER_ROOT;32013;10;32012;10;32009;12;32025;8;32027;9;32030;8;32019.0;0.0
19;16800;ASH_COATED_OSMIUM;9990;11;9989;11;;;10006;30;10008;14;;;9998.0;0.0
19;16800;INTARIAN_PEPPER_ROOT;32009;10;32006;10;;;32026;11;32029;8;;;32018.0;0.0
19;16900;ASH_COATED_OSMIUM;9990;10;9987;10;;;10006;14;10008;14;;;9998.0;0.0
19;16900;INTARIAN_PEPPER_ROOT;32010;11;;;;;32027;10;;;;;32018.5;0.0
19;17000;ASH_COATED_OSMIUM;9989;14;9986;12;9983;2;10005;10;10008;10;10010;14;9997.5;0.0
19;17000;INTARIAN_PEPPER_ROOT;32010;10;32009;12;;;32024;11;32026;12;;;32017.5;0.0
19;17100;ASH_COATED_OSMIUM;9989;10;;;;;10007;13;;;;;9998.0;0.0
19;17100;INTARIAN_PEPPER_ROOT;32008;19;;;;;32020;10;;;;;32014.5;0.0
19;17200;ASH_COATED_OSMIUM;9995;5;9992;14;;;10011;12;10012;12;;;10003.0;0.0
19;17200;INTARIAN_PEPPER_ROOT;32011;22;32009;10;;;32023;11;32026;8;;;32017.5;0.0
19;17300;ASH_COATED_OSMIUM;9995;13;9994;10;;;10011;15;10013;10;;;10003.0;0.0
19;17300;INTARIAN_PEPPER_ROOT;32010;12;32007;10;32006;9;32024;23;32027;7;32030;11;32017.5;0.0
19;17400;ASH_COATED_OSMIUM;9994;15;;;;;10010;10;;;;;10002.5;0.0
19;17400;INTARIAN_PEPPER_ROOT;32016;20;32013;10;32011;10;32018;10;32019;11;32020;10;32017.5;0.0
19;17500;ASH_COATED_OSMIUM;9994;10;9993;13;;;10010;10;10011;13;;;10002.0;0.0
19;17500;INTARIAN_PEPPER_ROOT;32011;23;32010;10;32009;12;32024;11;32025;9;32028;8;32017.5;0.0
19;17600;ASH_COATED_OSMIUM;9989;28;9988;20;;;10005;10;10008;11;;;9997.0;0.0
19;17600;INTARIAN_PEPPER_ROOT;32013;22;32012;23;32010;10;32027;8;32030;8;32032;12;32020.5;0.0
19;17700;ASH_COATED_OSMIUM;9988;11;9987;15;;;10004;15;10006;11;;;9996.5;0.0
19;17700;INTARIAN_PEPPER_ROOT;32008;8;32005;12;;;32021;10;32022;18;;;32015.0;0.0
19;17800;ASH_COATED_OSMIUM;9988;13;;;;;10004;13;;;;;9996.0;0.0
19;17800;INTARIAN_PEPPER_ROOT;32009;10;32008;11;32006;21;32020;8;32021;12;32024;10;32015.0;0.0
19;17900;ASH_COATED_OSMIUM;9987;13;9985;15;9984;13;10006;13;10009;15;10012;13;9996.5;0.0
19;17900;INTARIAN_PEPPER_ROOT;32011;15;32008;21;;;32027;11;32028;10;;;32019.0;0.0
19;18000;ASH_COATED_OSMIUM;9986;13;9983;12;;;10005;21;10007;14;;;9996.0;0.0
19;18000;INTARIAN_PEPPER_ROOT;32014;11;32012;6;32011;9;32016;10;32017;20;32019;8;32015.0;0.0
19;18100;ASH_COATED_OSMIUM;9988;28;9986;15;;;10004;10;10007;14;;;9996.0;0.0
19;18100;INTARIAN_PEPPER_ROOT;32011;8;32010;10;;;32027;12;32028;10;;;32019.5;0.0
19;18200;ASH_COATED_OSMIUM;9993;14;9990;12;;;10009;10;10010;14;;;10001.5;0.0
19;18200;INTARIAN_PEPPER_ROOT;32012;8;;;;;32025;22;;;;;32018.5;0.0
19;18300;ASH_COATED_OSMIUM;9988;4;9987;15;9984;15;10004;12;10005;12;10007;13;9996.0;0.0
19;18300;INTARIAN_PEPPER_ROOT;32011;8;32008;9;32006;11;32025;9;32028;9;32029;10;32018.5;0.0
19;18400;ASH_COATED_OSMIUM;9996;15;9995;14;9992;13;10005;21;10007;30;10008;25;10001.0;0.0
19;18400;INTARIAN_PEPPER_ROOT;32016;19;32015;10;;;32019;25;32021;10;;;32017.5;0.0
19;18500;ASH_COATED_OSMIUM;9998;23;9997;15;;;10005;14;10006;10;;;10001.5;0.0
19;18500;INTARIAN_PEPPER_ROOT;32012;8;32011;9;;;32029;24;32031;10;;;32020.5;0.0
19;18600;ASH_COATED_OSMIUM;10000;12;;;;;10006;11;;;;;10003.0;0.0
19;18600;INTARIAN_PEPPER_ROOT;32007;12;32004;10;32002;10;32027;15;32028;10;32031;12;32017.5;0.0
19;18700;ASH_COATED_OSMIUM;9990;10;;;;;10006;22;;;;;9998.0;0.0
19;18700;INTARIAN_PEPPER_ROOT;32021;10;32020;8;32017;8;32023;8;32024;11;32027;11;32022.5;0.0
19;18800;ASH_COATED_OSMIUM;9994;12;9992;13;9991;12;10000;15;10003;13;10005;13;9997.5;0.0
19;18800;INTARIAN_PEPPER_ROOT;32012;12;32011;10;;;32026;11;32029;12;;;32019.5;0.0
19;18900;ASH_COATED_OSMIUM;9994;15;9991;15;;;10010;12;10013;11;;;10002.5;0.0
19;18900;INTARIAN_PEPPER_ROOT;32010;10;32009;15;;;32024;11;32026;10;;;32017.5;0.0
19;19000;ASH_COATED_OSMIUM;9994;10;9993;14;;;10010;11;10013;29;;;10002.5;0.0
19;19000;INTARIAN_PEPPER_ROOT;32013;17;32012;11;32009;10;32026;10;32027;24;32028;8;32020.0;0.0
19;19100;ASH_COATED_OSMIUM;9989;5;;;;;10005;11;;;;;9997.5;0.0
19;19100;INTARIAN_PEPPER_ROOT;32013;11;32010;9;32009;25;32026;21;32027;10;32028;24;32020.0;0.0
19;19200;ASH_COATED_OSMIUM;9988;12;9987;13;;;10004;15;10005;10;;;9996.5;0.0
19;19200;INTARIAN_PEPPER_ROOT;32011;9;;;;;32025;15;;;;;32018.5;0.0
19;19300;ASH_COATED_OSMIUM;9989;11;9988;12;9986;22;10005;29;10007;13;10010;11;9997.0;0.0
19;19300;INTARIAN_PEPPER_ROOT;32010;11;;;;;32021;23;;;;;32016.0;0.0
19;19400;ASH_COATED_OSMIUM;9994;15;9991;10;9989;14;10010;15;10012;5;10014;11;10002.5;0.0
19;19400;INTARIAN_PEPPER_ROOT;32013;12;32011;10;;;32026;11;32027;8;;;32019.5;0.0
19;19500;ASH_COATED_OSMIUM;9994;14;;;;;10010;13;;;;;10002.0;0.0
19;19500;INTARIAN_PEPPER_ROOT;32010;12;;;;;32028;10;;;;;32019.0;0.0
19;19600;ASH_COATED_OSMIUM;10000;15;9997;29;;;10005;20;10007;15;;;10002.5;0.0
19;19600;INTARIAN_PEPPER_ROOT;32013;10;32011;12;32009;23;32027;11;32030;9;32032;11;32020.0;0.0
19;19700;ASH_COATED_OSMIUM;9994;14;;;;;10010;14;;;;;10002.0;0.0
19;19700;INTARIAN_PEPPER_ROOT;32010;11;;;;;32023;12;;;;;32016.5;0.0
19;19800;ASH_COATED_OSMIUM;9994;15;9991;12;;;10010;11;10011;10;;;10002.0;0.0
19;19800;INTARIAN_PEPPER_ROOT;32011;12;32010;11;32008;11;32024;11;32025;8;32026;11;32018.0;0.0
19;19900;ASH_COATED_OSMIUM;9994;10;;;;;10010;10;;;;;10002.5;0.0
19;19900;INTARIAN_PEPPER_ROOT;32013;10;32011;11;32009;8;32026;11;32028;11;32029;8;32019.5;0.0
19;20000;ASH_COATED_OSMIUM;9992;15;9990;10;9988;10;10011;11;10014;10;10016;29;10002.0;0.0
19;20000;INTARIAN_PEPPER_ROOT;32013;12;32010;9;;;32025;11;32027;17;;;32019.5;0.0
19;20100;ASH_COATED_OSMIUM;9993;22;9990;29;;;10012;10;10015;12;;;10002.5;0.0
19;20100;INTARIAN_PEPPER_ROOT;32020;8;32018;11;;;32033;5;32034;24;;;32027.0;0.0
19;20200;ASH_COATED_OSMIUM;9994;12;;;;;10010;10;;;;;10002.5;0.0
19;20200;INTARIAN_PEPPER_ROOT;32012;12;32010;11;;;32026;21;32027;11;;;32019.0;0.0
19;20300;ASH_COATED_OSMIUM;9994;22;9992;15;;;10010;15;10011;28;;;10002.0;0.0
19;20300;INTARIAN_PEPPER_ROOT;32015;10;32014;9;32012;24;32029;9;32031;24;32034;10;32022.0;0.0
19;20400;ASH_COATED_OSMIUM;9989;15;;;;;10005;12;;;;;9997.0;0.0
19;20400;INTARIAN_PEPPER_ROOT;32012;10;32011;8;32010;12;32024;18;32026;11;32027;8;32018.0;0.0
19;20500;ASH_COATED_OSMIUM;9994;23;9993;13;9990;14;10010;12;10011;14;10013;12;10002.0;0.0
19;20500;INTARIAN_PEPPER_ROOT;32016;11;32014;8;;;32030;11;32033;12;;;32023.0;0.0
19;20600;ASH_COATED_OSMIUM;9988;13;;;;;10006;15;;;;;9997.0;0.0
19;20600;INTARIAN_PEPPER_ROOT;32011;10;32008;9;;;32026;11;32028;5;;;32018.5;0.0
19;20700;ASH_COATED_OSMIUM;9989;12;9987;14;9985;12;10005;14;10008;12;10011;12;9997.0;0.0
19;20700;INTARIAN_PEPPER_ROOT;32015;11;32012;11;32009;11;32027;12;32030;15;32033;23;32021.0;0.0
19;20800;ASH_COATED_OSMIUM;9989;14;9988;11;;;10005;3;10008;3;;;9997.0;0.0
19;20800;INTARIAN_PEPPER_ROOT;32011;9;;;;;32022;20;;;;;32016.5;0.0
19;20900;ASH_COATED_OSMIUM;9989;20;9987;15;;;10005;11;10008;13;;;9997.0;0.0
19;20900;INTARIAN_PEPPER_ROOT;32013;11;32012;11;32011;12;32025;8;32028;8;32031;10;32019.5;0.0
19;21000;ASH_COATED_OSMIUM;9993;15;;;;;10012;11;;;;;10002.5;0.0
19;21000;INTARIAN_PEPPER_ROOT;32016;8;32014;11;32013;12;32027;10;32030;8;32032;25;32022.0;0.0
19;21100;ASH_COATED_OSMIUM;9989;11;;;;;10005;15;;;;;9997.0;0.0
19;21100;INTARIAN_PEPPER_ROOT;32014;12;32012;15;;;32026;18;32028;12;;;32020.0;0.0
19;21200;ASH_COATED_OSMIUM;9988;12;9986;12;;;10004;15;10005;13;;;9996.0;0.0
19;21200;INTARIAN_PEPPER_ROOT;32018;23;;;;;32031;10;;;;;32025.0;0.0
19;21300;ASH_COATED_OSMIUM;9987;10;9986;12;;;10003;12;10005;15;;;9995.5;0.0
19;21300;INTARIAN_PEPPER_ROOT;32016;11;32014;9;32013;10;32027;6;32028;10;32030;11;32021.5;0.0
19;21400;ASH_COATED_OSMIUM;9993;2;9990;10;9988;15;9998;20;10001;15;10002;14;9996.0;0.0
19;21400;INTARIAN_PEPPER_ROOT;32015;19;;;;;32029;9;;;;;32022.0;0.0
19;21500;ASH_COATED_OSMIUM;9992;14;9990;20;9988;4;10010;23;10011;15;10012;12;10001.5;0.0
19;21500;INTARIAN_PEPPER_ROOT;32015;11;32014;10;32011;11;32028;9;32029;20;32032;11;32021.5;0.0
19;21600;ASH_COATED_OSMIUM;9991;12;;;;;10010;10;;;;;10001.0;0.0
19;21600;INTARIAN_PEPPER_ROOT;32015;8;32014;20;;;32026;9;32028;11;;;32021.0;0.0
19;21700;ASH_COATED_OSMIUM;9992;10;9989;10;;;10008;10;10010;13;;;10000.5;0.0
19;21700;INTARIAN_PEPPER_ROOT;32015;10;32013;12;;;32029;11;32032;8;;;32022.5;0.0
19;21800;ASH_COATED_OSMIUM;9989;14;;;;;10001;13;;;;;9995.5;0.0
19;21800;INTARIAN_PEPPER_ROOT;32011;11;;;;;32028;18;;;;;32020.0;0.0
19;21900;ASH_COATED_OSMIUM;9991;11;9990;13;;;10010;26;10012;11;;;10000.5;0.0
19;21900;INTARIAN_PEPPER_ROOT;32016;4;32013;12;32010;21;32029;8;32031;15;32034;16;32023.0;0.0
19;22000;ASH_COATED_OSMIUM;9992;14;;;;;10008;14;;;;;10000.5;0.0
19;22000;INTARIAN_PEPPER_ROOT;32014;12;32012;9;32011;9;32027;10;32028;12;32031;12;32020.5;0.0
19;22100;ASH_COATED_OSMIUM;9986;15;9984;15;9983;3;10004;2;10006;13;10007;22;9995.0;0.0
19;22100;INTARIAN_PEPPER_ROOT;32014;8;32011;9;;;32026;9;32029;12;;;32020.5;0.0
19;22200;ASH_COATED_OSMIUM;9985;15;9984;13;;;10006;26;10008;3;;;9995.5;0.0
19;22200;INTARIAN_PEPPER_ROOT;32017;12;32015;12;;;32029;21;32030;8;;;32023.0;0.0
19;22300;ASH_COATED_OSMIUM;9986;12;;;;;10004;10;;;;;9995.5;0.0
19;22300;INTARIAN_PEPPER_ROOT;32016;12;;;;;32029;12;;;;;32022.5;0.0
19;22400;ASH_COATED_OSMIUM;9992;10;9990;10;;;10008;20;10010;14;;;10000.5;0.0
19;22400;INTARIAN_PEPPER_ROOT;32016;21;;;;;32029;10;;;;;32023.0;0.0
19;22500;ASH_COATED_OSMIUM;9991;13;9988;11;9987;15;10010;27;10011;12;10014;14;10001.0;0.0
19;22500;INTARIAN_PEPPER_ROOT;32014;20;32013;8;32011;12;32028;9;32029;8;32030;9;32021.5;0.0
19;22600;ASH_COATED_OSMIUM;9991;14;9988;10;9987;26;10010;15;10012;10;10014;11;10001.0;0.0
19;22600;INTARIAN_PEPPER_ROOT;32014;8;;;;;32026;11;;;;;32020.5;0.0
19;22700;ASH_COATED_OSMIUM;9988;21;9987;14;;;10004;15;10006;10;;;9996.0;0.0
19;22700;INTARIAN_PEPPER_ROOT;32014;8;32012;11;32009;12;32030;10;32032;11;32034;11;32022.5;0.0
19;22800;ASH_COATED_OSMIUM;9993;3;9991;15;9989;10;10009;11;10011;15;10013;12;10001.0;0.0
19;22800;INTARIAN_PEPPER_ROOT;32015;17;32012;9;;;32018;11;32021;8;;;32016.5;0.0
19;22900;ASH_COATED_OSMIUM;9986;12;9983;11;9982;14;10004;11;10006;10;10007;15;9995.0;0.0
19;22900;INTARIAN_PEPPER_ROOT;32018;10;;;;;32032;9;;;;;32025.0;0.0
19;23000;ASH_COATED_OSMIUM;9997;12;9995;13;9994;10;10002;23;10005;13;10007;12;10000.0;0.0
19;23000;INTARIAN_PEPPER_ROOT;32015;11;;;;;32029;12;;;;;32022.5;0.0
19;23100;ASH_COATED_OSMIUM;9987;13;9985;13;;;10003;29;10006;20;;;9995.5;0.0
19;23100;INTARIAN_PEPPER_ROOT;32018;9;32017;8;;;32030;12;32032;12;;;32024.0;0.0
19;23200;ASH_COATED_OSMIUM;9992;15;9989;14;;;10008;15;10010;13;;;10000.5;0.0
19;23200;INTARIAN_PEPPER_ROOT;32017;17;;;;;32029;12;;;;;32023.5;0.0
19;23300;ASH_COATED_OSMIUM;9987;12;9984;13;9981;15;10003;11;10005;13;10007;13;9995.0;0.0
19;23300;INTARIAN_PEPPER_ROOT;32013;8;;;;;32030;10;;;;;32022.0;0.0
19;23400;ASH_COATED_OSMIUM;9987;14;;;;;10003;13;;;;;9995.0;0.0
19;23400;INTARIAN_PEPPER_ROOT;32014;9;32011;16;;;32030;9;32031;9;;;32022.0;0.0
19;23500;ASH_COATED_OSMIUM;9986;15;;;;;10002;20;;;;;9994.5;0.0
19;23500;INTARIAN_PEPPER_ROOT;32015;12;32014;10;32011;10;32030;20;32033;9;32035;9;32023.0;0.0
19;23600;ASH_COATED_OSMIUM;9986;23;9985;27;;;10002;29;10005;28;;;9994.0;0.0
19;23600;INTARIAN_PEPPER_ROOT;32018;12;32015;12;;;32033;8;32034;12;;;32025.5;0.0
19;23700;ASH_COATED_OSMIUM;9991;12;;;;;10007;11;;;;;9999.5;0.0
19;23700;INTARIAN_PEPPER_ROOT;32017;6;;;;;32035;6;;;;;32026.5;0.0
19;23800;ASH_COATED_OSMIUM;9990;11;9989;10;;;10006;12;10009;15;;;9998.5;0.0
19;23800;INTARIAN_PEPPER_ROOT;32018;8;32015;11;32013;10;32032;9;32035;9;32037;8;32025.0;0.0
19;23900;ASH_COATED_OSMIUM;9991;12;9990;13;;;10007;13;10008;23;;;9999.0;0.0
19;23900;INTARIAN_PEPPER_ROOT;32015;8;;;;;32030;12;;;;;32023.0;0.0
19;24000;ASH_COATED_OSMIUM;9985;14;9984;14;9983;4;10001;15;10002;10;10003;14;9993.5;0.0
19;24000;INTARIAN_PEPPER_ROOT;32020;11;32018;20;;;32035;9;32037;11;;;32028.0;0.0
19;24100;ASH_COATED_OSMIUM;9985;14;9982;15;;;10001;24;10002;5;;;9993.0;0.0
19;24100;INTARIAN_PEPPER_ROOT;32017;12;32015;6;32014;8;32029;11;32032;9;32033;9;32023.0;0.0
19;24200;ASH_COATED_OSMIUM;9990;23;9989;13;9986;10;10006;10;10009;10;10011;15;9998.5;0.0
19;24200;INTARIAN_PEPPER_ROOT;32022;11;;;;;32035;8;;;;;32028.5;0.0
19;24300;ASH_COATED_OSMIUM;9989;14;9987;15;;;10008;14;10010;26;;;9998.5;0.0
19;24300;INTARIAN_PEPPER_ROOT;32018;11;32017;8;;;32030;12;32033;24;;;32024.5;0.0
19;24400;ASH_COATED_OSMIUM;9985;14;9983;10;;;10001;2;10003;12;;;9993.0;0.0
19;24400;INTARIAN_PEPPER_ROOT;32019;9;32018;9;;;32031;8;32034;12;;;32025.0;0.0
19;24500;ASH_COATED_OSMIUM;9988;21;9986;11;9983;10;10007;10;10008;13;10010;15;9998.0;0.0
19;24500;INTARIAN_PEPPER_ROOT;32019;10;32016;8;;;32032;10;32033;12;;;32025.5;0.0
19;24600;ASH_COATED_OSMIUM;9984;13;9982;15;;;10002;13;10005;13;;;9993.0;0.0
19;24600;INTARIAN_PEPPER_ROOT;32016;12;;;;;32028;9;;;;;32022.5;0.0
19;24700;ASH_COATED_OSMIUM;9984;10;9981;28;9979;14;10000;13;10002;30;10003;13;9992.5;0.0
19;24700;INTARIAN_PEPPER_ROOT;32018;18;;;;;32032;18;;;;;32025.5;0.0
19;24800;ASH_COATED_OSMIUM;9984;13;9983;10;;;10000;22;10003;23;;;9992.5;0.0
19;24800;INTARIAN_PEPPER_ROOT;32016;8;32015;11;32014;12;32030;8;32031;11;32034;8;32023.0;0.0
19;24900;ASH_COATED_OSMIUM;9984;10;9982;13;;;10000;13;10001;15;;;9992.5;0.0
19;24900;INTARIAN_PEPPER_ROOT;32021;10;32020;8;;;32032;11;32034;8;;;32026.5;0.0
19;25000;ASH_COATED_OSMIUM;9989;15;9987;13;;;10005;14;10006;14;;;9997.0;0.0
19;25000;INTARIAN_PEPPER_ROOT;32022;17;32020;8;32018;12;32025;10;32028;16;32031;12;32024.0;0.0
19;25100;ASH_COATED_OSMIUM;9989;12;9988;14;;;10005;10;10006;11;;;9997.5;0.0
19;25100;INTARIAN_PEPPER_ROOT;32017;8;32015;8;;;32037;8;32039;8;;;32027.0;0.0
19;25200;ASH_COATED_OSMIUM;9989;10;9986;14;9985;15;10005;13;10006;15;10007;13;9997.5;0.0
19;25200;INTARIAN_PEPPER_ROOT;32014;8;;;;;32027;19;;;;;32021.0;0.0
19;25300;ASH_COATED_OSMIUM;9984;14;9982;15;9979;12;10000;14;10003;24;10005;14;9992.5;0.0
19;25300;INTARIAN_PEPPER_ROOT;32018;11;32015;9;32013;7;32032;10;32034;12;32037;20;32025.0;0.0
19;25400;ASH_COATED_OSMIUM;9989;14;9986;13;;;10007;13;10008;10;;;9998.5;0.0
19;25400;INTARIAN_PEPPER_ROOT;32017;8;32015;19;32013;12;32033;8;32036;11;32037;9;32025.0;0.0
19;25500;ASH_COATED_OSMIUM;9985;11;9983;14;9980;12;10001;14;10002;13;10005;14;9993.0;0.0
19;25500;INTARIAN_PEPPER_ROOT;32018;8;32016;12;;;32032;9;32033;18;;;32025.5;0.0
19;25600;ASH_COATED_OSMIUM;9984;14;9983;15;;;10003;14;10005;10;;;9993.5;0.0
19;25600;INTARIAN_PEPPER_ROOT;32019;11;32018;12;32017;18;32032;8;32034;10;32037;7;32026.0;0.0
19;25700;ASH_COATED_OSMIUM;9985;13;9983;14;;;10001;10;10002;13;;;9993.0;0.0
19;25700;INTARIAN_PEPPER_ROOT;32017;24;32014;10;32011;8;32030;9;32033;11;32035;17;32023.5;0.0
19;25800;ASH_COATED_OSMIUM;9989;12;;;;;10007;21;;;;;9998.5;0.0
19;25800;INTARIAN_PEPPER_ROOT;32019;10;32017;12;;;32031;16;32034;12;;;32025.0;0.0
19;25900;ASH_COATED_OSMIUM;9990;11;9989;10;;;10006;11;10009;12;;;9998.5;0.0
19;25900;INTARIAN_PEPPER_ROOT;32022;17;;;;;32033;12;;;;;32027.5;0.0
19;26000;ASH_COATED_OSMIUM;9985;10;9983;14;;;10001;11;10002;22;;;9993.5;0.0
19;26000;INTARIAN_PEPPER_ROOT;32024;11;32021;8;32019;9;32035;11;32037;12;32039;10;32029.5;0.0
19;26100;ASH_COATED_OSMIUM;9990;14;9989;14;9987;11;10006;24;10008;14;10011;13;9998.0;0.0
19;26100;INTARIAN_PEPPER_ROOT;32024;10;32023;11;;;32026;9;32028;10;;;32025.0;0.0
19;26200;ASH_COATED_OSMIUM;9989;11;9986;9;;;10005;25;10008;10;;;9997.5;0.0
19;26200;INTARIAN_PEPPER_ROOT;32016;11;32013;19;;;32033;10;32034;21;;;32024.5;0.0
19;26300;ASH_COATED_OSMIUM;9982;15;9980;22;;;10001;27;10002;10;;;9992.0;0.0
19;26300;INTARIAN_PEPPER_ROOT;32021;9;;;;;32032;24;;;;;32026.5;0.0
19;26400;ASH_COATED_OSMIUM;9988;10;9985;15;9983;21;10007;11;10008;13;10010;30;9997.5;0.0
19;26400;INTARIAN_PEPPER_ROOT;32019;10;;;;;32034;11;;;;;32026.5;0.0
19;26500;ASH_COATED_OSMIUM;9989;11;;;;;10005;12;;;;;9997.0;0.0
19;26500;INTARIAN_PEPPER_ROOT;32019;9;32018;18;;;32035;10;32038;15;;;32027.0;0.0
19;26600;ASH_COATED_OSMIUM;9983;15;9981;23;;;10001;14;10002;14;;;9992.0;0.0
19;26600;INTARIAN_PEPPER_ROOT;32018;9;;;;;32034;10;;;;;32026.0;0.0
19;26700;ASH_COATED_OSMIUM;9989;14;9988;11;;;10005;14;10007;10;;;9997.0;0.0
19;26700;INTARIAN_PEPPER_ROOT;32019;10;;;;;32030;8;;;;;32025.0;0.0
19;26800;ASH_COATED_OSMIUM;9989;14;9988;12;;;10005;12;10008;15;;;9997.0;0.0
19;26800;INTARIAN_PEPPER_ROOT;32017;10;32015;11;;;32031;21;32032;9;;;32024.5;0.0
19;26900;ASH_COATED_OSMIUM;9989;15;;;;;10005;14;;;;;9997.0;0.0
19;26900;INTARIAN_PEPPER_ROOT;32020;10;32017;19;;;32035;8;32037;9;;;32028.0;0.0
19;27000;ASH_COATED_OSMIUM;9990;29;9988;15;;;10003;12;10006;10;;;9997.0;0.0
19;27000;INTARIAN_PEPPER_ROOT;32024;8;32022;11;32020;10;32033;11;32036;16;32039;11;32028.5;0.0
19;27100;ASH_COATED_OSMIUM;9984;12;9983;11;9981;26;10000;14;10001;11;10002;12;9992.0;0.0
19;27100;INTARIAN_PEPPER_ROOT;32016;10;32013;10;32011;10;32032;9;32034;10;32036;10;32024.5;0.0
19;27200;ASH_COATED_OSMIUM;9991;25;9990;10;;;10002;13;10005;14;;;9996.5;0.0
19;27200;INTARIAN_PEPPER_ROOT;32020;8;32017;12;32014;12;32031;24;32032;10;32035;11;32026.0;0.0
19;27300;ASH_COATED_OSMIUM;9988;14;9985;15;;;10004;13;10005;10;;;9996.5;0.0
19;27300;INTARIAN_PEPPER_ROOT;32018;9;32016;11;;;32032;11;32035;8;;;32025.0;0.0
19;27400;ASH_COATED_OSMIUM;9988;15;9985;11;;;10004;25;10007;15;;;9996.0;0.0
19;27400;INTARIAN_PEPPER_ROOT;32017;9;;;;;32033;17;;;;;32025.5;0.0
19;27500;ASH_COATED_OSMIUM;9982;30;9980;10;;;9998;13;9999;14;;;9990.5;0.0
19;27500;INTARIAN_PEPPER_ROOT;32019;8;32016;8;;;32031;11;32034;9;;;32025.5;0.0
19;27600;ASH_COATED_OSMIUM;9987;30;;;;;10003;13;;;;;9995.5;0.0
19;27600;INTARIAN_PEPPER_ROOT;32022;12;32021;12;32019;9;32035;10;32038;12;32041;10;32029.0;0.0
19;27700;ASH_COATED_OSMIUM;9986;29;9985;4;9983;26;10004;12;10007;10;10009;12;9995.5;0.0
19;27700;INTARIAN_PEPPER_ROOT;32021;16;;;;;32033;12;;;;;32027.5;0.0
19;27800;ASH_COATED_OSMIUM;9986;11;9984;12;;;10005;15;10008;15;;;9995.5;0.0
19;27800;INTARIAN_PEPPER_ROOT;32023;12;32022;12;;;32034;11;32037;11;;;32029.0;0.0
19;27900;ASH_COATED_OSMIUM;9988;15;;;;;10004;25;;;;;9996.0;0.0
19;27900;INTARIAN_PEPPER_ROOT;32023;10;32022;11;32020;11;32035;9;32038;10;32040;11;32029.5;0.0
19;28000;ASH_COATED_OSMIUM;9987;13;9986;24;;;10005;12;10008;10;;;9996.0;0.0
19;28000;INTARIAN_PEPPER_ROOT;32022;20;32021;18;;;32033;10;32034;10;;;32027.5;0.0
19;28100;ASH_COATED_OSMIUM;9981;30;9980;11;9977;14;9999;11;10002;13;10005;12;9990.0;0.0
19;28100;INTARIAN_PEPPER_ROOT;32020;12;32019;12;;;32035;8;32036;12;;;32028.0;0.0
19;28200;ASH_COATED_OSMIUM;9982;15;;;;;9998;14;;;;;9990.5;0.0
19;28200;INTARIAN_PEPPER_ROOT;32021;4;;;;;32034;8;;;;;32028.0;0.0
19;28300;ASH_COATED_OSMIUM;9982;11;9980;11;;;9998;11;9999;4;;;9990.5;0.0
19;28300;INTARIAN_PEPPER_ROOT;32023;20;32021;21;32018;8;32037;11;32040;10;32043;10;32030.0;0.0
19;28400;ASH_COATED_OSMIUM;9987;10;;;;;10003;12;;;;;9995.0;0.0
19;28400;INTARIAN_PEPPER_ROOT;32023;4;;;;;32034;8;;;;;32028.5;0.0
19;28500;ASH_COATED_OSMIUM;9981;14;9978;30;;;9997;12;9998;13;;;9989.5;0.0
19;28500;INTARIAN_PEPPER_ROOT;32021;11;32018;10;32017;12;32034;8;32035;12;32036;12;32028.0;0.0
19;28600;ASH_COATED_OSMIUM;9980;15;9978;11;;;9999;13;10000;15;;;9990.0;0.0
19;28600;INTARIAN_PEPPER_ROOT;32021;9;32020;11;;;32033;6;32036;22;;;32027.0;0.0
19;28700;ASH_COATED_OSMIUM;9987;20;9984;15;;;10003;13;10006;10;;;9995.0;0.0
19;28700;INTARIAN_PEPPER_ROOT;32021;12;;;;;32032;8;;;;;32027.0;0.0
19;28800;ASH_COATED_OSMIUM;9986;11;9985;15;9983;14;10004;26;10007;15;10008;15;9995.0;0.0
19;28800;INTARIAN_PEPPER_ROOT;32022;10;;;;;32033;10;;;;;32028.0;0.0
19;28900;ASH_COATED_OSMIUM;9986;15;;;;;10005;14;;;;;9995.5;0.0
19;28900;INTARIAN_PEPPER_ROOT;32022;5;32021;10;;;32036;11;32038;8;;;32029.0;0.0
19;29000;ASH_COATED_OSMIUM;9982;11;9979;10;9978;27;9998;12;10001;28;10003;10;9990.0;0.0
19;29000;INTARIAN_PEPPER_ROOT;32020;11;32019;12;;;32034;8;32035;21;;;32027.5;0.0
19;29100;ASH_COATED_OSMIUM;9985;13;;;;;9994;13;;;;;9990.0;0.0
19;29100;INTARIAN_PEPPER_ROOT;32027;8;32024;12;;;32042;8;32044;10;;;32034.5;0.0
19;29200;ASH_COATED_OSMIUM;9987;12;9985;13;;;10003;11;10005;15;;;9995.0;0.0
19;29200;INTARIAN_PEPPER_ROOT;32018;11;32015;12;32012;9;32033;11;32035;10;32038;12;32026.0;0.0
19;29300;ASH_COATED_OSMIUM;9981;10;9979;24;9976;28;9997;12;9998;13;10000;13;9989.5;0.0
19;29300;INTARIAN_PEPPER_ROOT;32022;20;32021;9;32019;11;32039;9;32040;9;32043;11;32031.0;0.0
19;29400;ASH_COATED_OSMIUM;9982;15;9979;13;;;9998;13;10001;13;;;9990.0;0.0
19;29400;INTARIAN_PEPPER_ROOT;32025;11;32024;8;;;32037;9;32040;10;;;32031.0;0.0
19;29500;ASH_COATED_OSMIUM;9985;12;;;;;10004;26;;;;;9995.0;0.0
19;29500;INTARIAN_PEPPER_ROOT;32026;15;32025;12;32023;8;32039;5;32040;9;32043;12;32032.5;0.0
19;29600;ASH_COATED_OSMIUM;9987;29;9986;4;;;10003;23;10006;12;;;9995.0;0.0
19;29600;INTARIAN_PEPPER_ROOT;32021;8;32020;10;;;32034;3;32037;9;;;32028.0;0.0
19;29700;ASH_COATED_OSMIUM;9987;14;9984;28;;;10003;13;10004;11;;;9995.0;0.0
19;29700;INTARIAN_PEPPER_ROOT;32027;25;;;;;32038;9;;;;;32033.0;0.0
19;29800;ASH_COATED_OSMIUM;9982;10;9979;21;;;9998;15;10000;12;;;9990.0;0.0
19;29800;INTARIAN_PEPPER_ROOT;32023;17;32021;10;;;32036;9;32037;12;;;32030.0;0.0
19;29900;ASH_COATED_OSMIUM;9987;10;9986;11;9984;13;10003;12;10004;23;10005;15;9995.5;0.0
19;29900;INTARIAN_PEPPER_ROOT;32021;11;;;;;32038;10;;;;;32029.5;0.0
19;30000;ASH_COATED_OSMIUM;9986;10;;;;;10004;15;;;;;9995.5;0.0
19;30000;INTARIAN_PEPPER_ROOT;32025;10;;;;;32037;10;;;;;32031.0;0.0
19;30100;ASH_COATED_OSMIUM;9982;29;9980;14;;;9998;11;10000;28;;;9990.5;0.0
19;30100;INTARIAN_PEPPER_ROOT;32023;9;;;;;32037;10;;;;;32030.0;0.0
19;30200;ASH_COATED_OSMIUM;9987;15;9984;22;9981;10;10003;11;10004;15;10005;3;9995.5;0.0
19;30200;INTARIAN_PEPPER_ROOT;32021;9;32019;10;32016;8;32035;9;32037;8;32038;8;32028.0;0.0
19;30300;ASH_COATED_OSMIUM;9987;15;9984;13;9983;2;10003;10;10005;15;10007;12;9995.0;0.0
19;30300;INTARIAN_PEPPER_ROOT;32026;21;;;;;32037;10;;;;;32031.5;0.0
19;30400;ASH_COATED_OSMIUM;9991;13;9990;15;9989;12;10000;11;10002;10;10003;10;9995.5;0.0
19;30400;INTARIAN_PEPPER_ROOT;32018;11;32017;9;32014;10;32035;23;32037;11;32040;24;32026.5;0.0
19;30500;ASH_COATED_OSMIUM;9986;12;9985;12;9982;11;10005;10;10008;13;10009;13;9995.5;0.0
19;30500;INTARIAN_PEPPER_ROOT;32025;9;32023;11;;;32040;8;32041;11;;;32033.0;0.0
19;30600;ASH_COATED_OSMIUM;9983;26;;;;;9999;15;;;;;9991.0;0.0
19;30600;INTARIAN_PEPPER_ROOT;32024;8;32022;17;;;32036;8;32039;12;;;32030.0;0.0
19;30700;ASH_COATED_OSMIUM;9982;25;;;;;9998;10;;;;;9990.5;0.0
19;30700;INTARIAN_PEPPER_ROOT;32024;10;32022;12;32019;12;32039;10;32040;8;32041;9;32032.0;0.0
19;30800;ASH_COATED_OSMIUM;9986;15;9984;15;;;10004;13;10007;15;;;9995.5;0.0
19;30800;INTARIAN_PEPPER_ROOT;32034;9;32032;9;32029;8;32047;11;32050;8;32053;6;32040.5;0.0
19;30900;ASH_COATED_OSMIUM;9987;12;;;;;10003;10;;;;;9995.0;0.0
19;30900;INTARIAN_PEPPER_ROOT;32024;12;32021;11;32020;10;32037;11;32039;8;32042;9;32031.0;0.0
19;31000;ASH_COATED_OSMIUM;9981;10;9978;13;9975;12;9997;12;9999;11;10001;10;9989.5;0.0
19;31000;INTARIAN_PEPPER_ROOT;32023;8;32020;9;32019;11;32038;8;32039;17;32042;9;32030.5;0.0
19;31100;ASH_COATED_OSMIUM;9986;20;9985;14;;;10002;10;10004;14;;;9994.0;0.0
19;31100;INTARIAN_PEPPER_ROOT;32023;11;;;;;32037;25;;;;;32030.5;0.0
19;31200;ASH_COATED_OSMIUM;9987;14;9985;15;9982;13;10003;14;10004;13;10007;14;9995.0;0.0
19;31200;INTARIAN_PEPPER_ROOT;32026;12;;;;;32039;12;;;;;32032.5;0.0
19;31300;ASH_COATED_OSMIUM;9986;12;9983;28;;;10004;10;10005;12;;;9995.0;0.0
19;31300;INTARIAN_PEPPER_ROOT;32024;10;32021;8;;;32039;12;32041;9;;;32031.5;0.0
19;31400;ASH_COATED_OSMIUM;9987;14;;;;;10003;14;;;;;9995.0;0.0
19;31400;INTARIAN_PEPPER_ROOT;32030;12;32029;9;;;32045;12;32046;10;;;32037.5;0.0
19;31500;ASH_COATED_OSMIUM;9980;27;;;;;9999;14;;;;;9990.0;0.0
19;31500;INTARIAN_PEPPER_ROOT;32024;9;;;;;32041;11;;;;;32032.5;0.0
19;31600;ASH_COATED_OSMIUM;9987;13;9986;13;;;10003;13;10004;14;;;9995.5;0.0
19;31600;INTARIAN_PEPPER_ROOT;32025;8;32022;18;32020;16;32038;9;32041;9;32042;8;32031.5;0.0
19;31700;ASH_COATED_OSMIUM;9983;20;9982;14;;;9999;12;10002;21;;;9991.0;0.0
19;31700;INTARIAN_PEPPER_ROOT;32023;12;;;;;32034;12;;;;;32029.0;0.0
19;31800;ASH_COATED_OSMIUM;9983;12;9982;11;;;9999;11;10002;14;;;9991.5;0.0
19;31800;INTARIAN_PEPPER_ROOT;32023;12;32021;6;;;32040;19;32041;8;;;32031.5;0.0
19;31900;ASH_COATED_OSMIUM;9989;21;;;;;10005;15;;;;;9997.0;0.0
19;31900;INTARIAN_PEPPER_ROOT;32029;12;32027;17;;;32041;10;32042;10;;;32035.5;0.0
19;32000;ASH_COATED_OSMIUM;9984;10;;;;;10000;15;;;;;9992.5;0.0
19;32000;INTARIAN_PEPPER_ROOT;32021;12;;;;;32035;9;;;;;32028.5;0.0
19;32100;ASH_COATED_OSMIUM;9985;14;9984;15;;;10001;10;10003;14;;;9993.0;0.0
19;32100;INTARIAN_PEPPER_ROOT;32027;9;;;;;32040;12;;;;;32034.0;0.0
19;32200;ASH_COATED_OSMIUM;9991;15;;;;;10006;12;;;;;9998.5;0.0
19;32200;INTARIAN_PEPPER_ROOT;32025;9;32024;10;32022;16;32038;11;32040;11;32042;12;32032.0;0.0
19;32300;ASH_COATED_OSMIUM;9993;13;9991;14;;;10003;13;10006;30;;;9998.5;0.0
19;32300;INTARIAN_PEPPER_ROOT;32023;8;32022;8;;;32036;8;32039;11;;;32029.5;0.0
19;32400;ASH_COATED_OSMIUM;9990;14;9987;27;9984;11;10008;20;10009;15;10010;13;9999.0;0.0
19;32400;INTARIAN_PEPPER_ROOT;32026;11;;;;;32040;21;;;;;32033.0;0.0
19;32500;ASH_COATED_OSMIUM;9985;14;9984;10;9982;13;10001;26;10003;11;10004;14;9993.5;0.0
19;32500;INTARIAN_PEPPER_ROOT;32028;12;;;;;32042;8;;;;;32035.0;0.0
19;32600;ASH_COATED_OSMIUM;9989;14;9987;12;9986;11;10007;14;10010;14;10012;27;9998.0;0.0
19;32600;INTARIAN_PEPPER_ROOT;32026;9;32023;11;;;32043;8;32045;9;;;32035.0;0.0
19;32700;ASH_COATED_OSMIUM;9982;13;;;;;10001;13;;;;;9992.0;0.0
19;32700;INTARIAN_PEPPER_ROOT;32028;25;32025;11;;;32040;20;32043;25;;;32034.0;0.0
19;32800;ASH_COATED_OSMIUM;9988;24;9985;12;;;10007;15;10009;12;;;9998.0;0.0
19;32800;INTARIAN_PEPPER_ROOT;32027;11;32025;12;32023;9;32041;10;32042;9;32044;8;32034.5;0.0
19;32900;ASH_COATED_OSMIUM;9990;15;9987;11;9985;10;10006;13;10008;28;10011;13;9998.0;0.0
19;32900;INTARIAN_PEPPER_ROOT;32025;9;;;;;32040;8;;;;;32032.5;0.0
19;33000;ASH_COATED_OSMIUM;9985;12;;;;;10001;12;;;;;9993.0;0.0
19;33000;INTARIAN_PEPPER_ROOT;32026;15;32024;8;;;32040;10;32043;8;;;32033.5;0.0
19;33100;ASH_COATED_OSMIUM;9990;13;9989;12;;;10006;28;10008;11;;;9998.0;0.0
19;33100;INTARIAN_PEPPER_ROOT;32025;12;32023;12;;;32037;25;32040;9;;;32031.0;0.0
19;33200;ASH_COATED_OSMIUM;9983;23;;;;;10001;15;;;;;9992.5;0.0
19;33200;INTARIAN_PEPPER_ROOT;32025;8;32023;12;;;32040;21;32042;10;;;32032.5;0.0
19;33300;ASH_COATED_OSMIUM;9989;12;9988;11;;;9995;25;9996;12;;;9992.5;0.0
19;33300;INTARIAN_PEPPER_ROOT;32025;12;32024;10;;;32036;8;32038;12;;;32031.0;0.0
19;33400;ASH_COATED_OSMIUM;9984;25;9982;25;;;10000;10;10002;10;;;9992.0;0.0
19;33400;INTARIAN_PEPPER_ROOT;32030;24;32027;9;32024;11;32042;18;32045;24;32048;15;32036.5;0.0
19;33500;ASH_COATED_OSMIUM;9993;7;;;;;10002;14;;;;;9997.5;0.0
19;33500;INTARIAN_PEPPER_ROOT;32032;12;32031;23;32028;12;32043;9;32044;10;32046;12;32037.5;0.0
19;33600;ASH_COATED_OSMIUM;9982;25;;;;;10000;13;;;;;9991.5;0.0
19;33600;INTARIAN_PEPPER_ROOT;32021;11;;;;;32038;22;;;;;32030.0;0.0
19;33700;ASH_COATED_OSMIUM;9984;12;;;;;10000;2;;;;;9992.0;0.0
19;33700;INTARIAN_PEPPER_ROOT;32029;11;32028;11;32026;23;32040;8;32042;10;32043;10;32035.0;0.0
19;33800;ASH_COATED_OSMIUM;9988;14;9986;15;9984;29;10006;30;10008;12;10010;14;9997.0;0.0
19;33800;INTARIAN_PEPPER_ROOT;32027;21;32025;9;32024;8;32040;12;32043;10;32046;8;32034.0;0.0
19;33900;ASH_COATED_OSMIUM;9987;30;9985;23;;;10003;11;10005;10;;;9995.5;0.0
19;33900;INTARIAN_PEPPER_ROOT;32025;8;32024;10;;;32038;21;32040;12;;;32032.0;0.0
19;34000;ASH_COATED_OSMIUM;9983;11;9980;12;;;9999;12;10000;12;;;9991.0;0.0
19;34000;INTARIAN_PEPPER_ROOT;32026;25;;;;;32040;12;;;;;32033.0;0.0
19;34100;ASH_COATED_OSMIUM;9988;12;9987;11;;;10004;15;10007;13;;;9996.5;0.0
19;34100;INTARIAN_PEPPER_ROOT;32024;10;32022;11;32019;25;32037;8;32039;8;32042;12;32030.5;0.0
19;34200;ASH_COATED_OSMIUM;9982;14;9981;14;;;9998;12;10000;14;;;9990.5;0.0
19;34200;INTARIAN_PEPPER_ROOT;32026;9;32023;10;;;32038;8;32040;11;;;32032.5;0.0
19;34300;ASH_COATED_OSMIUM;9988;14;9986;14;9985;12;10004;24;10007;11;10008;10;9996.5;0.0
19;34300;INTARIAN_PEPPER_ROOT;32025;11;;;;;32037;9;;;;;32031.5;0.0
19;34400;ASH_COATED_OSMIUM;9988;12;9986;12;9983;13;10004;15;10007;10;10009;15;9996.5;0.0
19;34400;INTARIAN_PEPPER_ROOT;32021;12;32020;9;32019;10;32037;10;32038;11;32041;10;32029.5;0.0
19;34500;ASH_COATED_OSMIUM;9988;10;9987;24;;;10004;13;10005;21;;;9996.5;0.0
19;34500;INTARIAN_PEPPER_ROOT;32028;11;32026;19;;;32041;11;32043;10;;;32034.5;0.0
19;34600;ASH_COATED_OSMIUM;9983;11;;;;;9999;22;;;;;9991.5;0.0
19;34600;INTARIAN_PEPPER_ROOT;32026;9;32024;9;;;32039;9;32041;10;;;32033.0;0.0
19;34700;ASH_COATED_OSMIUM;9983;11;9981;20;;;10001;22;10004;10;;;9992.0;0.0
19;34700;INTARIAN_PEPPER_ROOT;32031;24;32029;9;;;32043;12;32045;11;;;32037.5;0.0
19;34800;ASH_COATED_OSMIUM;9987;11;9986;11;9985;15;10005;12;10008;14;10011;10;9996.5;0.0
19;34800;INTARIAN_PEPPER_ROOT;32027;11;32024;9;32022;11;32043;11;32044;9;32047;11;32035.0;0.0
19;34900;ASH_COATED_OSMIUM;9983;15;9982;13;;;9999;21;10000;10;;;9991.5;0.0
19;34900;INTARIAN_PEPPER_ROOT;32030;24;32027;8;32025;9;32042;10;32043;8;32044;9;32036.0;0.0
19;35000;ASH_COATED_OSMIUM;9992;15;;;;;10003;10;;;;;9997.5;0.0
19;35000;INTARIAN_PEPPER_ROOT;32029;8;32026;23;;;32042;10;32045;8;;;32035.5;0.0
19;35100;ASH_COATED_OSMIUM;9989;5;9987;13;;;10005;10;10007;12;;;9997.0;0.0
19;35100;INTARIAN_PEPPER_ROOT;32029;11;32026;9;;;32042;9;32044;12;;;32035.5;0.0
19;35200;ASH_COATED_OSMIUM;9985;15;9984;12;;;10001;12;10002;15;;;9993.0;0.0
19;35200;INTARIAN_PEPPER_ROOT;32030;9;;;;;32039;8;;;;;32035.0;0.0
19;35300;ASH_COATED_OSMIUM;9989;11;9986;14;9984;14;10005;14;10006;11;10009;13;9997.5;0.0
19;35300;INTARIAN_PEPPER_ROOT;32021;11;32018;8;32017;9;32041;12;32044;12;32047;11;32031.5;0.0
19;35400;ASH_COATED_OSMIUM;9983;26;;;;;9999;23;;;;;9991.5;0.0
19;35400;INTARIAN_PEPPER_ROOT;32027;9;32024;12;32022;9;32040;9;32042;11;32045;10;32033.5;0.0
19;35500;ASH_COATED_OSMIUM;9983;13;;;;;9999;14;;;;;9991.0;0.0
19;35500;INTARIAN_PEPPER_ROOT;32029;11;32027;11;32026;10;32042;10;32045;11;32047;11;32036.0;0.0
19;35600;ASH_COATED_OSMIUM;9983;10;;;;;9999;12;;;;;9991.5;0.0
19;35600;INTARIAN_PEPPER_ROOT;32029;9;32028;12;;;32042;8;32045;10;;;32035.5;0.0
19;35700;ASH_COATED_OSMIUM;9983;14;9982;15;9981;15;9999;25;10002;29;10003;23;9991.5;0.0
19;35700;INTARIAN_PEPPER_ROOT;32032;10;;;;;32044;24;;;;;32038.5;0.0
19;35800;ASH_COATED_OSMIUM;9988;14;9985;13;;;10004;14;10005;27;;;9996.5;0.0
19;35800;INTARIAN_PEPPER_ROOT;32026;9;32025;24;;;32043;25;32044;12;;;32034.5;0.0
19;35900;ASH_COATED_OSMIUM;9983;15;9980;15;9978;11;9999;15;10002;12;10004;12;9991.5;0.0
19;35900;INTARIAN_PEPPER_ROOT;32030;10;;;;;32043;9;;;;;32037.0;0.0
19;36000;ASH_COATED_OSMIUM;9988;12;9985;23;;;10006;14;10007;13;;;9997.0;0.0
19;36000;INTARIAN_PEPPER_ROOT;32026;22;32023;11;32021;17;32040;18;32042;12;32043;11;32033.0;0.0
19;36100;ASH_COATED_OSMIUM;9983;15;;;;;9999;10;;;;;9991.5;0.0
19;36100;INTARIAN_PEPPER_ROOT;32030;18;32028;23;32026;10;32042;11;32045;15;32046;11;32036.0;0.0
19;36200;ASH_COATED_OSMIUM;9989;14;9988;15;;;10005;20;10006;13;;;9997.0;0.0
19;36200;INTARIAN_PEPPER_ROOT;32027;8;32024;8;;;32040;11;32041;8;;;32034.0;0.0
19;36300;ASH_COATED_OSMIUM;9981;13;9978;27;9975;15;10002;10;10003;13;10006;15;9991.5;0.0
19;36300;INTARIAN_PEPPER_ROOT;32029;11;32028;12;32026;15;32043;11;32045;9;32046;8;32036.0;0.0
19;36400;ASH_COATED_OSMIUM;9983;14;9982;13;9980;12;9999;13;10000;13;10002;11;9991.5;0.0
19;36400;INTARIAN_PEPPER_ROOT;32026;25;32025;20;32024;10;32038;12;32041;11;32044;11;32032.5;0.0
19;36500;ASH_COATED_OSMIUM;9983;10;9980;30;;;9999;15;10002;12;;;9991.5;0.0
19;36500;INTARIAN_PEPPER_ROOT;32035;8;32032;12;;;32048;10;32050;8;;;32042.0;0.0
19;36600;ASH_COATED_OSMIUM;9989;12;9988;12;9985;11;10005;3;10006;15;10008;13;9997.0;0.0
19;36600;INTARIAN_PEPPER_ROOT;32032;11;32031;11;;;32042;10;32043;11;;;32037.5;0.0
19;36700;ASH_COATED_OSMIUM;9988;26;9985;11;;;10004;10;10006;15;;;9996.5;0.0
19;36700;INTARIAN_PEPPER_ROOT;32029;11;;;;;32035;9;;;;;32032.0;0.0
19;36800;ASH_COATED_OSMIUM;9988;12;9987;13;9984;14;10004;15;10005;11;10006;12;9996.0;0.0
19;36800;INTARIAN_PEPPER_ROOT;32027;8;;;;;32038;12;;;;;32033.0;0.0
19;36900;ASH_COATED_OSMIUM;9982;15;9980;12;;;9998;20;10001;14;;;9990.0;0.0
19;36900;INTARIAN_PEPPER_ROOT;32025;8;;;;;32038;8;;;;;32031.5;0.0
19;37000;ASH_COATED_OSMIUM;9987;11;9985;11;9982;20;9993;13;9996;13;9998;13;9990.0;0.0
19;37000;INTARIAN_PEPPER_ROOT;32033;10;32030;10;;;32045;11;32047;12;;;32039.5;0.0
19;37100;ASH_COATED_OSMIUM;9981;3;;;;;9997;25;;;;;9989.5;0.0
19;37100;INTARIAN_PEPPER_ROOT;32030;10;;;;;32043;10;;;;;32037.0;0.0
19;37200;ASH_COATED_OSMIUM;9987;14;9984;23;9981;14;10003;12;10005;12;10008;15;9995.5;0.0
19;37200;INTARIAN_PEPPER_ROOT;32029;24;;;;;32043;11;;;;;32036.0;0.0
19;37300;ASH_COATED_OSMIUM;9982;13;9980;14;;;9998;10;10001;28;;;9990.0;0.0
19;37300;INTARIAN_PEPPER_ROOT;32032;9;;;;;32044;12;;;;;32038.5;0.0
19;37400;ASH_COATED_OSMIUM;9982;12;;;;;9998;13;;;;;9990.0;0.0
19;37400;INTARIAN_PEPPER_ROOT;32037;8;;;;;32043;10;;;;;32040.5;0.0
19;37500;ASH_COATED_OSMIUM;9982;13;9980;11;;;9998;12;10000;15;;;9990.5;0.0
19;37500;INTARIAN_PEPPER_ROOT;32032;16;32029;11;32027;10;32043;12;32044;8;32046;10;32038.0;0.0
19;37600;ASH_COATED_OSMIUM;9986;15;9983;15;;;10005;12;10006;14;;;9995.5;0.0
19;37600;INTARIAN_PEPPER_ROOT;32029;12;;;;;32044;9;;;;;32037.0;0.0
19;37700;ASH_COATED_OSMIUM;9980;25;;;;;9999;12;;;;;9990.0;0.0
19;37700;INTARIAN_PEPPER_ROOT;32028;10;32027;18;;;32039;8;32042;8;;;32034.0;0.0
19;37800;ASH_COATED_OSMIUM;9986;22;;;;;10005;26;;;;;9995.5;0.0
19;37800;INTARIAN_PEPPER_ROOT;32034;8;32031;10;;;32046;12;32048;12;;;32040.0;0.0
19;37900;ASH_COATED_OSMIUM;9982;22;;;;;9998;15;;;;;9990.5;0.0
19;37900;INTARIAN_PEPPER_ROOT;32032;12;32029;12;;;32049;8;32052;12;;;32040.5;0.0
19;38000;ASH_COATED_OSMIUM;9981;13;9980;13;;;10000;27;10002;10;;;9990.5;0.0
19;38000;INTARIAN_PEPPER_ROOT;32030;10;32027;8;32026;10;32043;8;32045;15;32047;10;32036.5;0.0
19;38100;ASH_COATED_OSMIUM;9983;15;9981;13;;;9999;10;10001;10;;;9991.0;0.0
19;38100;INTARIAN_PEPPER_ROOT;32034;5;;;;;32048;11;;;;;32041.0;0.0
19;38200;ASH_COATED_OSMIUM;9981;11;;;;;9999;10;;;;;9990.5;0.0
19;38200;INTARIAN_PEPPER_ROOT;32030;11;32028;9;32027;12;32043;8;32046;10;32049;19;32036.5;0.0
19;38300;ASH_COATED_OSMIUM;9988;10;9986;12;9983;13;10004;12;10006;15;10007;12;9996.0;0.0
19;38300;INTARIAN_PEPPER_ROOT;32028;10;;;;;32041;10;;;;;32035.0;0.0
19;38400;ASH_COATED_OSMIUM;9987;2;9985;10;9984;13;10003;11;10004;10;10007;10;9995.5;0.0
19;38400;INTARIAN_PEPPER_ROOT;32027;11;32026;10;;;32046;25;32047;8;;;32036.5;0.0
19;38500;ASH_COATED_OSMIUM;9983;12;9982;11;9979;26;9999;23;10002;28;10005;26;9991.0;0.0
19;38500;INTARIAN_PEPPER_ROOT;32033;19;32030;3;;;32046;11;32049;20;;;32040.0;0.0
19;38600;ASH_COATED_OSMIUM;9988;14;9986;15;9984;11;10004;13;10006;14;10009;14;9996.0;0.0
19;38600;INTARIAN_PEPPER_ROOT;32031;8;32030;9;;;32045;10;32047;8;;;32038.0;0.0
19;38700;ASH_COATED_OSMIUM;9988;22;9985;15;;;10004;24;10007;15;;;9996.5;0.0
19;38700;INTARIAN_PEPPER_ROOT;32031;20;32028;10;32027;11;32045;11;32048;9;32050;8;32038.0;0.0
19;38800;ASH_COATED_OSMIUM;9982;11;9979;14;9977;11;10000;10;10003;14;10004;11;9991.5;0.0
19;38800;INTARIAN_PEPPER_ROOT;32032;8;32029;8;32027;25;32043;15;32045;11;32048;10;32037.5;0.0
19;38900;ASH_COATED_OSMIUM;9988;14;;;;;10006;12;;;;;9997.5;0.0
19;38900;INTARIAN_PEPPER_ROOT;32037;8;32035;11;;;32050;8;32053;17;;;32044.0;0.0
19;39000;ASH_COATED_OSMIUM;9982;15;9979;12;;;10001;28;10003;10;;;9992.0;0.0
19;39000;INTARIAN_PEPPER_ROOT;32033;22;;;;;32044;9;;;;;32039.0;0.0
19;39100;ASH_COATED_OSMIUM;9982;12;9979;14;;;10000;29;10002;14;;;9991.0;0.0
19;39100;INTARIAN_PEPPER_ROOT;32031;12;32030;9;32028;10;32043;9;32046;10;32049;12;32037.5;0.0
19;39200;ASH_COATED_OSMIUM;9983;10;;;;;9999;12;;;;;9991.5;0.0
19;39200;INTARIAN_PEPPER_ROOT;32034;9;32033;12;;;32045;9;32047;9;;;32040.0;0.0
19;39300;ASH_COATED_OSMIUM;9983;12;9981;13;;;9999;14;10001;10;;;9991.0;0.0
19;39300;INTARIAN_PEPPER_ROOT;32036;8;32035;9;;;32047;9;32049;12;;;32042.0;0.0
19;39400;ASH_COATED_OSMIUM;9983;27;;;;;9999;13;;;;;9991.0;0.0
19;39400;INTARIAN_PEPPER_ROOT;32034;8;32031;21;;;32041;12;32042;12;;;32038.0;0.0
19;39500;ASH_COATED_OSMIUM;9983;13;9980;15;;;9999;10;10001;5;;;9991.0;0.0
19;39500;INTARIAN_PEPPER_ROOT;32033;12;;;;;32044;10;;;;;32038.5;0.0
19;39600;ASH_COATED_OSMIUM;9981;14;;;;;10000;10;;;;;9991.0;0.0
19;39600;INTARIAN_PEPPER_ROOT;32033;8;32031;8;;;32046;15;32047;11;;;32040.0;0.0
19;39700;ASH_COATED_OSMIUM;9987;13;;;;;10005;14;;;;;9996.0;0.0
19;39700;INTARIAN_PEPPER_ROOT;32034;8;32031;18;;;32046;11;32048;12;;;32040.0;0.0
19;39800;ASH_COATED_OSMIUM;9983;11;;;;;9999;10;;;;;9991.0;0.0
19;39800;INTARIAN_PEPPER_ROOT;32030;12;32029;24;;;32047;12;32050;9;;;32038.5;0.0
19;39900;ASH_COATED_OSMIUM;9982;15;9981;28;9978;11;9998;12;10001;13;10003;25;9990.0;0.0
19;39900;INTARIAN_PEPPER_ROOT;32029;11;;;;;32045;12;;;;;32037.5;0.0
19;40000;ASH_COATED_OSMIUM;9987;13;;;;;10003;10;;;;;9995.5;0.0
19;40000;INTARIAN_PEPPER_ROOT;32037;10;;;;;32051;9;;;;;32044.0;0.0
19;40100;ASH_COATED_OSMIUM;9986;14;;;;;10004;10;;;;;9995.5;0.0
19;40100;INTARIAN_PEPPER_ROOT;32037;9;;;;;32050;9;;;;;32043.5;0.0
19;40200;ASH_COATED_OSMIUM;9980;12;9978;15;9975;12;10001;11;10003;11;10005;4;9990.5;0.0
19;40200;INTARIAN_PEPPER_ROOT;32030;12;32027;10;;;32045;12;32048;12;;;32038.0;0.0
19;40300;ASH_COATED_OSMIUM;9981;11;;;;;9997;15;;;;;9989.5;0.0
19;40300;INTARIAN_PEPPER_ROOT;32032;10;32030;12;;;32044;9;32046;9;;;32038.0;0.0
19;40400;ASH_COATED_OSMIUM;9987;15;9985;15;;;10003;3;10005;22;;;9995.0;0.0
19;40400;INTARIAN_PEPPER_ROOT;32034;21;32031;23;32030;21;32051;8;32054;9;32056;12;32042.5;0.0
19;40500;ASH_COATED_OSMIUM;9987;11;9985;14;9983;13;10003;15;10006;12;10008;14;9995.5;0.0
19;40500;INTARIAN_PEPPER_ROOT;32034;8;32032;10;32030;8;32045;10;32048;12;32050;3;32039.5;0.0
19;40600;ASH_COATED_OSMIUM;9988;13;9987;21;;;10004;10;10005;14;;;9996.0;0.0
19;40600;INTARIAN_PEPPER_ROOT;32035;10;32033;12;32030;12;32047;11;32048;9;32050;9;32041.0;0.0
19;40700;ASH_COATED_OSMIUM;9983;15;9981;28;9978;14;9999;11;10000;11;10001;20;9991.0;0.0
19;40700;INTARIAN_PEPPER_ROOT;32034;9;;;;;32049;8;;;;;32042.0;0.0
19;40800;ASH_COATED_OSMIUM;9983;15;9982;11;;;9999;15;10000;3;;;9991.5;0.0
19;40800;INTARIAN_PEPPER_ROOT;32035;11;32032;11;;;32047;15;32049;22;;;32041.0;0.0
19;40900;ASH_COATED_OSMIUM;9989;13;9987;28;9984;13;9995;13;9997;15;9998;13;9992.0;0.0
19;40900;INTARIAN_PEPPER_ROOT;32036;9;32035;8;;;32050;8;32053;11;;;32043.5;0.0
19;41000;ASH_COATED_OSMIUM;9984;13;9983;11;9981;12;10000;11;10002;29;10005;12;9992.0;0.0
19;41000;INTARIAN_PEPPER_ROOT;32035;19;;;;;32046;11;;;;;32040.5;0.0
19;41100;ASH_COATED_OSMIUM;9983;12;9981;14;;;10001;12;10003;10;;;9992.0;0.0
19;41100;INTARIAN_PEPPER_ROOT;32035;21;32033;10;;;32047;8;32048;10;;;32041.0;0.0
19;41200;ASH_COATED_OSMIUM;9988;26;;;;;10006;13;;;;;9997.5;0.0
19;41200;INTARIAN_PEPPER_ROOT;32035;12;;;;;32048;18;;;;;32042.0;0.0
19;41300;ASH_COATED_OSMIUM;9989;13;;;;;10005;10;;;;;9997.0;0.0
19;41300;INTARIAN_PEPPER_ROOT;32030;11;32027;8;32025;16;32045;9;32046;8;32047;12;32038.0;0.0
19;41400;ASH_COATED_OSMIUM;9989;12;;;;;10005;15;;;;;9997.0;0.0
19;41400;INTARIAN_PEPPER_ROOT;32039;12;32038;23;32036;11;32050;15;32052;10;32055;12;32044.5;0.0
19;41500;ASH_COATED_OSMIUM;9982;12;9980;10;;;10001;13;10002;12;;;9992.0;0.0
19;41500;INTARIAN_PEPPER_ROOT;32037;11;;;;;32049;16;;;;;32043.5;0.0
19;41600;ASH_COATED_OSMIUM;9992;22;9990;27;;;10002;12;10005;13;;;9997.5;0.0
19;41600;INTARIAN_PEPPER_ROOT;32039;12;;;;;32052;11;;;;;32045.5;0.0
19;41700;ASH_COATED_OSMIUM;9992;14;;;;;10002;25;;;;;9997.0;0.0
19;41700;INTARIAN_PEPPER_ROOT;32036;17;32034;8;32032;10;32049;11;32050;12;32052;18;32042.5;0.0
19;41800;ASH_COATED_OSMIUM;9989;10;;;;;10005;11;;;;;9997.0;0.0
19;41800;INTARIAN_PEPPER_ROOT;32039;8;32036;8;;;32050;8;32052;11;;;32044.5;0.0
19;41900;ASH_COATED_OSMIUM;9989;29;9986;12;;;10005;13;10007;15;;;9997.0;0.0
19;41900;INTARIAN_PEPPER_ROOT;32026;11;;;;;32043;8;;;;;32034.5;0.0
19;42000;ASH_COATED_OSMIUM;9983;10;9982;28;9980;30;10002;15;10003;26;10005;13;9992.5;0.0
19;42000;INTARIAN_PEPPER_ROOT;32038;10;32037;9;32036;10;32050;25;32052;8;32053;8;32044.0;0.0
19;42100;ASH_COATED_OSMIUM;9993;11;9991;25;;;10001;11;10002;15;;;9997.5;0.0
19;42100;INTARIAN_PEPPER_ROOT;32034;10;32033;12;;;32048;10;32050;12;;;32041.0;0.0
19;42200;ASH_COATED_OSMIUM;9990;11;;;;;10006;15;;;;;9998.0;0.0
19;42200;INTARIAN_PEPPER_ROOT;32036;11;;;;;32048;9;;;;;32042.0;0.0
19;42300;ASH_COATED_OSMIUM;9990;13;9989;14;;;10006;14;10007;12;;;9998.0;0.0
19;42300;INTARIAN_PEPPER_ROOT;32034;11;32033;12;32032;10;32048;10;32051;11;32053;12;32041.0;0.0
19;42400;ASH_COATED_OSMIUM;9989;10;9987;13;9984;10;10007;22;10008;12;10009;11;9998.5;0.0
19;42400;INTARIAN_PEPPER_ROOT;32031;24;32028;21;;;32047;11;32049;23;;;32039.0;0.0
19;42500;ASH_COATED_OSMIUM;9990;30;9988;11;9985;5;10006;25;10009;10;10010;10;9998.5;0.0
19;42500;INTARIAN_PEPPER_ROOT;32038;12;32035;8;;;32051;9;32052;12;;;32044.5;0.0
19;42600;ASH_COATED_OSMIUM;9985;11;9984;22;;;10001;15;10004;13;;;9993.0;0.0
19;42600;INTARIAN_PEPPER_ROOT;32033;9;32032;10;;;32046;9;32047;8;;;32039.5;0.0
19;42700;ASH_COATED_OSMIUM;9985;11;9983;15;;;10001;11;10002;10;;;9993.5;0.0
19;42700;INTARIAN_PEPPER_ROOT;32034;9;32033;11;;;32050;12;32052;11;;;32042.0;0.0
19;42800;ASH_COATED_OSMIUM;9985;11;;;;;10001;13;;;;;9993.5;0.0
19;42800;INTARIAN_PEPPER_ROOT;32038;11;;;;;32049;7;;;;;32043.5;0.0
19;42900;ASH_COATED_OSMIUM;9991;4;;;;;10007;4;;;;;9999.5;0.0
19;42900;INTARIAN_PEPPER_ROOT;32038;11;;;;;32051;11;;;;;32044.5;0.0
19;43000;ASH_COATED_OSMIUM;9991;14;9988;11;;;10007;12;10008;14;;;9999.5;0.0
19;43000;INTARIAN_PEPPER_ROOT;32035;10;32033;10;32031;9;32053;10;32054;10;32055;10;32044.0;0.0
19;43100;ASH_COATED_OSMIUM;9992;14;9990;26;;;10008;11;10009;27;;;10000.0;0.0
19;43100;INTARIAN_PEPPER_ROOT;32041;11;32039;11;;;32053;11;32055;9;;;32047.0;0.0
19;43200;ASH_COATED_OSMIUM;9987;13;9985;12;9982;27;10003;10;10005;14;10008;11;9995.0;0.0
19;43200;INTARIAN_PEPPER_ROOT;32040;10;;;;;32055;12;;;;;32048.0;0.0
19;43300;ASH_COATED_OSMIUM;9990;14;9988;12;9987;13;10000;24;10002;11;10005;12;9995.0;0.0
19;43300;INTARIAN_PEPPER_ROOT;32038;8;32036;19;;;32055;19;32057;10;;;32046.5;0.0
19;43400;ASH_COATED_OSMIUM;9992;13;9991;12;9989;12;10008;10;10009;13;10012;13;10000.5;0.0
19;43400;INTARIAN_PEPPER_ROOT;32038;8;32036;8;;;32048;11;32050;12;;;32043.0;0.0
19;43500;ASH_COATED_OSMIUM;9992;14;;;;;10008;15;;;;;10000.5;0.0
19;43500;INTARIAN_PEPPER_ROOT;32040;11;;;;;32053;9;;;;;32046.5;0.0
19;43600;ASH_COATED_OSMIUM;9987;23;;;;;10003;10;;;;;9995.5;0.0
19;43600;INTARIAN_PEPPER_ROOT;32041;11;32040;12;;;32053;10;32055;12;;;32047.0;0.0
19;43700;ASH_COATED_OSMIUM;9992;22;9989;13;9987;10;10008;15;10011;11;10013;15;10000.5;0.0
19;43700;INTARIAN_PEPPER_ROOT;32038;9;;;;;32051;9;;;;;32045.0;0.0
19;43800;ASH_COATED_OSMIUM;9992;11;9991;14;9988;10;10008;14;10010;13;10012;25;10000.0;0.0
19;43800;INTARIAN_PEPPER_ROOT;32037;10;;;;;32050;10;;;;;32043.5;0.0
19;43900;ASH_COATED_OSMIUM;9992;13;;;;;10008;14;;;;;10000.0;0.0
19;43900;INTARIAN_PEPPER_ROOT;32037;10;;;;;32050;8;;;;;32043.5;0.0
19;44000;ASH_COATED_OSMIUM;9987;22;;;;;10003;4;;;;;9995.0;0.0
19;44000;INTARIAN_PEPPER_ROOT;32034;8;32031;10;32028;10;32050;11;32051;12;32052;11;32042.0;0.0
19;44100;ASH_COATED_OSMIUM;9987;12;9984;13;9981;15;10003;14;10005;20;10006;24;9995.0;0.0
19;44100;INTARIAN_PEPPER_ROOT;32038;11;;;;;32051;8;;;;;32045.0;0.0
19;44200;ASH_COATED_OSMIUM;9986;15;9985;13;;;10004;12;10005;12;;;9995.0;0.0
19;44200;INTARIAN_PEPPER_ROOT;32036;8;32033;10;;;32049;24;32050;9;;;32042.5;0.0
19;44300;ASH_COATED_OSMIUM;9992;14;9989;12;;;10008;14;10010;14;;;10000.5;0.0
19;44300;INTARIAN_PEPPER_ROOT;32038;8;;;;;32052;11;;;;;32045.5;0.0
19;44400;ASH_COATED_OSMIUM;9995;11;9992;13;;;10005;14;10006;12;;;10000.5;0.0
19;44400;INTARIAN_PEPPER_ROOT;32041;10;;;;;32057;9;;;;;32049.5;0.0
19;44500;ASH_COATED_OSMIUM;9992;21;9991;10;9988;11;10008;12;10009;12;10010;14;10000.5;0.0
19;44500;INTARIAN_PEPPER_ROOT;32040;12;32038;9;32035;11;32052;19;32053;15;32055;8;32046.0;0.0
19;44600;ASH_COATED_OSMIUM;9986;12;9984;5;;;10005;15;10007;24;;;9995.5;0.0
19;44600;INTARIAN_PEPPER_ROOT;32038;10;;;;;32052;9;;;;;32045.5;0.0
19;44700;ASH_COATED_OSMIUM;9992;11;;;;;10008;23;;;;;10000.5;0.0
19;44700;INTARIAN_PEPPER_ROOT;32040;12;32039;10;;;32051;10;32052;9;;;32046.0;0.0
19;44800;ASH_COATED_OSMIUM;9986;12;;;;;10005;26;;;;;9995.5;0.0
19;44800;INTARIAN_PEPPER_ROOT;32036;9;32033;8;;;32050;12;32052;22;;;32043.5;0.0
19;44900;ASH_COATED_OSMIUM;9987;15;9984;24;;;10003;24;10004;10;;;9995.5;0.0
19;44900;INTARIAN_PEPPER_ROOT;32039;9;32036;8;32035;8;32053;11;32055;18;32056;10;32046.0;0.0
19;45000;ASH_COATED_OSMIUM;9987;12;;;;;10003;4;;;;;9995.0;0.0
19;45000;INTARIAN_PEPPER_ROOT;32035;8;32033;25;;;32052;9;32054;12;;;32043.5;0.0
19;45100;ASH_COATED_OSMIUM;9986;10;;;;;10002;15;;;;;9994.5;0.0
19;45100;INTARIAN_PEPPER_ROOT;32036;15;32034;21;32032;10;32053;10;32056;9;32057;21;32045.0;0.0
19;45200;ASH_COATED_OSMIUM;9990;30;9987;10;;;10009;11;10010;14;;;10000.0;0.0
19;45200;INTARIAN_PEPPER_ROOT;32040;17;;;;;32056;9;;;;;32048.5;0.0
19;45300;ASH_COATED_OSMIUM;9987;14;9984;14;;;10003;26;10004;15;;;9995.0;0.0
19;45300;INTARIAN_PEPPER_ROOT;32037;20;32034;8;;;32050;10;32051;25;;;32044.0;0.0
19;45400;ASH_COATED_OSMIUM;9987;23;;;;;10003;12;;;;;9995.0;0.0
19;45400;INTARIAN_PEPPER_ROOT;32043;11;;;;;32057;8;;;;;32050.0;0.0
19;45500;ASH_COATED_OSMIUM;9992;12;9991;24;9990;14;10008;14;10010;14;10011;14;10000.0;0.0
19;45500;INTARIAN_PEPPER_ROOT;32040;12;32038;10;;;32051;9;32053;11;;;32045.5;0.0
19;45600;ASH_COATED_OSMIUM;9986;25;;;;;10002;10;;;;;9994.5;0.0
19;45600;INTARIAN_PEPPER_ROOT;32035;9;32034;12;;;32049;9;32051;12;;;32042.0;0.0
19;45700;ASH_COATED_OSMIUM;9992;28;;;;;10008;14;;;;;10000.0;0.0
19;45700;INTARIAN_PEPPER_ROOT;32038;12;32035;12;;;32050;10;32052;12;;;32044.5;0.0
19;45800;ASH_COATED_OSMIUM;9986;12;9984;6;;;10004;14;10005;12;;;9995.0;0.0
19;45800;INTARIAN_PEPPER_ROOT;32039;8;32036;8;;;32052;11;32053;8;;;32045.5;0.0
19;45900;ASH_COATED_OSMIUM;9987;12;;;;;10003;10;;;;;9995.0;0.0
19;45900;INTARIAN_PEPPER_ROOT;32044;8;32041;12;;;32047;10;32050;19;;;32045.5;0.0
19;46000;ASH_COATED_OSMIUM;9987;14;9984;21;;;10003;12;10004;14;;;9995.0;0.0
19;46000;INTARIAN_PEPPER_ROOT;32038;10;32036;12;;;32052;9;32053;12;;;32045.5;0.0
19;46100;ASH_COATED_OSMIUM;9991;11;9989;13;;;10009;15;10010;25;;;10000.5;0.0
19;46100;INTARIAN_PEPPER_ROOT;32036;12;32033;9;;;32053;12;32054;9;;;32045.0;0.0
19;46200;ASH_COATED_OSMIUM;9987;14;9986;10;9984;25;10003;12;10005;10;10008;12;9995.5;0.0
19;46200;INTARIAN_PEPPER_ROOT;32037;10;;;;;32050;9;;;;;32043.5;0.0
19;46300;ASH_COATED_OSMIUM;9991;14;9989;13;;;10009;11;10011;11;;;10000.5;0.0
19;46300;INTARIAN_PEPPER_ROOT;32040;25;32037;9;32036;11;32054;9;32055;11;32057;24;32047.0;0.0
19;46400;ASH_COATED_OSMIUM;9987;10;;;;;10005;13;;;;;9996.0;0.0
19;46400;INTARIAN_PEPPER_ROOT;32040;11;32037;10;;;32053;11;32055;9;;;32046.5;0.0
19;46500;ASH_COATED_OSMIUM;9994;12;9991;23;9989;10;10010;10;10012;11;10013;11;10002.5;0.0
19;46500;INTARIAN_PEPPER_ROOT;32040;11;32039;12;32038;8;32052;10;32054;9;32056;8;32046.5;0.0
19;46600;ASH_COATED_OSMIUM;9987;11;;;;;10006;20;;;;;9997.0;0.0
19;46600;INTARIAN_PEPPER_ROOT;32040;17;32038;11;32037;9;32052;12;32053;11;32054;12;32046.5;0.0
19;46700;ASH_COATED_OSMIUM;9994;13;9993;12;9992;13;10010;15;10013;10;10015;11;10002.5;0.0
19;46700;INTARIAN_PEPPER_ROOT;32042;10;32041;10;;;32055;11;32057;9;;;32049.0;0.0
19;46800;ASH_COATED_OSMIUM;9989;14;;;;;10005;11;;;;;9997.5;0.0
19;46800;INTARIAN_PEPPER_ROOT;32040;11;;;;;32052;11;;;;;32046.5;0.0
19;46900;ASH_COATED_OSMIUM;9995;10;9993;30;9990;10;10011;14;10012;10;10014;29;10003.5;0.0
19;46900;INTARIAN_PEPPER_ROOT;32038;15;32035;11;;;32050;9;32052;11;;;32044.5;0.0
19;47000;ASH_COATED_OSMIUM;9994;12;9991;13;;;10013;14;10016;14;;;10003.5;0.0
19;47000;INTARIAN_PEPPER_ROOT;32045;16;32042;12;;;32050;24;32053;8;;;32047.5;0.0
19;47100;ASH_COATED_OSMIUM;9996;10;;;;;10012;12;;;;;10004.0;0.0
19;47100;INTARIAN_PEPPER_ROOT;32044;9;32041;9;32038;10;32058;9;32059;10;32062;23;32051.5;0.0
19;47200;ASH_COATED_OSMIUM;9991;15;9990;13;;;10007;15;10010;13;;;9999.0;0.0
19;47200;INTARIAN_PEPPER_ROOT;32040;9;32037;11;;;32051;24;32052;10;;;32046.0;0.0
19;47300;ASH_COATED_OSMIUM;9989;10;9987;14;9985;11;10008;21;10011;12;10013;12;9999.0;0.0
19;47300;INTARIAN_PEPPER_ROOT;32040;9;;;;;32054;8;;;;;32047.0;0.0
19;47400;ASH_COATED_OSMIUM;9994;11;;;;;10003;15;;;;;9998.5;0.0
19;47400;INTARIAN_PEPPER_ROOT;32045;9;32044;18;;;32058;11;32059;19;;;32052.0;0.0
19;47500;ASH_COATED_OSMIUM;9991;28;9990;14;;;10007;3;10008;25;;;9999.0;0.0
19;47500;INTARIAN_PEPPER_ROOT;32047;9;32045;20;;;32054;10;32055;9;;;32051.0;0.0
19;47600;ASH_COATED_OSMIUM;9997;13;9994;14;9991;26;10013;15;10014;10;10015;11;10005.0;0.0
19;47600;INTARIAN_PEPPER_ROOT;32043;10;32042;10;32040;10;32056;9;32058;9;32060;9;32050.0;0.0
19;47700;ASH_COATED_OSMIUM;9992;12;;;;;10008;13;;;;;10000.0;0.0
19;47700;INTARIAN_PEPPER_ROOT;32040;8;32037;11;;;32059;9;32060;10;;;32049.5;0.0
19;47800;ASH_COATED_OSMIUM;9995;10;9993;11;;;10014;3;10015;10;;;10005.0;0.0
19;47800;INTARIAN_PEPPER_ROOT;32040;11;32038;11;;;32056;8;32059;12;;;32048.5;0.0
19;47900;ASH_COATED_OSMIUM;9997;10;9994;14;9993;12;10013;15;10014;15;10015;15;10005.0;0.0
19;47900;INTARIAN_PEPPER_ROOT;32036;18;;;;;32051;11;;;;;32044.0;0.0
19;48000;ASH_COATED_OSMIUM;9990;14;9987;10;;;10009;12;10010;12;;;10000.0;0.0
19;48000;INTARIAN_PEPPER_ROOT;32042;12;;;;;32055;9;;;;;32048.5;0.0
19;48100;ASH_COATED_OSMIUM;9989;15;9988;10;;;10010;13;10012;15;;;10000.0;0.0
19;48100;INTARIAN_PEPPER_ROOT;32040;9;32038;21;32036;11;32051;9;32054;10;32057;9;32046.0;0.0
19;48200;ASH_COATED_OSMIUM;9996;10;9995;11;;;10005;12;10006;22;;;10001.0;0.0
19;48200;INTARIAN_PEPPER_ROOT;32041;10;;;;;32054;10;;;;;32047.5;0.0
19;48300;ASH_COATED_OSMIUM;9993;14;;;;;10009;12;;;;;10001.0;0.0
19;48300;INTARIAN_PEPPER_ROOT;32044;21;32041;5;;;32057;9;32058;12;;;32050.5;0.0
19;48400;ASH_COATED_OSMIUM;9992;21;9989;15;;;10008;12;10010;13;;;10000.5;0.0
19;48400;INTARIAN_PEPPER_ROOT;32043;8;32042;12;;;32060;10;32062;6;;;32051.5;0.0
19;48500;ASH_COATED_OSMIUM;9997;13;;;;;10013;12;;;;;10005.5;0.0
19;48500;INTARIAN_PEPPER_ROOT;32040;10;;;;;32054;22;;;;;32047.0;0.0
19;48600;ASH_COATED_OSMIUM;9997;25;9994;11;;;10013;29;10014;12;;;10005.5;0.0
19;48600;INTARIAN_PEPPER_ROOT;32042;12;;;;;32054;8;;;;;32048.5;0.0
19;48700;ASH_COATED_OSMIUM;9992;12;9991;23;;;10008;14;10010;10;;;10000.0;0.0
19;48700;INTARIAN_PEPPER_ROOT;32041;22;32040;9;;;32055;19;32057;8;;;32048.5;0.0
19;48800;ASH_COATED_OSMIUM;9992;29;9989;15;9987;27;10008;25;10009;13;10012;15;10000.0;0.0
19;48800;INTARIAN_PEPPER_ROOT;32042;8;32040;11;;;32055;11;32056;9;;;32048.5;0.0
19;48900;ASH_COATED_OSMIUM;9991;8;9990;10;9988;8;10007;23;10009;11;10012;15;9999.5;0.0
19;48900;INTARIAN_PEPPER_ROOT;32043;20;32040;12;;;32052;8;32054;9;;;32048.0;0.0
19;49000;ASH_COATED_OSMIUM;9994;14;;;;;10015;10;;;;;10004.5;0.0
19;49000;INTARIAN_PEPPER_ROOT;32044;8;32042;20;32041;12;32057;8;32058;11;32060;22;32050.5;0.0
19;49100;ASH_COATED_OSMIUM;9991;10;9989;10;9986;14;10007;13;10008;13;10010;15;9999.0;0.0
19;49100;INTARIAN_PEPPER_ROOT;32040;9;;;;;32053;9;;;;;32046.5;0.0
19;49200;ASH_COATED_OSMIUM;9988;22;;;;;10009;14;;;;;9999.0;0.0
19;49200;INTARIAN_PEPPER_ROOT;32042;3;;;;;32056;10;;;;;32049.5;0.0
19;49300;ASH_COATED_OSMIUM;9995;12;;;;;10014;11;;;;;10004.5;0.0
19;49300;INTARIAN_PEPPER_ROOT;32041;18;32040;12;32039;10;32055;8;32057;9;32058;9;32048.5;0.0
19;49400;ASH_COATED_OSMIUM;9995;13;9992;28;;;10014;15;10015;15;;;10004.5;0.0
19;49400;INTARIAN_PEPPER_ROOT;32041;9;32040;12;;;32056;9;32058;8;;;32049.0;0.0
19;49500;ASH_COATED_OSMIUM;9991;13;9989;10;;;10007;27;10008;10;;;9999.5;0.0
19;49500;INTARIAN_PEPPER_ROOT;32042;16;32041;9;32038;12;32055;12;32057;10;32058;8;32048.5;0.0
19;49600;ASH_COATED_OSMIUM;9995;11;9992;24;9990;12;10014;11;10017;12;10018;10;10004.5;0.0
19;49600;INTARIAN_PEPPER_ROOT;32047;10;32045;12;;;32059;12;32060;19;;;32053.5;0.0
19;49700;ASH_COATED_OSMIUM;9996;14;9994;10;;;10012;13;10013;11;;;10004.0;0.0
19;49700;INTARIAN_PEPPER_ROOT;32044;9;32042;10;;;32055;25;32058;9;;;32049.5;0.0
19;49800;ASH_COATED_OSMIUM;9996;12;9994;30;;;10012;12;10014;14;;;10004.0;0.0
19;49800;INTARIAN_PEPPER_ROOT;32043;8;32042;8;;;32055;9;32058;10;;;32049.0;0.0
19;49900;ASH_COATED_OSMIUM;9990;13;;;;;10006;10;;;;;9998.5;0.0
19;49900;INTARIAN_PEPPER_ROOT;32045;8;;;;;32058;8;;;;;32051.5;0.0
19;50000;ASH_COATED_OSMIUM;9995;14;;;;;10011;12;;;;;10003.0;0.0
19;50000;INTARIAN_PEPPER_ROOT;32038;11;32036;10;;;32055;12;32058;11;;;32046.5;0.0
19;50100;ASH_COATED_OSMIUM;9994;26;9991;10;9990;13;10010;10;10011;25;10013;15;10002.5;0.0
19;50100;INTARIAN_PEPPER_ROOT;32039;18;32036;11;;;32053;8;32055;8;;;32046.5;0.0
19;50200;ASH_COATED_OSMIUM;9987;13;9985;26;9984;15;10006;10;10009;10;10012;13;9997.0;0.0
19;50200;INTARIAN_PEPPER_ROOT;32043;18;32041;8;32038;12;32056;18;32058;20;32059;25;32050.0;0.0
19;50300;ASH_COATED_OSMIUM;9994;14;9992;22;9991;12;10010;11;10011;12;10014;14;10002.5;0.0
19;50300;INTARIAN_PEPPER_ROOT;32050;8;32047;9;32046;12;32057;12;32058;8;32060;8;32054.0;0.0
19;50400;ASH_COATED_OSMIUM;9994;10;9991;27;;;10010;14;10011;3;;;10002.5;0.0
19;50400;INTARIAN_PEPPER_ROOT;32043;10;32042;11;;;32058;22;32060;12;;;32051.0;0.0
19;50500;ASH_COATED_OSMIUM;9989;4;9988;12;;;10005;11;10008;13;;;9997.5;0.0
19;50500;INTARIAN_PEPPER_ROOT;32040;10;32038;9;;;32052;20;32053;9;;;32046.5;0.0
19;50600;ASH_COATED_OSMIUM;9988;29;;;;;10007;12;;;;;9997.5;0.0
19;50600;INTARIAN_PEPPER_ROOT;32045;10;32044;11;;;32061;10;32064;10;;;32053.0;0.0
19;50700;ASH_COATED_OSMIUM;9993;11;9991;5;;;10011;14;10012;25;;;10002.5;0.0
19;50700;INTARIAN_PEPPER_ROOT;32041;21;;;;;32054;8;;;;;32047.5;0.0
19;50800;ASH_COATED_OSMIUM;9988;12;9985;13;;;10006;15;10007;11;;;9997.5;0.0
19;50800;INTARIAN_PEPPER_ROOT;32043;12;32041;8;32039;19;32057;10;32060;19;32063;9;32050.0;0.0
19;50900;ASH_COATED_OSMIUM;9990;12;9987;21;;;10006;15;10008;15;;;9998.0;0.0
19;50900;INTARIAN_PEPPER_ROOT;32046;11;32043;8;;;32060;12;32062;10;;;32053.0;0.0
19;51000;ASH_COATED_OSMIUM;9993;10;9992;2;;;10011;15;10014;21;;;10002.5;0.0
19;51000;INTARIAN_PEPPER_ROOT;32042;8;32041;8;32039;10;32056;12;32058;12;32060;8;32049.5;0.0
19;51100;ASH_COATED_OSMIUM;9994;12;;;;;10010;12;;;;;10002.0;0.0
19;51100;INTARIAN_PEPPER_ROOT;32044;8;32041;8;;;32057;8;32058;11;;;32050.5;0.0
19;51200;ASH_COATED_OSMIUM;9994;26;;;;;10010;20;;;;;10002.0;0.0
19;51200;INTARIAN_PEPPER_ROOT;32043;7;32040;12;;;32060;12;32061;9;;;32051.5;0.0
19;51300;ASH_COATED_OSMIUM;9989;11;9988;13;;;10005;24;10006;10;;;9997.5;0.0
19;51300;INTARIAN_PEPPER_ROOT;32045;11;32042;8;;;32057;10;32058;10;;;32051.0;0.0
19;51400;ASH_COATED_OSMIUM;9990;21;9988;10;;;10006;10;10007;14;;;9998.0;0.0
19;51400;INTARIAN_PEPPER_ROOT;32043;11;32041;11;32040;8;32054;11;32056;8;32059;9;32048.5;0.0
19;51500;ASH_COATED_OSMIUM;9995;22;9993;12;;;10011;15;10012;14;;;10003.0;0.0
19;51500;INTARIAN_PEPPER_ROOT;32044;9;32041;12;32038;12;32056;12;32059;10;32061;9;32050.0;0.0
19;51600;ASH_COATED_OSMIUM;9988;24;9986;14;;;10006;24;10009;12;;;9997.5;0.0
19;51600;INTARIAN_PEPPER_ROOT;32045;21;32042;20;;;32059;8;32062;9;;;32052.5;0.0
19;51700;ASH_COATED_OSMIUM;9995;27;9992;24;;;10011;21;10013;23;;;10003.5;0.0
19;51700;INTARIAN_PEPPER_ROOT;32049;20;32047;9;32046;20;32061;10;32062;10;32064;8;32055.5;0.0
19;51800;ASH_COATED_OSMIUM;9990;10;9989;14;;;10006;14;10009;24;;;9998.0;0.0
19;51800;INTARIAN_PEPPER_ROOT;32040;12;32037;10;32035;12;32056;10;32059;12;32060;22;32048.5;0.0
19;51900;ASH_COATED_OSMIUM;9995;10;9992;12;9989;14;10011;6;10012;13;10015;10;10003.5;0.0
19;51900;INTARIAN_PEPPER_ROOT;32040;10;32038;12;;;32057;11;32058;10;;;32048.5;0.0
19;52000;ASH_COATED_OSMIUM;9995;10;9992;15;9990;10;10011;13;10013;10;10016;11;10003.0;0.0
19;52000;INTARIAN_PEPPER_ROOT;32043;10;32042;12;;;32055;10;32057;8;;;32049.5;0.0
19;52100;ASH_COATED_OSMIUM;9988;4;;;;;10007;12;;;;;9998.0;0.0
19;52100;INTARIAN_PEPPER_ROOT;32045;12;;;;;32056;10;;;;;32050.5;0.0
19;52200;ASH_COATED_OSMIUM;9991;23;9990;24;9987;10;10004;12;10006;11;10008;13;9998.0;0.0
19;52200;INTARIAN_PEPPER_ROOT;32048;12;32045;12;;;32060;22;32063;23;;;32054.0;0.0
19;52300;ASH_COATED_OSMIUM;9991;26;9990;26;9988;13;10007;15;10008;30;10009;4;9999.0;0.0
19;52300;INTARIAN_PEPPER_ROOT;32045;10;32042;8;;;32056;10;32058;8;;;32051.0;0.0
19;52400;ASH_COATED_OSMIUM;9996;13;9995;15;;;10012;13;10014;15;;;10004.5;0.0
19;52400;INTARIAN_PEPPER_ROOT;32046;12;;;;;32059;11;;;;;32052.5;0.0
19;52500;ASH_COATED_OSMIUM;9995;15;9992;13;;;10014;11;10017;13;;;10005.0;0.0
19;52500;INTARIAN_PEPPER_ROOT;32047;19;32045;4;;;32059;11;32060;9;;;32053.0;0.0
19;52600;ASH_COATED_OSMIUM;9996;13;9993;24;;;10012;15;10015;11;;;10004.5;0.0
19;52600;INTARIAN_PEPPER_ROOT;32045;10;32043;9;;;32056;10;32058;8;;;32051.0;0.0
19;52700;ASH_COATED_OSMIUM;9996;13;9995;15;;;10002;11;10003;12;;;9999.0;0.0
19;52700;INTARIAN_PEPPER_ROOT;32045;9;32044;8;;;32058;8;32059;11;;;32052.0;0.0
19;52800;ASH_COATED_OSMIUM;9989;13;9988;29;;;10008;11;10009;13;;;9999.0;0.0
19;52800;INTARIAN_PEPPER_ROOT;32043;8;;;;;32059;8;;;;;32051.5;0.0
19;52900;ASH_COATED_OSMIUM;9996;13;9994;10;;;10002;27;10005;13;;;9999.5;0.0
19;52900;INTARIAN_PEPPER_ROOT;32043;15;32041;9;;;32060;10;32063;10;;;32052.0;0.0
19;53000;ASH_COATED_OSMIUM;9991;12;;;;;10007;12;;;;;9999.0;0.0
19;53000;INTARIAN_PEPPER_ROOT;32046;17;32045;8;32043;12;32058;8;32059;10;32060;11;32052.5;0.0
19;53100;ASH_COATED_OSMIUM;9990;14;9988;11;;;10008;15;10010;13;;;9999.0;0.0
19;53100;INTARIAN_PEPPER_ROOT;32046;9;32044;10;32043;8;32062;17;32063;9;32064;8;32054.0;0.0
19;53200;ASH_COATED_OSMIUM;9996;14;9994;13;9992;11;10012;10;10013;26;10015;14;10004.0;0.0
19;53200;INTARIAN_PEPPER_ROOT;32043;12;;;;;32059;12;;;;;32051.5;0.0
19;53300;ASH_COATED_OSMIUM;9990;30;9989;21;9987;15;10008;11;10009;11;10011;12;9999.0;0.0
19;53300;INTARIAN_PEPPER_ROOT;32046;8;32044;24;;;32058;11;32060;9;;;32052.5;0.0
19;53400;ASH_COATED_OSMIUM;10000;13;9998;13;;;10006;15;10008;10;;;10003.5;0.0
19;53400;INTARIAN_PEPPER_ROOT;32037;10;32034;8;;;32051;10;32052;9;;;32044.5;0.0
19;53500;ASH_COATED_OSMIUM;9994;13;9991;27;;;10012;12;10013;13;;;10003.5;0.0
19;53500;INTARIAN_PEPPER_ROOT;32045;10;;;;;32059;22;;;;;32052.5;0.0
19;53600;ASH_COATED_OSMIUM;9996;15;;;;;10012;12;;;;;10004.0;0.0
19;53600;INTARIAN_PEPPER_ROOT;32047;11;32044;10;;;32060;9;32061;10;;;32054.0;0.0
19;53700;ASH_COATED_OSMIUM;9990;11;9988;14;;;10008;29;10011;13;;;9999.0;0.0
19;53700;INTARIAN_PEPPER_ROOT;32048;11;;;;;32060;12;;;;;32054.5;0.0
19;53800;ASH_COATED_OSMIUM;9995;11;9993;14;9991;26;10011;13;10012;14;10015;20;10003.5;0.0
19;53800;INTARIAN_PEPPER_ROOT;32048;8;;;;;32058;10;;;;;32053.0;0.0
19;53900;ASH_COATED_OSMIUM;9994;11;9991;15;;;10010;11;10012;2;;;10002.5;0.0
19;53900;INTARIAN_PEPPER_ROOT;32049;11;32047;17;32045;12;32062;11;32065;9;32067;18;32056.0;0.0
19;54000;ASH_COATED_OSMIUM;9995;10;9994;12;9991;29;10011;12;10014;11;10017;14;10003.0;0.0
19;54000;INTARIAN_PEPPER_ROOT;32048;8;32046;21;;;32061;11;32063;17;;;32055.0;0.0
19;54100;ASH_COATED_OSMIUM;9989;15;9988;10;9985;13;10005;12;10007;28;10008;15;9997.5;0.0
19;54100;INTARIAN_PEPPER_ROOT;32046;9;32044;11;32042;12;32059;8;32061;19;32062;10;32053.0;0.0
19;54200;ASH_COATED_OSMIUM;9993;13;9990;13;;;10003;12;10005;10;;;9998.0;0.0
19;54200;INTARIAN_PEPPER_ROOT;32048;8;32046;10;32043;10;32062;9;32063;11;32066;18;32055.0;0.0
19;54300;ASH_COATED_OSMIUM;9990;14;9989;15;;;10006;14;10009;13;;;9998.0;0.0
19;54300;INTARIAN_PEPPER_ROOT;32045;11;;;;;32062;10;;;;;32054.0;0.0
19;54400;ASH_COATED_OSMIUM;9992;10;9990;10;9987;11;10013;13;10016;14;10019;14;10003.0;0.0
19;54400;INTARIAN_PEPPER_ROOT;32048;8;32046;11;;;32059;10;32062;10;;;32053.5;0.0
19;54500;ASH_COATED_OSMIUM;9995;15;;;;;10011;13;;;;;10003.0;0.0
19;54500;INTARIAN_PEPPER_ROOT;32047;17;;;;;32060;8;;;;;32053.5;0.0
19;54600;ASH_COATED_OSMIUM;9990;13;;;;;10006;14;;;;;9998.0;0.0
19;54600;INTARIAN_PEPPER_ROOT;32054;8;32053;9;;;32065;10;32066;9;;;32059.5;0.0
19;54700;ASH_COATED_OSMIUM;9990;23;9989;12;;;10006;14;10008;15;;;9998.5;0.0
19;54700;INTARIAN_PEPPER_ROOT;32048;9;;;;;32061;12;;;;;32055.0;0.0
19;54800;ASH_COATED_OSMIUM;9995;15;9992;5;;;10011;13;10013;15;;;10003.5;0.0
19;54800;INTARIAN_PEPPER_ROOT;32045;12;32044;11;;;32058;8;32061;11;;;32051.5;0.0
19;54900;ASH_COATED_OSMIUM;9995;11;9994;14;9993;11;10013;13;10015;12;10017;12;10004.0;0.0
19;54900;INTARIAN_PEPPER_ROOT;32045;11;;;;;32062;10;;;;;32054.0;0.0
19;55000;ASH_COATED_OSMIUM;9991;15;9989;10;;;10007;20;10009;29;;;9999.0;0.0
19;55000;INTARIAN_PEPPER_ROOT;32044;12;32041;12;32039;11;32057;21;32060;24;32062;10;32050.5;0.0
19;55100;ASH_COATED_OSMIUM;9991;23;9990;15;;;10007;13;10010;13;;;9999.0;0.0
19;55100;INTARIAN_PEPPER_ROOT;32049;10;32046;9;32043;10;32063;11;32065;8;32068;8;32056.5;0.0
19;55200;ASH_COATED_OSMIUM;9996;11;;;;;10012;13;;;;;10004.0;0.0
19;55200;INTARIAN_PEPPER_ROOT;32049;11;32047;10;;;32064;11;32066;11;;;32057.0;0.0
19;55300;ASH_COATED_OSMIUM;9996;12;;;;;10012;30;;;;;10004.5;0.0
19;55300;INTARIAN_PEPPER_ROOT;32051;12;32049;11;;;32062;10;32064;10;;;32056.5;0.0
19;55400;ASH_COATED_OSMIUM;9995;14;;;;;10014;10;;;;;10005.0;0.0
19;55400;INTARIAN_PEPPER_ROOT;32050;8;32048;11;;;32061;9;32062;12;;;32055.5;0.0
19;55500;ASH_COATED_OSMIUM;9991;15;;;;;10007;13;;;;;9999.5;0.0
19;55500;INTARIAN_PEPPER_ROOT;32045;11;32042;10;;;32059;11;32061;20;;;32052.5;0.0
19;55600;ASH_COATED_OSMIUM;9999;12;9996;14;;;10009;11;10010;11;;;10004.5;0.0
19;55600;INTARIAN_PEPPER_ROOT;32047;9;32045;12;;;32063;8;32065;10;;;32055.0;0.0
19;55700;ASH_COATED_OSMIUM;9999;28;9997;30;9996;15;10009;10;10012;13;10013;12;10004.5;0.0
19;55700;INTARIAN_PEPPER_ROOT;32046;10;32043;8;;;32059;8;32062;10;;;32053.0;0.0
19;55800;ASH_COATED_OSMIUM;9991;10;9988;13;;;10007;20;10008;14;;;9999.5;0.0
19;55800;INTARIAN_PEPPER_ROOT;32050;11;;;;;32062;8;;;;;32056.5;0.0
19;55900;ASH_COATED_OSMIUM;9995;26;9994;14;;;10013;11;10016;2;;;10004.0;0.0
19;55900;INTARIAN_PEPPER_ROOT;32048;9;32046;11;;;32063;9;32065;10;;;32055.5;0.0
19;56000;ASH_COATED_OSMIUM;9990;11;9989;14;9987;15;10006;10;10007;13;10010;29;9998.5;0.0
19;56000;INTARIAN_PEPPER_ROOT;32048;8;32047;8;;;32059;10;32062;9;;;32053.5;0.0
19;56100;ASH_COATED_OSMIUM;9994;27;9991;22;;;10012;10;10015;12;;;10003.5;0.0
19;56100;INTARIAN_PEPPER_ROOT;32051;11;32048;10;32046;12;32065;15;32067;9;32070;12;32058.5;0.0
19;56200;ASH_COATED_OSMIUM;9991;14;;;;;10007;14;;;;;9999.0;0.0
19;56200;INTARIAN_PEPPER_ROOT;32046;12;32045;20;;;32060;12;32062;12;;;32053.5;0.0
19;56300;ASH_COATED_OSMIUM;9991;29;9988;15;9986;13;10007;13;10008;13;10011;15;9999.0;0.0
19;56300;INTARIAN_PEPPER_ROOT;32050;10;;;;;32064;11;;;;;32057.5;0.0
19;56400;ASH_COATED_OSMIUM;9991;13;9988;12;9986;23;10007;14;10008;14;10010;2;9999.0;0.0
19;56400;INTARIAN_PEPPER_ROOT;32051;11;;;;;32067;20;;;;;32059.0;0.0
19;56500;ASH_COATED_OSMIUM;9996;14;9994;11;;;10012;12;10013;10;;;10004.0;0.0
19;56500;INTARIAN_PEPPER_ROOT;32049;10;32046;11;;;32063;8;32065;22;;;32056.5;0.0
19;56600;ASH_COATED_OSMIUM;9990;14;9987;15;;;10008;12;10009;29;;;9999.5;0.0
19;56600;INTARIAN_PEPPER_ROOT;32049;8;32047;10;32044;11;32062;12;32064;12;32065;8;32056.0;0.0
19;56700;ASH_COATED_OSMIUM;9991;10;;;;;10007;29;;;;;9999.5;0.0
19;56700;INTARIAN_PEPPER_ROOT;32048;10;;;;;32060;11;;;;;32054.5;0.0
19;56800;ASH_COATED_OSMIUM;9991;13;9989;25;;;10007;12;10008;13;;;9999.5;0.0
19;56800;INTARIAN_PEPPER_ROOT;32045;9;;;;;32057;10;;;;;32051.5;0.0
19;56900;ASH_COATED_OSMIUM;9996;13;9995;10;9994;14;10014;3;10017;11;10019;25;10005.0;0.0
19;56900;INTARIAN_PEPPER_ROOT;32049;10;;;;;32061;8;;;;;32055.5;0.0
19;57000;ASH_COATED_OSMIUM;9997;10;;;;;10013;25;;;;;10005.0;0.0
19;57000;INTARIAN_PEPPER_ROOT;32050;10;;;;;32063;8;;;;;32056.5;0.0
19;57100;ASH_COATED_OSMIUM;9995;15;9993;14;;;10014;13;10017;15;;;10004.5;0.0
19;57100;INTARIAN_PEPPER_ROOT;32051;8;32050;10;;;32064;9;32066;7;;;32058.0;0.0
19;57200;ASH_COATED_OSMIUM;9990;22;;;;;10009;10;;;;;9999.5;0.0
19;57200;INTARIAN_PEPPER_ROOT;32051;8;;;;;32064;9;;;;;32057.5;0.0
19;57300;ASH_COATED_OSMIUM;9996;11;9993;10;9992;28;10012;10;10014;10;10017;13;10004.5;0.0
19;57300;INTARIAN_PEPPER_ROOT;32052;10;32051;9;;;32065;8;32067;9;;;32059.0;0.0
19;57400;ASH_COATED_OSMIUM;9996;12;9994;12;;;10012;10;10015;11;;;10004.5;0.0
19;57400;INTARIAN_PEPPER_ROOT;32048;10;32047;9;;;32064;12;32066;9;;;32056.0;0.0
19;57500;ASH_COATED_OSMIUM;9989;13;9986;12;;;10008;14;10010;14;;;9999.0;0.0
19;57500;INTARIAN_PEPPER_ROOT;32054;12;32053;12;32052;12;32066;10;32067;8;32069;24;32060.5;0.0
19;57600;ASH_COATED_OSMIUM;9989;10;;;;;10008;11;;;;;9999.0;0.0
19;57600;INTARIAN_PEPPER_ROOT;32055;12;;;;;32067;8;;;;;32061.5;0.0
19;57700;ASH_COATED_OSMIUM;9995;12;;;;;10013;11;;;;;10004.0;0.0
19;57700;INTARIAN_PEPPER_ROOT;32054;8;32052;12;;;32066;23;32068;8;;;32060.5;0.0
19;57800;ASH_COATED_OSMIUM;9995;15;;;;;10013;10;;;;;10004.0;0.0
19;57800;INTARIAN_PEPPER_ROOT;32049;11;32048;12;;;32062;10;32065;11;;;32056.0;0.0
19;57900;ASH_COATED_OSMIUM;9991;11;;;;;10007;22;;;;;9999.0;0.0
19;57900;INTARIAN_PEPPER_ROOT;32051;7;;;;;32063;12;;;;;32057.0;0.0
19;58000;ASH_COATED_OSMIUM;9995;14;9992;14;;;10013;10;10016;14;;;10004.0;0.0
19;58000;INTARIAN_PEPPER_ROOT;32053;10;;;;;32067;10;;;;;32060.5;0.0
19;58100;ASH_COATED_OSMIUM;9991;15;;;;;10007;12;;;;;9999.0;0.0
19;58100;INTARIAN_PEPPER_ROOT;32053;9;32051;9;;;32065;22;32066;16;;;32059.5;0.0
19;58200;ASH_COATED_OSMIUM;9996;14;9994;14;;;10012;11;10015;10;;;10004.0;0.0
19;58200;INTARIAN_PEPPER_ROOT;32055;8;32054;8;;;32067;8;32068;10;;;32061.5;0.0
19;58300;ASH_COATED_OSMIUM;9996;14;9993;2;;;10012;11;10014;13;;;10004.0;0.0
19;58300;INTARIAN_PEPPER_ROOT;32049;16;;;;;32064;8;;;;;32057.0;0.0
19;58400;ASH_COATED_OSMIUM;9989;14;;;;;10007;12;;;;;9998.5;0.0
19;58400;INTARIAN_PEPPER_ROOT;32051;18;32048;23;;;32059;11;32060;10;;;32055.0;0.0
19;58500;ASH_COATED_OSMIUM;9990;21;9987;13;9985;5;10006;11;10007;13;10008;20;9998.5;0.0
19;58500;INTARIAN_PEPPER_ROOT;32050;12;;;;;32066;10;;;;;32058.5;0.0
19;58600;ASH_COATED_OSMIUM;9995;15;;;;;10013;12;;;;;10004.0;0.0
19;58600;INTARIAN_PEPPER_ROOT;32052;10;32051;9;;;32065;8;32067;8;;;32059.0;0.0
19;58700;ASH_COATED_OSMIUM;9996;3;;;;;10012;12;;;;;10004.0;0.0
19;58700;INTARIAN_PEPPER_ROOT;32058;15;32057;9;;;32070;12;32073;9;;;32064.5;0.0
19;58800;ASH_COATED_OSMIUM;9991;13;9990;15;;;10007;12;10009;15;;;9999.0;0.0
19;58800;INTARIAN_PEPPER_ROOT;32049;11;32048;20;32045;9;32065;12;32066;10;32069;25;32057.5;0.0
19;58900;ASH_COATED_OSMIUM;9990;11;9989;10;;;10006;14;10009;13;;;9998.5;0.0
19;58900;INTARIAN_PEPPER_ROOT;32047;12;;;;;32058;11;;;;;32053.0;0.0
19;59000;ASH_COATED_OSMIUM;9990;12;9987;15;;;10006;12;10009;23;;;9998.5;0.0
19;59000;INTARIAN_PEPPER_ROOT;32056;12;32053;19;;;32068;12;32069;24;;;32062.0;0.0
19;59100;ASH_COATED_OSMIUM;9990;11;9987;12;9985;11;10006;15;10008;13;10011;13;9998.0;0.0
19;59100;INTARIAN_PEPPER_ROOT;32054;11;32051;9;32050;17;32066;10;32067;11;32069;12;32060.0;0.0
19;59200;ASH_COATED_OSMIUM;9994;10;;;;;10013;10;;;;;10003.5;0.0
19;59200;INTARIAN_PEPPER_ROOT;32049;12;32047;10;;;32066;8;32067;10;;;32058.0;0.0
19;59300;ASH_COATED_OSMIUM;9988;14;;;;;10007;11;;;;;9998.0;0.0
19;59300;INTARIAN_PEPPER_ROOT;32052;9;32050;8;;;32065;11;32066;11;;;32059.0;0.0
19;59400;ASH_COATED_OSMIUM;9997;10;9994;28;;;10010;14;10012;22;;;10003.5;0.0
19;59400;INTARIAN_PEPPER_ROOT;32050;8;32048;20;;;32067;10;32069;9;;;32059.0;0.0
19;59500;ASH_COATED_OSMIUM;9987;6;9984;5;;;10008;11;10009;10;;;9998.0;0.0
19;59500;INTARIAN_PEPPER_ROOT;32051;12;32050;9;;;32065;10;32066;11;;;32058.0;0.0
19;59600;ASH_COATED_OSMIUM;9993;13;9992;13;;;10014;12;10015;13;;;10003.5;0.0
19;59600;INTARIAN_PEPPER_ROOT;32051;10;;;;;32068;10;;;;;32060.0;0.0
19;59700;ASH_COATED_OSMIUM;9994;11;9991;13;9988;12;10012;12;10014;12;10016;21;10003.5;0.0
19;59700;INTARIAN_PEPPER_ROOT;32054;11;;;;;32068;10;;;;;32061.0;0.0
19;59800;ASH_COATED_OSMIUM;9990;21;9989;13;;;10006;13;10009;20;;;9998.0;0.0
19;59800;INTARIAN_PEPPER_ROOT;32054;12;32053;12;;;32070;11;32073;19;;;32062.5;0.0
19;59900;ASH_COATED_OSMIUM;9989;15;9988;14;;;10008;27;10009;14;;;9998.5;0.0
19;59900;INTARIAN_PEPPER_ROOT;32056;12;32054;10;32052;9;32068;9;32069;12;32071;12;32062.0;0.0
19;60000;ASH_COATED_OSMIUM;9993;13;9991;15;;;10003;10;10006;12;;;9998.0;0.0
19;60000;INTARIAN_PEPPER_ROOT;32055;12;32052;11;;;32068;12;32069;12;;;32062.0;0.0
19;60100;ASH_COATED_OSMIUM;9995;15;9993;15;;;10011;12;10012;4;;;10003.5;0.0
19;60100;INTARIAN_PEPPER_ROOT;32052;10;32051;6;;;32064;12;32067;3;;;32058.5;0.0
19;60200;ASH_COATED_OSMIUM;9990;12;9989;12;;;10006;13;10007;11;;;9998.0;0.0
19;60200;INTARIAN_PEPPER_ROOT;32051;24;32048;9;32046;10;32063;9;32066;12;32067;12;32057.0;0.0
19;60300;ASH_COATED_OSMIUM;9990;10;9987;12;;;10006;25;10008;11;;;9998.5;0.0
19;60300;INTARIAN_PEPPER_ROOT;32054;8;32053;10;32050;21;32068;11;32071;8;32072;11;32061.5;0.0
19;60400;ASH_COATED_OSMIUM;9996;13;9993;14;9992;3;10012;22;10013;15;10014;2;10004.0;0.0
19;60400;INTARIAN_PEPPER_ROOT;32053;9;32051;8;32048;11;32066;10;32068;8;32071;10;32060.0;0.0
19;60500;ASH_COATED_OSMIUM;9991;27;;;;;10007;30;;;;;9999.0;0.0
19;60500;INTARIAN_PEPPER_ROOT;32049;8;;;;;32065;10;;;;;32057.0;0.0
19;60600;ASH_COATED_OSMIUM;9989;26;9987;11;9986;12;10007;10;10009;23;10010;12;9998.5;0.0
19;60600;INTARIAN_PEPPER_ROOT;32061;8;32059;8;;;32064;11;32066;12;;;32063.0;0.0
19;60700;ASH_COATED_OSMIUM;9994;15;9992;12;9990;13;10002;10;10004;12;10005;25;9998.0;0.0
19;60700;INTARIAN_PEPPER_ROOT;32052;9;32049;11;32047;8;32068;9;32071;11;32072;10;32060.5;0.0
19;60800;ASH_COATED_OSMIUM;9995;10;;;;;10011;14;;;;;10003.0;0.0
19;60800;INTARIAN_PEPPER_ROOT;32051;12;32049;5;32048;15;32066;9;32069;8;32070;8;32059.0;0.0
19;60900;ASH_COATED_OSMIUM;9995;14;9994;11;9993;10;10011;11;10014;15;10017;25;10003.5;0.0
19;60900;INTARIAN_PEPPER_ROOT;32053;10;;;;;32065;22;;;;;32059.5;0.0
19;61000;ASH_COATED_OSMIUM;9992;23;9990;11;;;10002;14;10004;15;;;9997.5;0.0
19;61000;INTARIAN_PEPPER_ROOT;32055;11;;;;;32066;10;;;;;32061.0;0.0
19;61100;ASH_COATED_OSMIUM;9990;27;9987;10;9986;10;10006;10;10007;10;10008;13;9998.0;0.0
19;61100;INTARIAN_PEPPER_ROOT;32053;16;32052;8;32050;8;32069;8;32072;11;32075;12;32061.0;0.0
19;61200;ASH_COATED_OSMIUM;9989;23;9986;10;9984;28;10007;11;10009;15;10011;10;9998.0;0.0
19;61200;INTARIAN_PEPPER_ROOT;32052;12;;;;;32063;20;;;;;32057.5;0.0
19;61300;ASH_COATED_OSMIUM;9998;11;9995;26;;;10008;12;10010;15;;;10003.5;0.0
19;61300;INTARIAN_PEPPER_ROOT;32053;10;32050;12;;;32065;10;32068;9;;;32059.0;0.0
19;61400;ASH_COATED_OSMIUM;9990;11;;;;;10006;13;;;;;9998.0;0.0
19;61400;INTARIAN_PEPPER_ROOT;32056;12;32055;15;32052;22;32068;22;32069;9;32072;8;32062.5;0.0
19;61500;ASH_COATED_OSMIUM;9992;11;9989;11;9988;22;10001;13;10002;15;10004;14;9997.0;0.0
19;61500;INTARIAN_PEPPER_ROOT;32056;8;;;;;32069;8;;;;;32063.0;0.0
19;61600;ASH_COATED_OSMIUM;9994;13;9993;10;9991;12;10010;12;10011;10;10012;10;10002.0;0.0
19;61600;INTARIAN_PEPPER_ROOT;32059;25;;;;;32074;9;;;;;32067.0;0.0
19;61700;ASH_COATED_OSMIUM;9994;11;;;;;10010;14;;;;;10002.0;0.0
19;61700;INTARIAN_PEPPER_ROOT;32059;12;;;;;32072;21;;;;;32066.0;0.0
19;61800;ASH_COATED_OSMIUM;9994;10;9993;4;9990;10;10010;15;10011;12;10013;10;10002.5;0.0
19;61800;INTARIAN_PEPPER_ROOT;32051;9;32049;11;32048;9;32071;15;32074;9;32075;22;32061.5;0.0
19;61900;ASH_COATED_OSMIUM;9986;11;9985;14;9982;14;10007;11;10010;13;10013;15;9997.0;0.0
19;61900;INTARIAN_PEPPER_ROOT;32054;9;;;;;32066;10;;;;;32060.0;0.0
19;62000;ASH_COATED_OSMIUM;9993;10;9991;12;9989;11;10012;11;10013;13;10016;10;10002.5;0.0
19;62000;INTARIAN_PEPPER_ROOT;32054;10;32052;12;;;32070;11;32071;10;;;32062.0;0.0
19;62100;ASH_COATED_OSMIUM;9989;13;9987;27;;;10005;11;10006;11;;;9997.0;0.0
19;62100;INTARIAN_PEPPER_ROOT;32051;25;32049;17;32047;9;32068;5;32070;12;32073;12;32059.5;0.0
19;62200;ASH_COATED_OSMIUM;9989;2;;;;;10005;23;;;;;9997.0;0.0
19;62200;INTARIAN_PEPPER_ROOT;32055;11;32052;10;;;32067;9;32068;11;;;32061.5;0.0
19;62300;ASH_COATED_OSMIUM;9989;4;;;;;10005;11;;;;;9997.0;0.0
19;62300;INTARIAN_PEPPER_ROOT;32056;11;32053;8;32052;11;32070;9;32071;8;32072;12;32063.5;0.0
19;62400;ASH_COATED_OSMIUM;9988;15;9985;10;;;10004;13;10005;10;;;9996.5;0.0
19;62400;INTARIAN_PEPPER_ROOT;32052;10;32050;8;32048;9;32065;10;32066;8;32069;8;32059.0;0.0
19;62500;ASH_COATED_OSMIUM;9994;11;9993;15;;;10010;23;10012;30;;;10002.0;0.0
19;62500;INTARIAN_PEPPER_ROOT;32055;22;;;;;32068;9;;;;;32062.0;0.0
19;62600;ASH_COATED_OSMIUM;9997;10;;;;;10007;14;;;;;10002.0;0.0
19;62600;INTARIAN_PEPPER_ROOT;32055;10;;;;;32068;11;;;;;32062.0;0.0
19;62700;ASH_COATED_OSMIUM;9994;14;;;;;10010;14;;;;;10002.0;0.0
19;62700;INTARIAN_PEPPER_ROOT;32055;9;32052;10;;;32069;9;32072;11;;;32062.5;0.0
19;62800;ASH_COATED_OSMIUM;9994;12;9991;14;;;10010;12;10013;14;;;10002.5;0.0
19;62800;INTARIAN_PEPPER_ROOT;32055;11;32054;11;32052;11;32069;8;32072;11;32073;11;32062.0;0.0
19;62900;ASH_COATED_OSMIUM;9995;15;;;;;10011;11;;;;;10003.0;0.0
19;62900;INTARIAN_PEPPER_ROOT;32057;11;32054;9;;;32070;7;32072;11;;;32063.5;0.0
19;63000;ASH_COATED_OSMIUM;9989;12;;;;;10005;12;;;;;9997.5;0.0
19;63000;INTARIAN_PEPPER_ROOT;32065;10;32063;8;32062;12;32068;12;32071;10;32073;9;32067.0;0.0
19;63100;ASH_COATED_OSMIUM;9992;12;;;;;10013;10;;;;;10002.5;0.0
19;63100;INTARIAN_PEPPER_ROOT;32054;12;;;;;32069;15;;;;;32062.0;0.0
19;63200;ASH_COATED_OSMIUM;9989;10;;;;;10005;10;;;;;9997.5;0.0
19;63200;INTARIAN_PEPPER_ROOT;32051;8;32048;12;32045;11;32065;10;32066;11;32069;11;32058.0;0.0
19;63300;ASH_COATED_OSMIUM;9994;13;9992;21;9989;24;10012;12;10014;27;10017;13;10003.0;0.0
19;63300;INTARIAN_PEPPER_ROOT;32059;9;32057;10;;;32071;9;32072;9;;;32065.5;0.0
19;63400;ASH_COATED_OSMIUM;9995;14;9993;13;9990;13;10011;10;10012;14;10014;13;10003.0;0.0
19;63400;INTARIAN_PEPPER_ROOT;32056;8;;;;;32068;11;;;;;32062.5;0.0
19;63500;ASH_COATED_OSMIUM;9990;30;9987;11;;;10006;14;10008;12;;;9998.5;0.0
19;63500;INTARIAN_PEPPER_ROOT;32056;10;32054;18;;;32070;18;32071;12;;;32063.0;0.0
19;63600;ASH_COATED_OSMIUM;9996;22;9995;14;9993;11;10014;15;10017;15;10018;12;10005.0;0.0
19;63600;INTARIAN_PEPPER_ROOT;32056;8;32054;9;32053;11;32072;9;32074;22;32077;12;32064.5;0.0
19;63700;ASH_COATED_OSMIUM;9997;15;;;;;10013;12;;;;;10005.0;0.0
19;63700;INTARIAN_PEPPER_ROOT;32063;12;32061;11;32060;10;32075;11;32076;8;32079;11;32069.5;0.0
19;63800;ASH_COATED_OSMIUM;9996;13;9994;10;9991;11;10012;10;10014;22;10017;12;10004.5;0.0
