day;timestamp;product;bid_price_1;bid_volume_1;bid_price_2;bid_volume_2;bid_price_3;bid_volume_3;ask_price_1;ask_volume_1;ask_price_2;ask_volume_2;ask_price_3;ask_volume_3;mid_price;profit_and_loss
38;0;ASH_COATED_OSMIUM;9979;11;9976;15;9973;2;9995;29;9996;11;9998;14;9987.0;0.0
38;0;INTARIAN_PEPPER_ROOT;50995;8;50994;11;;;51008;12;51011;20;;;51002.0;0.0
38;100;ASH_COATED_OSMIUM;9989;10;;;;;10005;29;;;;;9997.0;0.0
38;100;INTARIAN_PEPPER_ROOT;50990;12;50987;8;50985;9;51007;12;51010;10;51012;11;50998.5;0.0
38;200;ASH_COATED_OSMIUM;9992;11;;;;;10008;12;;;;;10000.5;0.0
38;200;INTARIAN_PEPPER_ROOT;50992;17;50990;10;;;51005;11;51007;11;;;50998.5;0.0
38;300;ASH_COATED_OSMIUM;9988;10;9985;12;9983;12;10004;25;10007;24;10009;13;9996.5;0.0
38;300;INTARIAN_PEPPER_ROOT;50991;12;;;;;51007;11;;;;;50999.0;0.0
38;400;ASH_COATED_OSMIUM;9983;12;9981;10;;;9999;24;10001;14;;;9991.0;0.0
38;400;INTARIAN_PEPPER_ROOT;50994;11;50991;12;;;51007;8;51010;9;;;51000.5;0.0
38;500;ASH_COATED_OSMIUM;9983;20;9982;15;9981;12;9999;15;10001;14;10004;11;9991.5;0.0
38;500;INTARIAN_PEPPER_ROOT;50994;12;;;;;51006;9;;;;;51000.5;0.0
38;600;ASH_COATED_OSMIUM;9991;2;9990;13;;;10007;11;10009;11;;;9999.0;0.0
38;600;INTARIAN_PEPPER_ROOT;50999;8;50997;15;;;51011;15;51012;12;;;51005.0;0.0
38;700;ASH_COATED_OSMIUM;9999;15;9996;10;;;10015;10;10018;13;;;10007.5;0.0
38;700;INTARIAN_PEPPER_ROOT;50994;9;50993;8;;;51007;11;51010;9;;;51000.5;0.0
38;800;ASH_COATED_OSMIUM;9999;25;;;;;10020;13;;;;;10009.5;0.0
38;800;INTARIAN_PEPPER_ROOT;50997;10;;;;;51005;8;;;;;51001.0;0.0
38;900;ASH_COATED_OSMIUM;10001;14;;;;;10011;14;;;;;10006.5;0.0
38;900;INTARIAN_PEPPER_ROOT;50996;8;;;;;51007;12;;;;;51002.0;0.0
38;1000;ASH_COATED_OSMIUM;10000;14;;;;;10016;12;;;;;10008.0;0.0
38;1000;INTARIAN_PEPPER_ROOT;50995;8;;;;;51009;11;;;;;51002.5;0.0
38;1100;ASH_COATED_OSMIUM;9996;10;9994;13;;;10012;15;10015;11;;;10004.5;0.0
38;1100;INTARIAN_PEPPER_ROOT;50992;10;;;;;51005;21;;;;;50999.0;0.0
38;1200;ASH_COATED_OSMIUM;9992;13;9989;15;;;10008;11;10009;14;;;10000.5;0.0
38;1200;INTARIAN_PEPPER_ROOT;50991;21;50990;9;50987;20;51004;10;51005;10;51008;9;50998.0;0.0
38;1300;ASH_COATED_OSMIUM;9990;10;9989;12;9988;27;10006;11;10009;10;10010;20;9998.5;0.0
38;1300;INTARIAN_PEPPER_ROOT;50992;8;50989;9;;;51008;9;51010;18;;;51000.5;0.0
38;1400;ASH_COATED_OSMIUM;9996;13;9994;11;;;10012;11;10013;15;;;10004.5;0.0
38;1400;INTARIAN_PEPPER_ROOT;50995;11;50992;9;50990;10;51012;12;51014;10;51015;16;51003.5;0.0
38;1500;ASH_COATED_OSMIUM;9992;13;9991;14;;;10008;15;10010;10;;;10000.0;0.0
38;1500;INTARIAN_PEPPER_ROOT;50994;9;50991;21;50989;18;51011;10;51013;22;51015;10;51002.5;0.0
38;1600;ASH_COATED_OSMIUM;9991;29;9988;14;;;10009;14;10011;21;;;10000.0;0.0
38;1600;INTARIAN_PEPPER_ROOT;50994;9;50991;16;;;51009;8;51012;12;;;51001.5;0.0
38;1700;ASH_COATED_OSMIUM;9991;11;9990;13;9988;11;10009;12;10010;2;10013;12;10000.5;0.0
38;1700;INTARIAN_PEPPER_ROOT;50996;9;50993;12;;;51010;22;51011;8;;;51003.5;0.0
38;1800;ASH_COATED_OSMIUM;9993;12;;;;;10011;11;;;;;10002.5;0.0
38;1800;INTARIAN_PEPPER_ROOT;50996;23;;;;;51009;8;;;;;51003.0;0.0
38;1900;ASH_COATED_OSMIUM;9991;12;9988;12;9987;4;10009;10;10010;25;10012;15;10000.5;0.0
38;1900;INTARIAN_PEPPER_ROOT;50996;12;;;;;51008;9;;;;;51002.0;0.0
38;2000;ASH_COATED_OSMIUM;9990;15;9987;14;;;10011;12;10014;10;;;10001.0;0.0
38;2000;INTARIAN_PEPPER_ROOT;50995;9;50994;9;;;51009;11;51012;12;;;51002.5;0.0
38;2100;ASH_COATED_OSMIUM;9992;20;9991;21;9990;13;10008;2;10009;10;10010;11;10000.0;0.0
38;2100;INTARIAN_PEPPER_ROOT;50995;11;50992;12;50990;10;51009;9;51011;9;51013;24;51002.0;0.0
38;2200;ASH_COATED_OSMIUM;9987;14;9984;10;9982;11;10006;11;10007;13;10009;12;9997.0;0.0
38;2200;INTARIAN_PEPPER_ROOT;50997;24;50996;17;50995;8;51010;11;51013;11;51014;10;51003.5;0.0
38;2300;ASH_COATED_OSMIUM;9990;11;9989;4;9987;13;10006;15;10008;11;10010;11;9998.0;0.0
38;2300;INTARIAN_PEPPER_ROOT;50996;11;;;;;51009;10;;;;;51002.5;0.0
38;2400;ASH_COATED_OSMIUM;9976;21;9974;11;9973;11;9997;10;10000;10;10001;14;9987.0;0.0
38;2400;INTARIAN_PEPPER_ROOT;50996;24;50993;9;50990;8;51010;15;51012;23;51015;9;51003.5;0.0
38;2500;ASH_COATED_OSMIUM;9983;10;9982;15;9981;22;9999;14;10000;13;10001;13;9991.5;0.0
38;2500;INTARIAN_PEPPER_ROOT;50999;12;50996;9;;;51013;10;51014;10;;;51006.5;0.0
38;2600;ASH_COATED_OSMIUM;9976;10;9975;4;9974;12;9997;13;9998;11;9999;10;9987.0;0.0
38;2600;INTARIAN_PEPPER_ROOT;50995;10;50992;21;50991;12;51010;8;51012;11;51015;12;51003.0;0.0
38;2700;ASH_COATED_OSMIUM;9977;12;;;;;9993;5;;;;;9985.0;0.0
38;2700;INTARIAN_PEPPER_ROOT;50998;15;;;;;51010;21;;;;;51004.0;0.0
38;2800;ASH_COATED_OSMIUM;9978;10;9977;12;9974;13;9994;13;9995;15;9996;15;9986.5;0.0
38;2800;INTARIAN_PEPPER_ROOT;50993;25;50990;19;50987;11;51006;8;51008;11;51010;11;50999.5;0.0
38;2900;ASH_COATED_OSMIUM;9975;13;9972;15;;;9991;10;9993;26;;;9983.0;0.0
38;2900;INTARIAN_PEPPER_ROOT;51001;8;50998;11;;;51015;10;51017;12;;;51008.5;0.0
38;3000;ASH_COATED_OSMIUM;9984;10;9983;14;;;10000;13;10002;12;;;9992.5;0.0
38;3000;INTARIAN_PEPPER_ROOT;50994;19;50992;24;50991;8;51010;11;51013;12;51015;12;51002.5;0.0
38;3100;ASH_COATED_OSMIUM;9990;11;;;;;10006;13;;;;;9998.0;0.0
38;3100;INTARIAN_PEPPER_ROOT;50996;9;50995;9;;;51010;8;51013;11;;;51003.5;0.0
38;3200;ASH_COATED_OSMIUM;9990;27;9988;10;;;10008;11;10009;11;;;9999.5;0.0
38;3200;INTARIAN_PEPPER_ROOT;51001;8;;;;;51014;8;;;;;51007.5;0.0
38;3300;ASH_COATED_OSMIUM;9995;14;;;;;10014;2;;;;;10005.0;0.0
38;3300;INTARIAN_PEPPER_ROOT;50998;9;50995;7;50992;9;51010;9;51011;9;51014;11;51004.5;0.0
38;3400;ASH_COATED_OSMIUM;9989;15;9987;11;;;10005;15;10008;10;;;9997.5;0.0
38;3400;INTARIAN_PEPPER_ROOT;50997;12;50995;11;;;51008;8;51010;8;;;51003.0;0.0
38;3500;ASH_COATED_OSMIUM;9994;13;9993;12;;;10010;30;10013;27;;;10002.0;0.0
38;3500;INTARIAN_PEPPER_ROOT;50998;15;50996;11;50995;8;51013;11;51016;11;51019;8;51006.0;0.0
38;3600;ASH_COATED_OSMIUM;9987;14;9986;11;;;10003;10;10006;13;;;9995.0;0.0
38;3600;INTARIAN_PEPPER_ROOT;50999;8;50998;9;;;51012;8;51013;17;;;51005.5;0.0
38;3700;ASH_COATED_OSMIUM;9989;15;9988;12;9987;11;10005;13;10007;12;10010;10;9997.0;0.0
38;3700;INTARIAN_PEPPER_ROOT;50999;11;;;;;51011;11;;;;;51005.5;0.0
38;3800;ASH_COATED_OSMIUM;9990;12;9988;21;9986;25;10006;10;10007;10;10008;14;9998.0;0.0
38;3800;INTARIAN_PEPPER_ROOT;50992;11;50991;12;;;51008;24;51011;11;;;51000.5;0.0
38;3900;ASH_COATED_OSMIUM;9983;14;9980;15;;;10001;15;10002;15;;;9992.5;0.0
38;3900;INTARIAN_PEPPER_ROOT;50995;11;50993;11;;;51011;4;51013;12;;;51003.0;0.0
38;4000;ASH_COATED_OSMIUM;9982;15;;;;;9988;23;;;;;9985.5;0.0
38;4000;INTARIAN_PEPPER_ROOT;50996;11;50995;10;50992;11;51011;22;51014;16;51017;11;51003.5;0.0
38;4100;ASH_COATED_OSMIUM;9977;13;;;;;9993;15;;;;;9985.5;0.0
38;4100;INTARIAN_PEPPER_ROOT;51004;8;51003;17;51001;10;51007;9;51008;9;51011;9;51005.5;0.0
38;4200;ASH_COATED_OSMIUM;9978;11;;;;;9996;13;;;;;9987.5;0.0
38;4200;INTARIAN_PEPPER_ROOT;50992;11;50991;15;50988;6;51012;11;51014;8;51017;18;51002.5;0.0
38;4300;ASH_COATED_OSMIUM;9984;14;9982;14;9979;13;10000;12;10002;14;10005;11;9992.5;0.0
38;4300;INTARIAN_PEPPER_ROOT;50999;9;50998;11;;;51011;11;51012;8;;;51005.0;0.0
38;4400;ASH_COATED_OSMIUM;9991;15;;;;;10010;14;;;;;10000.5;0.0
38;4400;INTARIAN_PEPPER_ROOT;50999;10;50997;25;;;51012;12;51014;12;;;51005.5;0.0
38;4500;ASH_COATED_OSMIUM;9991;15;;;;;10009;14;;;;;10000.0;0.0
38;4500;INTARIAN_PEPPER_ROOT;51001;11;;;;;51012;12;;;;;51006.5;0.0
38;4600;ASH_COATED_OSMIUM;9992;14;9990;12;;;10013;12;10015;13;;;10003.0;0.0
38;4600;INTARIAN_PEPPER_ROOT;51000;9;;;;;51013;12;;;;;51007.0;0.0
38;4700;ASH_COATED_OSMIUM;9995;13;9994;13;;;10014;10;10015;14;;;10005.0;0.0
38;4700;INTARIAN_PEPPER_ROOT;51001;20;50998;8;;;51013;11;51014;17;;;51007.5;0.0
38;4800;ASH_COATED_OSMIUM;9992;11;9991;10;9989;26;10008;21;10011;4;10014;15;10000.5;0.0
38;4800;INTARIAN_PEPPER_ROOT;51002;8;51001;8;;;51015;11;51017;19;;;51008.5;0.0
38;4900;ASH_COATED_OSMIUM;9998;12;9997;14;;;10014;4;10016;11;;;10006.0;0.0
38;4900;INTARIAN_PEPPER_ROOT;50997;20;;;;;51008;10;;;;;51003.0;0.0
38;5000;ASH_COATED_OSMIUM;9990;14;9987;24;;;10008;11;10011;15;;;9999.5;0.0
38;5000;INTARIAN_PEPPER_ROOT;50999;9;50996;10;;;51012;12;51013;9;;;51005.5;0.0
38;5100;ASH_COATED_OSMIUM;9985;15;9982;13;;;10001;20;10004;2;;;9993.0;0.0
38;5100;INTARIAN_PEPPER_ROOT;50999;12;50998;12;50996;24;51012;11;51013;8;51016;10;51005.5;0.0
38;5200;ASH_COATED_OSMIUM;9985;13;9984;10;;;10001;22;10004;12;;;9993.5;0.0
38;5200;INTARIAN_PEPPER_ROOT;51000;11;50998;9;50996;9;51011;8;51014;10;51015;10;51006.0;0.0
38;5300;ASH_COATED_OSMIUM;9984;28;;;;;10000;14;;;;;9992.0;0.0
38;5300;INTARIAN_PEPPER_ROOT;50997;9;50996;11;50994;11;51010;10;51011;15;51012;10;51003.5;0.0
38;5400;ASH_COATED_OSMIUM;9981;14;;;;;9997;11;;;;;9989.5;0.0
38;5400;INTARIAN_PEPPER_ROOT;50996;8;;;;;51010;10;;;;;51003.5;0.0
38;5500;ASH_COATED_OSMIUM;9982;21;9979;15;9976;15;9998;24;10000;21;10003;13;9990.0;0.0
38;5500;INTARIAN_PEPPER_ROOT;51001;9;50998;12;;;51014;4;51017;11;;;51007.5;0.0
38;5600;ASH_COATED_OSMIUM;9991;11;9988;14;;;10007;12;10008;11;;;9999.0;0.0
38;5600;INTARIAN_PEPPER_ROOT;51000;11;;;;;51014;8;;;;;51007.5;0.0
38;5700;ASH_COATED_OSMIUM;9987;10;9986;25;;;10006;2;10007;14;;;9996.5;0.0
38;5700;INTARIAN_PEPPER_ROOT;51000;9;50999;12;;;51011;11;51013;8;;;51006.0;0.0
38;5800;ASH_COATED_OSMIUM;9996;14;;;;;10002;13;;;;;9999.0;0.0
38;5800;INTARIAN_PEPPER_ROOT;50998;9;50997;11;50996;9;51014;10;51016;8;51017;9;51006.0;0.0
38;5900;ASH_COATED_OSMIUM;9985;13;9983;13;9980;24;10001;15;10002;12;10003;10;9993.0;0.0
38;5900;INTARIAN_PEPPER_ROOT;51000;9;50998;10;;;51017;20;51018;12;;;51008.5;0.0
38;6000;ASH_COATED_OSMIUM;9985;3;9984;13;;;10001;13;10003;10;;;9993.5;0.0
38;6000;INTARIAN_PEPPER_ROOT;51001;11;50999;16;;;51015;12;51018;9;;;51008.0;0.0
38;6100;ASH_COATED_OSMIUM;9984;14;9983;15;9982;13;10000;20;10001;13;10004;14;9992.5;0.0
38;6100;INTARIAN_PEPPER_ROOT;51001;11;50998;10;50995;9;51015;10;51017;5;51019;11;51008.5;0.0
38;6200;ASH_COATED_OSMIUM;9980;11;;;;;9996;30;;;;;9988.5;0.0
38;6200;INTARIAN_PEPPER_ROOT;51001;10;50999;12;50996;8;51013;16;51014;10;51017;10;51007.0;0.0
38;6300;ASH_COATED_OSMIUM;9977;14;9974;15;9973;10;9993;11;9994;15;9995;10;9985.5;0.0
38;6300;INTARIAN_PEPPER_ROOT;50995;12;50993;16;50992;11;51008;8;51009;21;51012;12;51001.5;0.0
38;6400;ASH_COATED_OSMIUM;9976;15;;;;;9994;10;;;;;9985.5;0.0
38;6400;INTARIAN_PEPPER_ROOT;50998;11;50995;9;50993;9;51012;18;51013;11;51014;9;51005.0;0.0
38;6500;ASH_COATED_OSMIUM;9979;11;;;;;9995;13;;;;;9987.5;0.0
38;6500;INTARIAN_PEPPER_ROOT;50994;9;;;;;51011;12;;;;;51002.5;0.0
38;6600;ASH_COATED_OSMIUM;9982;12;9980;14;9978;10;9998;15;10000;10;10002;11;9990.0;0.0
38;6600;INTARIAN_PEPPER_ROOT;50998;12;50997;12;50995;11;51011;8;51013;10;51014;9;51005.0;0.0
38;6700;ASH_COATED_OSMIUM;9990;12;9987;10;;;10008;15;10011;15;;;9999.5;0.0
38;6700;INTARIAN_PEPPER_ROOT;50998;10;50995;12;;;51012;8;51013;10;;;51005.0;0.0
38;6800;ASH_COATED_OSMIUM;9991;13;9988;15;9987;13;10007;14;10009;12;10011;10;9999.0;0.0
38;6800;INTARIAN_PEPPER_ROOT;51001;9;;;;;51017;12;;;;;51009.5;0.0
38;6900;ASH_COATED_OSMIUM;9996;30;;;;;10015;15;;;;;10006.0;0.0
38;6900;INTARIAN_PEPPER_ROOT;51000;20;;;;;51013;9;;;;;51006.5;0.0
38;7000;ASH_COATED_OSMIUM;9992;25;9991;14;;;10010;27;10011;10;;;10001.0;0.0
38;7000;INTARIAN_PEPPER_ROOT;51000;10;50998;10;;;51014;11;51016;23;;;51007.0;0.0
38;7100;ASH_COATED_OSMIUM;9988;15;9985;14;;;10007;10;10008;12;;;9998.0;0.0
38;7100;INTARIAN_PEPPER_ROOT;50996;11;50994;12;;;51012;9;51013;22;;;51004.0;0.0
38;7200;ASH_COATED_OSMIUM;9993;12;;;;;10009;14;;;;;10001.0;0.0
38;7200;INTARIAN_PEPPER_ROOT;50999;8;50998;16;50997;8;51012;12;51014;11;51015;10;51005.5;0.0
38;7300;ASH_COATED_OSMIUM;9997;10;9994;10;9992;11;10013;13;10015;12;10017;10;10005.5;0.0
38;7300;INTARIAN_PEPPER_ROOT;51004;12;51001;11;;;51015;9;51018;8;;;51010.0;0.0
38;7400;ASH_COATED_OSMIUM;10005;20;10004;15;10001;10;10011;15;10014;12;10015;28;10008.0;0.0
38;7400;INTARIAN_PEPPER_ROOT;51000;12;50999;12;;;51013;9;51016;9;;;51006.5;0.0
38;7500;ASH_COATED_OSMIUM;9995;13;9994;22;;;10004;12;10007;15;;;10000.0;0.0
38;7500;INTARIAN_PEPPER_ROOT;51002;25;51000;24;;;51013;8;51015;9;;;51007.5;0.0
38;7600;ASH_COATED_OSMIUM;9993;15;;;;;10011;12;;;;;10002.5;0.0
38;7600;INTARIAN_PEPPER_ROOT;50997;12;;;;;51013;17;;;;;51005.5;0.0
38;7700;ASH_COATED_OSMIUM;9993;13;9991;29;9989;14;10011;15;10014;15;10015;10;10002.5;0.0
38;7700;INTARIAN_PEPPER_ROOT;51003;11;51001;8;;;51016;10;51018;12;;;51010.0;0.0
38;7800;ASH_COATED_OSMIUM;9986;13;9985;20;9984;25;10004;10;10005;20;10007;13;9995.5;0.0
38;7800;INTARIAN_PEPPER_ROOT;51002;10;51001;9;;;51014;12;51016;22;;;51008.5;0.0
38;7900;ASH_COATED_OSMIUM;9990;13;;;;;10006;13;;;;;9998.5;0.0
38;7900;INTARIAN_PEPPER_ROOT;50996;12;50995;25;;;51012;11;51013;9;;;51004.5;0.0
38;8000;ASH_COATED_OSMIUM;9990;11;9989;11;9987;11;10006;14;10007;11;10009;14;9998.0;0.0
38;8000;INTARIAN_PEPPER_ROOT;51007;8;51004;9;51002;9;51020;11;51022;9;51023;11;51013.5;0.0
38;8100;ASH_COATED_OSMIUM;9985;15;9983;10;9980;14;10001;13;10002;11;10005;28;9993.5;0.0
38;8100;INTARIAN_PEPPER_ROOT;51001;8;51000;9;50998;11;51013;18;51015;8;51018;11;51007.5;0.0
38;8200;ASH_COATED_OSMIUM;9988;12;;;;;10004;13;;;;;9996.5;0.0
38;8200;INTARIAN_PEPPER_ROOT;50999;12;50998;11;;;51014;12;51017;12;;;51006.5;0.0
38;8300;ASH_COATED_OSMIUM;9986;15;9983;11;;;10002;14;10003;15;;;9994.5;0.0
38;8300;INTARIAN_PEPPER_ROOT;51004;11;;;;;51018;8;;;;;51011.5;0.0
38;8400;ASH_COATED_OSMIUM;9989;12;9987;15;;;10005;12;10008;15;;;9997.0;0.0
38;8400;INTARIAN_PEPPER_ROOT;51003;10;51000;11;;;51016;9;51018;8;;;51010.0;0.0
38;8500;ASH_COATED_OSMIUM;9987;28;;;;;10003;10;;;;;9995.0;0.0
38;8500;INTARIAN_PEPPER_ROOT;51005;8;51002;9;;;51017;9;51018;9;;;51011.0;0.0
38;8600;ASH_COATED_OSMIUM;9989;10;9987;12;9986;13;10007;14;10008;14;10011;13;9998.0;0.0
38;8600;INTARIAN_PEPPER_ROOT;51000;11;;;;;51012;8;;;;;51006.5;0.0
38;8700;ASH_COATED_OSMIUM;9990;27;;;;;10006;15;;;;;9998.5;0.0
38;8700;INTARIAN_PEPPER_ROOT;51002;10;50999;11;;;51013;12;51014;10;;;51007.5;0.0
38;8800;ASH_COATED_OSMIUM;9992;26;;;;;10008;13;;;;;10000.0;0.0
38;8800;INTARIAN_PEPPER_ROOT;51008;10;51007;11;;;51010;11;51012;10;;;51009.5;0.0
38;8900;ASH_COATED_OSMIUM;9988;29;;;;;10006;15;;;;;9997.5;0.0
38;8900;INTARIAN_PEPPER_ROOT;51001;10;50999;12;;;51016;16;51019;11;;;51009.0;0.0
38;9000;ASH_COATED_OSMIUM;9991;12;;;;;10009;28;;;;;10000.0;0.0
38;9000;INTARIAN_PEPPER_ROOT;51002;8;50999;12;;;51016;8;51017;9;;;51009.5;0.0
38;9100;ASH_COATED_OSMIUM;10001;14;9998;13;;;10012;13;10014;27;;;10006.5;0.0
38;9100;INTARIAN_PEPPER_ROOT;51003;10;51000;12;;;51015;10;51018;12;;;51009.0;0.0
38;9200;ASH_COATED_OSMIUM;9993;11;9990;13;;;10009;10;10012;12;;;10001.0;0.0
38;9200;INTARIAN_PEPPER_ROOT;51001;23;51000;8;50998;9;51017;11;51019;8;51020;9;51009.5;0.0
38;9300;ASH_COATED_OSMIUM;9987;13;9986;15;;;10008;12;10009;14;;;9997.5;0.0
38;9300;INTARIAN_PEPPER_ROOT;51000;19;;;;;51012;12;;;;;51006.0;0.0
38;9400;ASH_COATED_OSMIUM;9984;10;9981;15;;;10003;20;10004;11;;;9993.5;0.0
38;9400;INTARIAN_PEPPER_ROOT;51000;12;50997;9;;;51015;12;51017;10;;;51008.0;0.0
38;9500;ASH_COATED_OSMIUM;9981;14;9979;13;;;9999;29;10000;13;;;9990.5;0.0
38;9500;INTARIAN_PEPPER_ROOT;51003;8;51002;9;51001;10;51016;10;51019;9;51020;12;51009.5;0.0
38;9600;ASH_COATED_OSMIUM;9989;25;9987;30;9985;15;10005;13;10008;30;10010;14;9997.0;0.0
38;9600;INTARIAN_PEPPER_ROOT;51000;12;50999;11;;;51017;10;51020;8;;;51009.0;0.0
38;9700;ASH_COATED_OSMIUM;9988;27;;;;;10004;9;;;;;9996.5;0.0
38;9700;INTARIAN_PEPPER_ROOT;51000;8;50998;18;50996;11;51017;10;51018;9;51020;12;51009.0;0.0
38;9800;ASH_COATED_OSMIUM;9985;13;9984;15;;;10003;11;10004;10;;;9994.5;0.0
38;9800;INTARIAN_PEPPER_ROOT;51007;8;;;;;51021;18;;;;;51014.0;0.0
38;9900;ASH_COATED_OSMIUM;9993;12;9991;15;9989;10;10009;10;10012;22;10014;30;10001.5;0.0
38;9900;INTARIAN_PEPPER_ROOT;51003;12;51001;20;51000;8;51016;9;51017;25;51020;8;51010.0;0.0
38;10000;ASH_COATED_OSMIUM;9991;13;9988;15;9985;12;10010;15;10012;12;10013;14;10000.5;0.0
38;10000;INTARIAN_PEPPER_ROOT;51006;8;;;;;51019;8;;;;;51012.5;0.0
38;10100;ASH_COATED_OSMIUM;9999;12;9996;12;;;10015;23;10016;15;;;10007.0;0.0
38;10100;INTARIAN_PEPPER_ROOT;51008;8;51005;12;;;51020;15;51022;12;;;51014.5;0.0
38;10200;ASH_COATED_OSMIUM;9996;13;9993;11;;;10014;24;10017;15;;;10005.5;0.0
38;10200;INTARIAN_PEPPER_ROOT;51007;8;51005;24;;;51019;12;51022;11;;;51013.0;0.0
38;10300;ASH_COATED_OSMIUM;9992;12;9991;13;9989;10;10010;11;10011;10;10014;10;10001.5;0.0
38;10300;INTARIAN_PEPPER_ROOT;51003;9;51002;24;;;51020;8;51023;11;;;51012.0;0.0
38;10400;ASH_COATED_OSMIUM;9992;13;9990;12;;;10008;15;10010;25;;;10000.5;0.0
38;10400;INTARIAN_PEPPER_ROOT;51003;8;51000;10;50997;10;51018;10;51020;19;51023;18;51010.5;0.0
38;10500;ASH_COATED_OSMIUM;9992;14;9991;15;9990;30;10010;24;10011;11;10013;12;10001.0;0.0
38;10500;INTARIAN_PEPPER_ROOT;51003;10;51001;15;50999;17;51018;10;51020;10;51023;20;51010.5;0.0
38;10600;ASH_COATED_OSMIUM;9991;11;9990;14;9988;15;10007;13;10009;10;10010;25;9999.0;0.0
38;10600;INTARIAN_PEPPER_ROOT;51000;11;50998;10;50997;11;51017;8;51019;12;51020;8;51008.5;0.0
38;10700;ASH_COATED_OSMIUM;9992;15;9990;13;;;10008;11;10011;10;;;10000.0;0.0
38;10700;INTARIAN_PEPPER_ROOT;51010;8;51009;12;;;51023;9;51026;12;;;51016.5;0.0
38;10800;ASH_COATED_OSMIUM;9991;15;9989;13;;;10007;14;10010;14;;;9999.5;0.0
38;10800;INTARIAN_PEPPER_ROOT;51008;11;51006;10;51003;9;51020;9;51023;8;51026;8;51014.5;0.0
38;10900;ASH_COATED_OSMIUM;9990;10;9987;14;;;10006;10;10007;15;;;9998.0;0.0
38;10900;INTARIAN_PEPPER_ROOT;51002;23;51001;9;50999;9;51015;9;51016;9;51018;11;51009.0;0.0
38;11000;ASH_COATED_OSMIUM;9992;12;9991;10;;;10008;14;10011;12;;;10000.0;0.0
38;11000;INTARIAN_PEPPER_ROOT;51007;8;51006;8;;;51024;20;51026;10;;;51016.0;0.0
38;11100;ASH_COATED_OSMIUM;9995;7;9994;13;9991;27;10013;14;10016;11;10018;11;10004.0;0.0
38;11100;INTARIAN_PEPPER_ROOT;51011;10;51009;8;;;51022;21;51023;12;;;51016.5;0.0
38;11200;ASH_COATED_OSMIUM;9996;14;9993;13;;;10012;11;10014;21;;;10004.0;0.0
38;11200;INTARIAN_PEPPER_ROOT;51004;9;51003;12;;;51017;12;51020;9;;;51011.0;0.0
38;11300;ASH_COATED_OSMIUM;9998;24;9996;11;9994;12;10014;10;10016;14;10018;11;10006.0;0.0
38;11300;INTARIAN_PEPPER_ROOT;51006;25;;;;;51019;9;;;;;51013.0;0.0
38;11400;ASH_COATED_OSMIUM;9994;14;;;;;10010;15;;;;;10002.0;0.0
38;11400;INTARIAN_PEPPER_ROOT;51002;11;51001;20;;;51015;9;51018;10;;;51009.0;0.0
38;11500;ASH_COATED_OSMIUM;9996;13;;;;;10012;14;;;;;10004.0;0.0
38;11500;INTARIAN_PEPPER_ROOT;51009;12;51006;8;;;51024;10;51025;8;;;51016.5;0.0
38;11600;ASH_COATED_OSMIUM;9998;10;9996;10;;;10014;21;10016;11;;;10006.5;0.0
38;11600;INTARIAN_PEPPER_ROOT;51002;12;;;;;51014;12;;;;;51008.5;0.0
38;11700;ASH_COATED_OSMIUM;9999;10;9996;24;9993;15;10015;23;10017;14;10020;11;10007.0;0.0
38;11700;INTARIAN_PEPPER_ROOT;51005;11;51002;11;51001;10;51018;18;51021;10;51024;9;51012.0;0.0
38;11800;ASH_COATED_OSMIUM;9993;27;9992;12;;;10012;29;10015;23;;;10002.5;0.0
38;11800;INTARIAN_PEPPER_ROOT;51006;8;;;;;51019;9;;;;;51012.5;0.0
38;11900;ASH_COATED_OSMIUM;9990;23;9987;14;9986;15;10008;14;10009;14;10012;14;9999.5;0.0
38;11900;INTARIAN_PEPPER_ROOT;51004;16;;;;;51019;9;;;;;51012.0;0.0
38;12000;ASH_COATED_OSMIUM;9992;13;9989;22;9988;12;10008;11;10010;12;10013;15;10000.5;0.0
38;12000;INTARIAN_PEPPER_ROOT;51003;20;51000;9;50998;10;51015;12;51018;10;51019;10;51009.5;0.0
38;12100;ASH_COATED_OSMIUM;9991;11;9988;11;;;10009;12;10011;12;;;10000.0;0.0
38;12100;INTARIAN_PEPPER_ROOT;51006;12;51003;8;;;51018;8;51019;10;;;51012.5;0.0
38;12200;ASH_COATED_OSMIUM;9989;12;9986;12;;;10005;22;10006;14;;;9997.0;0.0
38;12200;INTARIAN_PEPPER_ROOT;51013;11;51010;8;51007;12;51026;9;51027;8;51030;22;51019.5;0.0
38;12300;ASH_COATED_OSMIUM;9985;10;;;;;10001;14;;;;;9993.5;0.0
38;12300;INTARIAN_PEPPER_ROOT;51002;10;;;;;51019;8;;;;;51010.5;0.0
38;12400;ASH_COATED_OSMIUM;9980;12;9979;12;9976;12;9999;10;10000;11;10001;12;9989.5;0.0
38;12400;INTARIAN_PEPPER_ROOT;51005;11;51004;12;;;51018;9;51019;8;;;51012.0;0.0
38;12500;ASH_COATED_OSMIUM;9982;10;;;;;9998;14;;;;;9990.5;0.0
38;12500;INTARIAN_PEPPER_ROOT;51011;8;51008;8;;;51024;22;51025;10;;;51018.0;0.0
38;12600;ASH_COATED_OSMIUM;9985;29;;;;;10001;13;;;;;9993.0;0.0
38;12600;INTARIAN_PEPPER_ROOT;51004;24;;;;;51016;10;;;;;51010.5;0.0
38;12700;ASH_COATED_OSMIUM;9991;13;9990;11;;;10009;14;10010;13;;;10000.0;0.0
38;12700;INTARIAN_PEPPER_ROOT;51005;19;51004;20;51002;9;51016;10;51017;12;51020;11;51010.5;0.0
38;12800;ASH_COATED_OSMIUM;9987;10;9984;12;;;10005;22;10007;14;;;9996.0;0.0
38;12800;INTARIAN_PEPPER_ROOT;51005;20;;;;;51021;8;;;;;51013.5;0.0
38;12900;ASH_COATED_OSMIUM;9992;14;9991;13;9990;13;10008;14;10010;15;10012;12;10000.5;0.0
38;12900;INTARIAN_PEPPER_ROOT;51004;8;;;;;51021;22;;;;;51012.5;0.0
38;13000;ASH_COATED_OSMIUM;9989;13;9986;15;;;10005;10;10006;15;;;9997.5;0.0
38;13000;INTARIAN_PEPPER_ROOT;51008;9;51006;12;51005;10;51020;12;51023;11;51025;8;51014.0;0.0
38;13100;ASH_COATED_OSMIUM;9992;29;;;;;10008;11;;;;;10000.5;0.0
38;13100;INTARIAN_PEPPER_ROOT;51007;17;51006;12;;;51020;8;51023;9;;;51013.5;0.0
38;13200;ASH_COATED_OSMIUM;9995;2;;;;;10004;14;;;;;10000.0;0.0
38;13200;INTARIAN_PEPPER_ROOT;51005;11;51002;8;;;51018;8;51019;9;;;51011.5;0.0
38;13300;ASH_COATED_OSMIUM;9994;13;9992;21;;;10010;13;10012;21;;;10002.0;0.0
38;13300;INTARIAN_PEPPER_ROOT;51005;9;51003;11;;;51022;11;51024;12;;;51014.0;0.0
38;13400;ASH_COATED_OSMIUM;9997;11;9996;12;;;10013;4;10014;25;;;10005.0;0.0
38;13400;INTARIAN_PEPPER_ROOT;51004;11;51001;11;50998;8;51022;12;51025;11;51026;12;51013.5;0.0
38;13500;ASH_COATED_OSMIUM;10000;13;9999;11;;;10016;20;10018;10;;;10008.5;0.0
38;13500;INTARIAN_PEPPER_ROOT;51011;12;51010;10;51008;9;51024;9;51026;9;51028;12;51017.5;0.0
38;13600;ASH_COATED_OSMIUM;9995;15;;;;;10014;15;;;;;10005.0;0.0
38;13600;INTARIAN_PEPPER_ROOT;51007;19;51005;12;51003;9;51019;11;51020;12;51023;15;51013.0;0.0
38;13700;ASH_COATED_OSMIUM;10000;11;9998;11;;;10016;12;10017;15;;;10008.0;0.0
38;13700;INTARIAN_PEPPER_ROOT;51009;11;51007;10;51004;9;51021;8;51023;12;51024;10;51015.0;0.0
38;13800;ASH_COATED_OSMIUM;9999;14;9997;27;;;10015;15;10016;28;;;10007.0;0.0
38;13800;INTARIAN_PEPPER_ROOT;51011;10;51008;8;51005;12;51023;11;51025;24;51027;20;51017.0;0.0
38;13900;ASH_COATED_OSMIUM;9999;11;9998;24;9996;15;10015;26;10018;14;10020;11;10007.0;0.0
38;13900;INTARIAN_PEPPER_ROOT;51007;10;;;;;51020;19;;;;;51013.5;0.0
38;14000;ASH_COATED_OSMIUM;9997;15;9995;12;;;10013;15;10016;14;;;10005.5;0.0
38;14000;INTARIAN_PEPPER_ROOT;51006;19;;;;;51020;11;;;;;51013.5;0.0
38;14100;ASH_COATED_OSMIUM;9994;24;;;;;10010;20;;;;;10002.0;0.0
38;14100;INTARIAN_PEPPER_ROOT;51012;8;51009;9;;;51023;23;51026;9;;;51018.0;0.0
38;14200;ASH_COATED_OSMIUM;9999;20;9996;13;;;10005;5;10006;11;;;10002.5;0.0
38;14200;INTARIAN_PEPPER_ROOT;51007;10;;;;;51019;10;;;;;51013.0;0.0
38;14300;ASH_COATED_OSMIUM;9992;7;9990;29;;;10008;15;10011;10;;;10000.5;0.0
38;14300;INTARIAN_PEPPER_ROOT;51008;9;;;;;51021;21;;;;;51014.5;0.0
38;14400;ASH_COATED_OSMIUM;9987;11;9986;11;;;9998;15;10001;10;;;9992.5;0.0
38;14400;INTARIAN_PEPPER_ROOT;51007;9;51004;11;51003;3;51018;12;51020;9;51021;9;51012.5;0.0
38;14500;ASH_COATED_OSMIUM;9989;12;;;;;10007;14;;;;;9998.5;0.0
38;14500;INTARIAN_PEPPER_ROOT;51003;16;51000;10;50999;8;51023;8;51026;25;51027;10;51013.5;0.0
38;14600;ASH_COATED_OSMIUM;9985;14;;;;;10003;12;;;;;9994.5;0.0
38;14600;INTARIAN_PEPPER_ROOT;51011;10;;;;;51025;10;;;;;51018.5;0.0
38;14700;ASH_COATED_OSMIUM;9987;14;;;;;10003;22;;;;;9995.0;0.0
38;14700;INTARIAN_PEPPER_ROOT;51010;9;51007;8;;;51022;8;51024;8;;;51016.5;0.0
38;14800;ASH_COATED_OSMIUM;9992;15;;;;;10010;13;;;;;10001.5;0.0
38;14800;INTARIAN_PEPPER_ROOT;51007;10;51006;22;51003;9;51019;12;51022;9;51023;9;51013.5;0.0
38;14900;ASH_COATED_OSMIUM;9987;14;;;;;10003;11;;;;;9995.5;0.0
38;14900;INTARIAN_PEPPER_ROOT;51008;12;51005;8;;;51019;20;51021;9;;;51013.5;0.0
38;15000;ASH_COATED_OSMIUM;9986;14;9985;15;;;10002;12;10004;22;;;9994.0;0.0
38;15000;INTARIAN_PEPPER_ROOT;51009;9;;;;;51022;9;;;;;51016.0;0.0
38;15100;ASH_COATED_OSMIUM;9990;12;;;;;10006;26;;;;;9998.5;0.0
38;15100;INTARIAN_PEPPER_ROOT;51006;12;51004;18;;;51023;8;51024;11;;;51015.0;0.0
38;15200;ASH_COATED_OSMIUM;9991;10;;;;;10009;13;;;;;10000.5;0.0
38;15200;INTARIAN_PEPPER_ROOT;51009;11;51007;20;51006;8;51025;16;51027;10;51029;10;51017.0;0.0
38;15300;ASH_COATED_OSMIUM;9994;14;9992;15;9990;13;10010;10;10012;11;10013;13;10002.0;0.0
38;15300;INTARIAN_PEPPER_ROOT;51005;8;51004;12;;;51020;12;51021;10;;;51013.0;0.0
38;15400;ASH_COATED_OSMIUM;9985;28;;;;;10004;12;;;;;9994.5;0.0
38;15400;INTARIAN_PEPPER_ROOT;51010;8;51009;12;51007;8;51023;10;51026;5;51027;21;51016.5;0.0
38;15500;ASH_COATED_OSMIUM;9991;23;9989;4;;;10007;12;10009;15;;;9999.0;0.0
38;15500;INTARIAN_PEPPER_ROOT;51013;12;51012;23;51009;9;51015;8;51018;16;51021;9;51014.0;0.0
38;15600;ASH_COATED_OSMIUM;9990;10;9989;15;;;10006;10;10008;11;;;9998.5;0.0
38;15600;INTARIAN_PEPPER_ROOT;51007;9;51005;8;51002;9;51023;8;51025;12;51026;11;51015.5;0.0
38;15700;ASH_COATED_OSMIUM;9988;28;9987;26;;;10004;12;10005;10;;;9996.0;0.0
38;15700;INTARIAN_PEPPER_ROOT;51009;11;51008;21;;;51022;11;51025;12;;;51016.0;0.0
38;15800;ASH_COATED_OSMIUM;9988;12;9986;13;;;10004;13;10005;13;;;9996.5;0.0
38;15800;INTARIAN_PEPPER_ROOT;51005;12;51002;9;;;51021;16;51023;12;;;51013.5;0.0
38;15900;ASH_COATED_OSMIUM;9992;22;;;;;10008;14;;;;;10000.5;0.0
38;15900;INTARIAN_PEPPER_ROOT;51009;8;;;;;51022;8;;;;;51015.5;0.0
38;16000;ASH_COATED_OSMIUM;9997;10;9996;15;9994;30;10013;15;10015;12;10017;14;10005.5;0.0
38;16000;INTARIAN_PEPPER_ROOT;51015;12;51012;10;;;51031;11;51034;8;;;51023.5;0.0
38;16100;ASH_COATED_OSMIUM;9999;15;9996;14;;;10020;12;10021;12;;;10010.0;0.0
38;16100;INTARIAN_PEPPER_ROOT;51012;12;;;;;51026;12;;;;;51019.0;0.0
38;16200;ASH_COATED_OSMIUM;9995;3;9994;14;9993;30;10016;13;10018;13;10019;30;10005.5;0.0
38;16200;INTARIAN_PEPPER_ROOT;51011;21;51010;8;51009;8;51022;12;51025;9;51028;19;51017.0;0.0
38;16300;ASH_COATED_OSMIUM;9999;13;9997;10;;;10015;15;10017;26;;;10007.0;0.0
38;16300;INTARIAN_PEPPER_ROOT;51013;9;51010;8;51007;12;51027;12;51028;17;51031;9;51020.0;0.0
38;16400;ASH_COATED_OSMIUM;9992;15;9990;3;9989;15;10008;13;10009;12;10011;10;10000.0;0.0
38;16400;INTARIAN_PEPPER_ROOT;51008;17;;;;;51023;12;;;;;51016.0;0.0
38;16500;ASH_COATED_OSMIUM;9987;24;9984;12;;;10006;20;10008;25;;;9997.0;0.0
38;16500;INTARIAN_PEPPER_ROOT;51013;9;51012;10;51010;25;51029;8;51030;8;51032;11;51021.5;0.0
38;16600;ASH_COATED_OSMIUM;9992;28;;;;;10008;12;;;;;10000.0;0.0
38;16600;INTARIAN_PEPPER_ROOT;51013;8;;;;;51026;11;;;;;51020.0;0.0
38;16700;ASH_COATED_OSMIUM;9996;26;9994;4;;;10014;11;10017;14;;;10005.5;0.0
38;16700;INTARIAN_PEPPER_ROOT;51011;12;51009;25;;;51022;8;51024;12;;;51016.5;0.0
38;16800;ASH_COATED_OSMIUM;9997;15;9995;10;;;10013;26;10015;13;;;10005.5;0.0
38;16800;INTARIAN_PEPPER_ROOT;51005;12;51004;10;51003;9;51016;7;51017;10;51019;18;51011.0;0.0
38;16900;ASH_COATED_OSMIUM;10001;10;;;;;10017;11;;;;;10009.0;0.0
38;16900;INTARIAN_PEPPER_ROOT;51009;11;51007;10;;;51024;9;51025;10;;;51017.0;0.0
38;17000;ASH_COATED_OSMIUM;9998;15;9997;11;9994;15;10014;11;10015;15;10018;10;10006.0;0.0
38;17000;INTARIAN_PEPPER_ROOT;51009;10;51007;23;;;51024;9;51025;11;;;51017.0;0.0
38;17100;ASH_COATED_OSMIUM;9998;4;9996;23;;;10014;11;10015;15;;;10006.5;0.0
38;17100;INTARIAN_PEPPER_ROOT;51013;11;51012;8;51009;12;51027;10;51028;11;51029;9;51020.0;0.0
38;17200;ASH_COATED_OSMIUM;9992;14;9990;4;;;10011;14;10014;5;;;10002.0;0.0
38;17200;INTARIAN_PEPPER_ROOT;51008;9;51006;12;;;51023;8;51026;15;;;51015.5;0.0
38;17300;ASH_COATED_OSMIUM;9989;22;9986;15;;;10005;13;10007;30;;;9997.5;0.0
38;17300;INTARIAN_PEPPER_ROOT;51004;8;;;;;51021;7;;;;;51012.5;0.0
38;17400;ASH_COATED_OSMIUM;9995;22;9993;15;;;10002;10;10005;10;;;9999.0;0.0
38;17400;INTARIAN_PEPPER_ROOT;51010;9;51007;12;51004;11;51024;9;51026;8;51029;12;51017.0;0.0
38;17500;ASH_COATED_OSMIUM;9995;14;9994;14;;;10011;26;10014;15;;;10003.5;0.0
38;17500;INTARIAN_PEPPER_ROOT;51006;11;;;;;51022;9;;;;;51014.5;0.0
38;17600;ASH_COATED_OSMIUM;9994;10;9991;10;;;10010;12;10012;13;;;10002.5;0.0
38;17600;INTARIAN_PEPPER_ROOT;51007;11;51006;8;51005;25;51020;12;51021;7;51023;11;51014.0;0.0
38;17700;ASH_COATED_OSMIUM;9997;21;9996;15;;;10016;12;10019;11;;;10007.0;0.0
38;17700;INTARIAN_PEPPER_ROOT;51016;12;51015;11;51012;12;51027;9;51030;11;51033;16;51021.5;0.0
38;17800;ASH_COATED_OSMIUM;9990;11;9988;21;;;10006;12;10008;11;;;9998.5;0.0
38;17800;INTARIAN_PEPPER_ROOT;51013;9;51011;10;;;51028;16;51029;10;;;51021.0;0.0
38;17900;ASH_COATED_OSMIUM;9990;10;9987;14;9985;13;10006;12;10008;10;10009;3;9998.5;0.0
38;17900;INTARIAN_PEPPER_ROOT;51012;23;51010;10;;;51025;11;51028;11;;;51019.0;0.0
38;18000;ASH_COATED_OSMIUM;9990;11;9988;10;9987;10;10006;15;10007;14;10008;11;9998.0;0.0
38;18000;INTARIAN_PEPPER_ROOT;51015;15;51013;11;51012;11;51027;10;51028;11;51029;10;51021.0;0.0
38;18100;ASH_COATED_OSMIUM;9989;13;;;;;10007;20;;;;;9998.5;0.0
38;18100;INTARIAN_PEPPER_ROOT;51013;9;51012;8;;;51025;8;51027;11;;;51019.5;0.0
38;18200;ASH_COATED_OSMIUM;9985;13;9982;26;;;10001;13;10004;12;;;9993.0;0.0
38;18200;INTARIAN_PEPPER_ROOT;51009;9;51007;11;;;51023;22;51024;12;;;51016.5;0.0
38;18300;ASH_COATED_OSMIUM;9989;14;9986;12;9984;14;10005;10;10006;4;10009;10;9997.0;0.0
38;18300;INTARIAN_PEPPER_ROOT;51010;17;51007;8;;;51023;18;51024;9;;;51016.5;0.0
38;18400;ASH_COATED_OSMIUM;9992;11;9989;13;;;10007;10;10009;20;;;10000.0;0.0
38;18400;INTARIAN_PEPPER_ROOT;51012;12;51010;8;;;51024;11;51025;8;;;51018.0;0.0
38;18500;ASH_COATED_OSMIUM;9998;12;9995;10;;;10014;12;10017;15;;;10006.0;0.0
38;18500;INTARIAN_PEPPER_ROOT;51012;4;51010;8;51008;8;51025;9;51027;12;51028;9;51018.5;0.0
38;18600;ASH_COATED_OSMIUM;9991;14;9989;14;9988;14;10009;13;10012;14;10013;13;10000.5;0.0
38;18600;INTARIAN_PEPPER_ROOT;51016;10;;;;;51028;10;;;;;51022.5;0.0
38;18700;ASH_COATED_OSMIUM;9990;14;9988;15;;;10008;11;10010;27;;;9999.5;0.0
38;18700;INTARIAN_PEPPER_ROOT;51013;12;51010;11;51007;11;51030;19;51031;11;51033;10;51021.5;0.0
38;18800;ASH_COATED_OSMIUM;9992;20;9989;14;9987;15;10010;12;10011;10;10013;12;10001.0;0.0
38;18800;INTARIAN_PEPPER_ROOT;51012;12;51011;12;;;51025;9;51027;10;;;51019.0;0.0
38;18900;ASH_COATED_OSMIUM;9999;14;9996;26;9994;10;10015;15;10016;15;10019;5;10007.5;0.0
38;18900;INTARIAN_PEPPER_ROOT;51016;11;51014;8;;;51030;9;51032;10;;;51023.5;0.0
38;19000;ASH_COATED_OSMIUM;9996;11;9995;4;;;10012;13;10013;11;;;10004.5;0.0
38;19000;INTARIAN_PEPPER_ROOT;51015;12;51012;10;;;51026;11;51027;8;;;51021.0;0.0
38;19100;ASH_COATED_OSMIUM;9993;15;;;;;10009;20;;;;;10001.5;0.0
38;19100;INTARIAN_PEPPER_ROOT;51015;21;51013;9;51012;12;51027;11;51030;9;51033;17;51021.0;0.0
38;19200;ASH_COATED_OSMIUM;9999;3;9996;25;9993;10;10015;10;10017;13;10020;14;10007.0;0.0
38;19200;INTARIAN_PEPPER_ROOT;51015;25;51012;9;;;51027;9;51028;20;;;51021.0;0.0
38;19300;ASH_COATED_OSMIUM;9998;11;9997;12;;;10014;29;10017;15;;;10006.5;0.0
38;19300;INTARIAN_PEPPER_ROOT;51014;22;51012;10;;;51028;11;51031;8;;;51021.0;0.0
38;19400;ASH_COATED_OSMIUM;9998;20;9995;13;;;10014;10;10017;14;;;10006.5;0.0
38;19400;INTARIAN_PEPPER_ROOT;51010;16;51009;11;51008;12;51025;12;51026;10;51029;10;51017.5;0.0
38;19500;ASH_COATED_OSMIUM;9997;4;;;;;10013;13;;;;;10005.0;0.0
38;19500;INTARIAN_PEPPER_ROOT;51012;9;51009;12;;;51025;11;51027;8;;;51018.5;0.0
38;19600;ASH_COATED_OSMIUM;9993;12;;;;;10012;13;;;;;10002.5;0.0
38;19600;INTARIAN_PEPPER_ROOT;51017;9;51016;9;;;51024;9;51025;17;;;51020.5;0.0
38;19700;ASH_COATED_OSMIUM;9990;14;9989;14;9988;9;10006;11;10007;11;10008;10;9998.5;0.0
38;19700;INTARIAN_PEPPER_ROOT;51008;23;51005;9;;;51025;11;51028;11;;;51017.0;0.0
38;19800;ASH_COATED_OSMIUM;9989;13;;;;;10005;29;;;;;9997.5;0.0
38;19800;INTARIAN_PEPPER_ROOT;51013;8;;;;;51026;12;;;;;51019.5;0.0
38;19900;ASH_COATED_OSMIUM;9993;13;9991;10;;;10009;11;10011;14;;;10001.5;0.0
38;19900;INTARIAN_PEPPER_ROOT;51008;12;;;;;51022;12;;;;;51015.5;0.0
38;20000;ASH_COATED_OSMIUM;9995;3;9993;15;9992;10;10011;23;10012;10;10014;21;10003.5;0.0
38;20000;INTARIAN_PEPPER_ROOT;51017;11;51016;11;51015;12;51030;9;51031;9;51034;10;51023.5;0.0
38;20100;ASH_COATED_OSMIUM;9988;15;9986;22;9984;11;10007;14;10010;14;10011;13;9998.0;0.0
38;20100;INTARIAN_PEPPER_ROOT;51015;11;;;;;51026;8;;;;;51020.5;0.0
38;20200;ASH_COATED_OSMIUM;9994;10;9991;11;;;10010;13;10011;5;;;10002.0;0.0
38;20200;INTARIAN_PEPPER_ROOT;51013;12;51010;17;51007;11;51025;9;51026;10;51029;10;51019.0;0.0
38;20300;ASH_COATED_OSMIUM;9993;6;;;;;10009;21;;;;;10001.0;0.0
38;20300;INTARIAN_PEPPER_ROOT;51015;10;;;;;51027;11;;;;;51021.5;0.0
38;20400;ASH_COATED_OSMIUM;9993;21;9990;11;;;10012;10;10014;10;;;10002.5;0.0
38;20400;INTARIAN_PEPPER_ROOT;51008;8;51006;21;;;51022;24;51023;12;;;51015.0;0.0
38;20500;ASH_COATED_OSMIUM;9992;11;9991;12;;;10008;26;10009;14;;;10000.5;0.0
38;20500;INTARIAN_PEPPER_ROOT;51015;8;51013;11;;;51027;23;51030;12;;;51021.5;0.0
38;20600;ASH_COATED_OSMIUM;9990;13;9989;15;;;10006;14;10009;30;;;9998.0;0.0
38;20600;INTARIAN_PEPPER_ROOT;51012;16;;;;;51028;10;;;;;51020.5;0.0
38;20700;ASH_COATED_OSMIUM;9985;15;9983;11;;;10004;13;10007;13;;;9995.0;0.0
38;20700;INTARIAN_PEPPER_ROOT;51017;10;;;;;51029;9;;;;;51023.0;0.0
38;20800;ASH_COATED_OSMIUM;9985;3;9984;15;;;10001;13;10002;11;;;9993.5;0.0
38;20800;INTARIAN_PEPPER_ROOT;51017;12;51015;12;;;51029;9;51032;12;;;51023.0;0.0
38;20900;ASH_COATED_OSMIUM;9988;21;;;;;10004;13;;;;;9996.0;0.0
38;20900;INTARIAN_PEPPER_ROOT;51017;9;51015;11;;;51032;8;51034;9;;;51025.0;0.0
38;21000;ASH_COATED_OSMIUM;9984;10;9982;4;;;10000;15;10003;12;;;9992.5;0.0
38;21000;INTARIAN_PEPPER_ROOT;51018;11;51016;8;;;51029;8;51030;9;;;51024.0;0.0
38;21100;ASH_COATED_OSMIUM;9989;13;;;;;10005;11;;;;;9997.5;0.0
38;21100;INTARIAN_PEPPER_ROOT;51016;20;51015;18;;;51028;9;51029;12;;;51022.0;0.0
38;21200;ASH_COATED_OSMIUM;9991;12;9989;26;;;10007;26;10009;24;;;9999.5;0.0
38;21200;INTARIAN_PEPPER_ROOT;51023;12;51020;11;51018;12;51028;8;51031;20;51032;11;51025.5;0.0
38;21300;ASH_COATED_OSMIUM;9986;10;;;;;10004;11;;;;;9995.0;0.0
38;21300;INTARIAN_PEPPER_ROOT;51013;10;;;;;51027;12;;;;;51020.5;0.0
38;21400;ASH_COATED_OSMIUM;9989;13;;;;;10005;13;;;;;9997.5;0.0
38;21400;INTARIAN_PEPPER_ROOT;51014;11;51011;9;;;51026;15;51029;8;;;51020.5;0.0
38;21500;ASH_COATED_OSMIUM;10000;15;9998;15;;;10009;8;10011;14;;;10005.0;0.0
38;21500;INTARIAN_PEPPER_ROOT;51014;9;51011;11;;;51028;9;51030;11;;;51021.5;0.0
38;21600;ASH_COATED_OSMIUM;9995;12;9993;12;9991;10;10013;14;10014;12;10016;13;10004.0;0.0
38;21600;INTARIAN_PEPPER_ROOT;51011;8;;;;;51025;11;;;;;51018.5;0.0
38;21700;ASH_COATED_OSMIUM;9988;14;9985;14;9982;12;10007;14;10009;14;10011;15;9998.0;0.0
38;21700;INTARIAN_PEPPER_ROOT;51015;11;;;;;51027;10;;;;;51021.0;0.0
38;21800;ASH_COATED_OSMIUM;9986;10;;;;;10005;13;;;;;9996.0;0.0
38;21800;INTARIAN_PEPPER_ROOT;51017;8;51016;16;51015;25;51030;12;51031;10;51032;16;51024.0;0.0
38;21900;ASH_COATED_OSMIUM;9986;13;9983;15;;;10005;12;10008;15;;;9996.0;0.0
38;21900;INTARIAN_PEPPER_ROOT;51011;10;;;;;51024;23;;;;;51018.0;0.0
38;22000;ASH_COATED_OSMIUM;9988;12;9987;11;9986;10;10004;10;10005;14;10007;24;9996.5;0.0
38;22000;INTARIAN_PEPPER_ROOT;51017;19;51014;12;51011;12;51033;10;51034;12;51036;11;51025.0;0.0
38;22100;ASH_COATED_OSMIUM;9992;20;9989;10;9987;26;10011;11;10012;10;10013;14;10001.5;0.0
38;22100;INTARIAN_PEPPER_ROOT;51012;12;;;;;51025;10;;;;;51019.0;0.0
38;22200;ASH_COATED_OSMIUM;9991;13;9988;15;;;10007;15;10010;22;;;9999.5;0.0
38;22200;INTARIAN_PEPPER_ROOT;51020;25;51017;10;;;51029;9;51032;10;;;51025.0;0.0
38;22300;ASH_COATED_OSMIUM;9998;11;9996;13;9995;14;10009;13;10010;13;10012;15;10003.5;0.0
38;22300;INTARIAN_PEPPER_ROOT;51021;9;;;;;51036;9;;;;;51029.0;0.0
38;22400;ASH_COATED_OSMIUM;9993;15;9991;11;;;10009;28;10010;10;;;10001.5;0.0
38;22400;INTARIAN_PEPPER_ROOT;51015;11;51014;23;51011;9;51027;8;51028;9;51031;10;51021.0;0.0
38;22500;ASH_COATED_OSMIUM;9997;14;9995;15;;;10013;3;10016;25;;;10005.0;0.0
38;22500;INTARIAN_PEPPER_ROOT;51013;10;51012;19;;;51029;12;51031;10;;;51021.0;0.0
38;22600;ASH_COATED_OSMIUM;9998;10;9996;10;;;10014;27;10015;14;;;10006.5;0.0
38;22600;INTARIAN_PEPPER_ROOT;51021;9;51019;9;;;51032;8;51033;8;;;51027.0;0.0
38;22700;ASH_COATED_OSMIUM;9995;13;;;;;10011;15;;;;;10003.5;0.0
38;22700;INTARIAN_PEPPER_ROOT;51017;11;51015;11;51012;16;51028;8;51031;9;51032;10;51022.5;0.0
38;22800;ASH_COATED_OSMIUM;9989;14;9988;13;;;10005;11;10007;14;;;9997.0;0.0
38;22800;INTARIAN_PEPPER_ROOT;51015;18;;;;;51031;9;;;;;51023.0;0.0
38;22900;ASH_COATED_OSMIUM;9987;12;9986;12;;;10003;12;10005;11;;;9995.0;0.0
38;22900;INTARIAN_PEPPER_ROOT;51019;10;;;;;51031;11;;;;;51025.0;0.0
38;23000;ASH_COATED_OSMIUM;9990;10;9987;11;;;10006;14;10007;20;;;9998.5;0.0
38;23000;INTARIAN_PEPPER_ROOT;51016;8;51014;12;;;51032;8;51033;12;;;51024.5;0.0
38;23100;ASH_COATED_OSMIUM;9992;15;9990;12;;;10008;11;10010;24;;;10000.5;0.0
38;23100;INTARIAN_PEPPER_ROOT;51015;9;51014;9;51011;19;51027;11;51029;12;51032;11;51021.5;0.0
38;23200;ASH_COATED_OSMIUM;9990;4;9987;11;;;10006;11;10008;12;;;9998.0;0.0
38;23200;INTARIAN_PEPPER_ROOT;51014;9;51011;11;;;51027;12;51030;10;;;51020.5;0.0
38;23300;ASH_COATED_OSMIUM;9993;12;9991;14;;;10012;15;10014;12;;;10003.0;0.0
38;23300;INTARIAN_PEPPER_ROOT;51016;9;51015;8;51013;9;51029;11;51032;16;51033;12;51022.5;0.0
38;23400;ASH_COATED_OSMIUM;9993;15;9991;30;;;10012;10;10013;7;;;10003.0;0.0
38;23400;INTARIAN_PEPPER_ROOT;51015;11;51012;19;;;51026;11;51027;21;;;51020.5;0.0
38;23500;ASH_COATED_OSMIUM;9994;11;9992;11;9991;10;10010;15;10011;10;10013;12;10002.0;0.0
38;23500;INTARIAN_PEPPER_ROOT;51017;10;51016;9;51015;11;51029;9;51032;11;51034;8;51023.0;0.0
38;23600;ASH_COATED_OSMIUM;9992;14;;;;;10008;14;;;;;10000.5;0.0
38;23600;INTARIAN_PEPPER_ROOT;51014;11;;;;;51028;15;;;;;51021.0;0.0
38;23700;ASH_COATED_OSMIUM;9992;11;9990;10;;;10008;15;10010;11;;;10000.5;0.0
38;23700;INTARIAN_PEPPER_ROOT;51028;8;;;;;51031;8;;;;;51029.5;0.0
38;23800;ASH_COATED_OSMIUM;9987;11;9986;3;9984;15;10005;14;10006;12;10008;23;9996.0;0.0
38;23800;INTARIAN_PEPPER_ROOT;51016;12;;;;;51030;22;;;;;51023.5;0.0
38;23900;ASH_COATED_OSMIUM;9986;13;9984;12;;;10005;11;10007;15;;;9996.0;0.0
38;23900;INTARIAN_PEPPER_ROOT;51017;11;51014;11;;;51030;10;51033;9;;;51023.5;0.0
38;24000;ASH_COATED_OSMIUM;9984;12;9982;28;9979;12;10000;22;10002;13;10005;11;9992.5;0.0
38;24000;INTARIAN_PEPPER_ROOT;51016;9;;;;;51028;24;;;;;51022.5;0.0
38;24100;ASH_COATED_OSMIUM;9981;14;;;;;10000;15;;;;;9991.0;0.0
38;24100;INTARIAN_PEPPER_ROOT;51018;8;;;;;51030;12;;;;;51024.0;0.0
38;24200;ASH_COATED_OSMIUM;9989;12;9988;13;;;10005;11;10008;12;;;9997.0;0.0
38;24200;INTARIAN_PEPPER_ROOT;51017;8;51014;11;;;51028;11;51030;11;;;51022.5;0.0
38;24300;ASH_COATED_OSMIUM;9989;10;9987;12;;;10007;12;10008;12;;;9998.5;0.0
38;24300;INTARIAN_PEPPER_ROOT;51016;9;;;;;51029;8;;;;;51023.0;0.0
38;24400;ASH_COATED_OSMIUM;9989;11;;;;;10005;29;;;;;9997.0;0.0
38;24400;INTARIAN_PEPPER_ROOT;51015;12;51014;12;;;51032;11;51034;8;;;51023.5;0.0
38;24500;ASH_COATED_OSMIUM;9986;14;9985;25;;;10004;30;10007;11;;;9995.0;0.0
38;24500;INTARIAN_PEPPER_ROOT;51019;8;51017;8;;;51028;17;51031;10;;;51024.0;0.0
38;24600;ASH_COATED_OSMIUM;9986;12;9984;28;;;10002;14;10005;15;;;9994.0;0.0
38;24600;INTARIAN_PEPPER_ROOT;51020;11;51018;9;;;51031;10;51033;11;;;51025.5;0.0
38;24700;ASH_COATED_OSMIUM;9990;20;;;;;10008;11;;;;;9999.5;0.0
38;24700;INTARIAN_PEPPER_ROOT;51019;9;;;;;51030;10;;;;;51024.5;0.0
38;24800;ASH_COATED_OSMIUM;9989;14;9988;15;9985;12;10007;12;10008;24;10010;15;9998.0;0.0
38;24800;INTARIAN_PEPPER_ROOT;51022;8;51019;21;;;51036;12;51039;12;;;51029.0;0.0
38;24900;ASH_COATED_OSMIUM;9990;14;;;;;10006;28;;;;;9998.0;0.0
38;24900;INTARIAN_PEPPER_ROOT;51021;19;51020;20;;;51037;9;51040;9;;;51029.5;0.0
38;25000;ASH_COATED_OSMIUM;9985;15;9983;15;;;10001;11;10002;11;;;9993.5;0.0
38;25000;INTARIAN_PEPPER_ROOT;51020;9;51018;12;51017;12;51033;10;51036;9;51039;24;51026.5;0.0
38;25100;ASH_COATED_OSMIUM;9987;12;9984;12;;;10003;30;10005;11;;;9995.5;0.0
38;25100;INTARIAN_PEPPER_ROOT;51019;10;51016;11;;;51033;10;51035;12;;;51026.5;0.0
38;25200;ASH_COATED_OSMIUM;9986;11;9985;27;9982;28;10005;11;10006;11;10008;11;9996.0;0.0
38;25200;INTARIAN_PEPPER_ROOT;51018;9;51017;10;;;51032;11;51035;9;;;51025.5;0.0
38;25300;ASH_COATED_OSMIUM;9997;10;9996;11;;;10010;11;10011;13;;;10004.0;0.0
38;25300;INTARIAN_PEPPER_ROOT;51017;6;51016;15;51015;21;51028;12;51031;8;51032;9;51022.5;0.0
38;25400;ASH_COATED_OSMIUM;9993;14;9990;15;;;10009;13;10010;23;;;10001.5;0.0
38;25400;INTARIAN_PEPPER_ROOT;51016;12;;;;;51029;12;;;;;51022.5;0.0
38;25500;ASH_COATED_OSMIUM;9991;15;9989;15;;;10009;12;10012;14;;;10000.5;0.0
38;25500;INTARIAN_PEPPER_ROOT;51021;21;;;;;51033;23;;;;;51027.0;0.0
38;25600;ASH_COATED_OSMIUM;9995;14;;;;;10011;15;;;;;10003.0;0.0
38;25600;INTARIAN_PEPPER_ROOT;51022;9;;;;;51035;10;;;;;51028.5;0.0
38;25700;ASH_COATED_OSMIUM;9997;14;9995;14;9993;4;10013;14;10016;5;10018;13;10005.0;0.0
38;25700;INTARIAN_PEPPER_ROOT;51020;10;51018;19;;;51035;8;51037;11;;;51027.5;0.0
38;25800;ASH_COATED_OSMIUM;10000;11;9999;11;;;10021;14;10022;13;;;10010.5;0.0
38;25800;INTARIAN_PEPPER_ROOT;51017;11;51014;6;51012;22;51033;9;51034;11;51037;10;51025.5;0.0
38;25900;ASH_COATED_OSMIUM;9996;12;;;;;10012;15;;;;;10004.5;0.0
38;25900;INTARIAN_PEPPER_ROOT;51018;9;51017;9;;;51031;9;51034;9;;;51024.5;0.0
38;26000;ASH_COATED_OSMIUM;9990;25;9988;12;9987;11;10006;10;10008;15;10009;11;9998.5;0.0
38;26000;INTARIAN_PEPPER_ROOT;51018;19;51015;10;;;51031;8;51033;11;;;51025.0;0.0
38;26100;ASH_COATED_OSMIUM;9992;14;;;;;10008;29;;;;;10000.0;0.0
38;26100;INTARIAN_PEPPER_ROOT;51022;11;51019;17;;;51036;11;51039;11;;;51029.0;0.0
38;26200;ASH_COATED_OSMIUM;9994;14;9992;15;;;10012;12;10015;11;;;10003.5;0.0
38;26200;INTARIAN_PEPPER_ROOT;51023;10;51022;9;51021;9;51035;15;51036;8;51037;10;51029.0;0.0
38;26300;ASH_COATED_OSMIUM;9992;12;;;;;10010;29;;;;;10001.0;0.0
38;26300;INTARIAN_PEPPER_ROOT;51017;12;51014;8;51013;10;51030;9;51033;9;51034;9;51023.5;0.0
38;26400;ASH_COATED_OSMIUM;9995;14;;;;;10011;12;;;;;10003.5;0.0
38;26400;INTARIAN_PEPPER_ROOT;51021;18;51020;11;51018;10;51034;15;51036;16;51039;9;51027.5;0.0
38;26500;ASH_COATED_OSMIUM;9993;11;;;;;10014;15;;;;;10003.5;0.0
38;26500;INTARIAN_PEPPER_ROOT;51020;9;51019;12;;;51034;8;51037;12;;;51027.5;0.0
38;26600;ASH_COATED_OSMIUM;9993;12;9990;28;;;10009;12;10010;10;;;10001.5;0.0
38;26600;INTARIAN_PEPPER_ROOT;51019;25;51016;9;51014;12;51032;6;51035;11;51037;11;51025.5;0.0
38;26700;ASH_COATED_OSMIUM;9992;13;9991;29;9988;10;10008;10;10009;11;10010;15;10000.0;0.0
38;26700;INTARIAN_PEPPER_ROOT;51019;9;;;;;51036;11;;;;;51028.0;0.0
38;26800;ASH_COATED_OSMIUM;9995;11;9993;15;;;10011;13;10013;14;;;10003.5;0.0
38;26800;INTARIAN_PEPPER_ROOT;51021;12;51019;11;;;51035;8;51037;12;;;51028.5;0.0
38;26900;ASH_COATED_OSMIUM;9996;26;;;;;10015;14;;;;;10005.5;0.0
38;26900;INTARIAN_PEPPER_ROOT;51020;11;51018;10;;;51031;21;51034;23;;;51026.0;0.0
38;27000;ASH_COATED_OSMIUM;9989;13;9987;12;;;10005;11;10007;13;;;9997.0;0.0
38;27000;INTARIAN_PEPPER_ROOT;51020;9;;;;;51032;10;;;;;51026.5;0.0
38;27100;ASH_COATED_OSMIUM;9984;14;9983;12;;;10000;13;10002;10;;;9992.5;0.0
38;27100;INTARIAN_PEPPER_ROOT;51020;11;51018;8;;;51034;22;51036;12;;;51027.5;0.0
38;27200;ASH_COATED_OSMIUM;9985;14;9984;14;9982;14;10001;12;10004;14;10007;8;9993.0;0.0
38;27200;INTARIAN_PEPPER_ROOT;51019;10;;;;;51034;10;;;;;51026.5;0.0
38;27300;ASH_COATED_OSMIUM;9983;14;9982;14;;;10002;29;10003;15;;;9993.0;0.0
38;27300;INTARIAN_PEPPER_ROOT;51022;10;;;;;51035;11;;;;;51028.5;0.0
38;27400;ASH_COATED_OSMIUM;9980;13;9979;11;;;9996;12;9999;11;;;9988.5;0.0
38;27400;INTARIAN_PEPPER_ROOT;51024;12;;;;;51037;8;;;;;51030.5;0.0
38;27500;ASH_COATED_OSMIUM;9987;15;9985;12;9983;11;10006;14;10008;11;10011;13;9997.0;0.0
38;27500;INTARIAN_PEPPER_ROOT;51020;18;51018;9;;;51035;12;51037;9;;;51028.0;0.0
38;27600;ASH_COATED_OSMIUM;9984;21;;;;;10000;11;;;;;9992.5;0.0
38;27600;INTARIAN_PEPPER_ROOT;51021;9;;;;;51035;9;;;;;51028.0;0.0
38;27700;ASH_COATED_OSMIUM;9980;12;9978;21;;;9996;11;9999;15;;;9988.5;0.0
38;27700;INTARIAN_PEPPER_ROOT;51022;11;51020;21;;;51036;9;51039;10;;;51029.5;0.0
38;27800;ASH_COATED_OSMIUM;9987;13;9984;23;;;10005;11;10008;12;;;9996.5;0.0
38;27800;INTARIAN_PEPPER_ROOT;51024;12;51023;11;51020;10;51037;9;51038;10;51039;18;51030.5;0.0
38;27900;ASH_COATED_OSMIUM;9990;13;;;;;10008;13;;;;;9999.5;0.0
38;27900;INTARIAN_PEPPER_ROOT;51019;22;51017;22;51016;12;51032;10;51033;9;51036;8;51026.0;0.0
38;28000;ASH_COATED_OSMIUM;9986;13;9985;13;9984;25;10002;11;10003;10;10005;5;9994.5;0.0
38;28000;INTARIAN_PEPPER_ROOT;51020;9;51017;18;51014;9;51032;9;51033;9;51036;23;51026.0;0.0
38;28100;ASH_COATED_OSMIUM;9984;24;9981;11;9979;15;10003;21;10006;13;10009;15;9993.5;0.0
38;28100;INTARIAN_PEPPER_ROOT;51017;12;51014;11;;;51030;11;51033;8;;;51024.0;0.0
38;28200;ASH_COATED_OSMIUM;9987;11;9984;13;9983;14;10003;13;10005;14;10008;13;9995.5;0.0
38;28200;INTARIAN_PEPPER_ROOT;51021;15;;;;;51035;9;;;;;51028.0;0.0
38;28300;ASH_COATED_OSMIUM;9989;20;9987;10;;;10008;10;10009;14;;;9999.0;0.0
38;28300;INTARIAN_PEPPER_ROOT;51023;11;;;;;51037;12;;;;;51030.0;0.0
38;28400;ASH_COATED_OSMIUM;9995;11;9992;28;;;10011;10;10012;10;;;10003.5;0.0
38;28400;INTARIAN_PEPPER_ROOT;51020;11;51018;12;;;51032;8;51033;11;;;51026.5;0.0
38;28500;ASH_COATED_OSMIUM;9995;14;9994;15;;;10011;21;10012;10;;;10003.5;0.0
38;28500;INTARIAN_PEPPER_ROOT;51020;11;51019;10;;;51035;9;51037;11;;;51028.0;0.0
38;28600;ASH_COATED_OSMIUM;9995;15;;;;;10016;14;;;;;10006.0;0.0
38;28600;INTARIAN_PEPPER_ROOT;51022;11;51021;8;51018;9;51034;9;51036;12;51039;11;51028.0;0.0
38;28700;ASH_COATED_OSMIUM;9999;11;;;;;10015;10;;;;;10007.0;0.0
38;28700;INTARIAN_PEPPER_ROOT;51023;11;51021;17;51019;12;51036;9;51038;12;51041;8;51029.5;0.0
38;28800;ASH_COATED_OSMIUM;10000;12;;;;;10016;15;;;;;10008.5;0.0
38;28800;INTARIAN_PEPPER_ROOT;51022;12;51020;12;51018;12;51036;9;51037;9;51040;12;51029.0;0.0
38;28900;ASH_COATED_OSMIUM;10004;11;10003;13;10002;13;10014;24;10017;13;10018;12;10009.0;0.0
38;28900;INTARIAN_PEPPER_ROOT;51024;15;51022;11;;;51037;19;51038;15;;;51031.0;0.0
38;29000;ASH_COATED_OSMIUM;9996;10;9994;11;9992;14;10012;21;10013;12;10016;14;10004.5;0.0
38;29000;INTARIAN_PEPPER_ROOT;51022;12;51021;17;51020;10;51033;10;51035;9;51037;8;51027.5;0.0
38;29100;ASH_COATED_OSMIUM;9992;28;;;;;10008;12;;;;;10000.0;0.0
38;29100;INTARIAN_PEPPER_ROOT;51024;19;51022;8;;;51033;8;51034;10;;;51028.5;0.0
38;29200;ASH_COATED_OSMIUM;9993;12;;;;;10009;12;;;;;10001.5;0.0
38;29200;INTARIAN_PEPPER_ROOT;51026;22;51023;15;51022;23;51037;9;51038;18;51039;9;51031.5;0.0
38;29300;ASH_COATED_OSMIUM;9994;11;;;;;10013;10;;;;;10003.5;0.0
38;29300;INTARIAN_PEPPER_ROOT;51023;12;;;;;51035;10;;;;;51029.5;0.0
38;29400;ASH_COATED_OSMIUM;9991;11;;;;;10007;5;;;;;9999.5;0.0
38;29400;INTARIAN_PEPPER_ROOT;51027;9;;;;;51038;10;;;;;51033.0;0.0
38;29500;ASH_COATED_OSMIUM;9992;10;9989;25;;;10002;15;10005;13;;;9997.5;0.0
38;29500;INTARIAN_PEPPER_ROOT;51024;10;;;;;51035;9;;;;;51029.5;0.0
38;29600;ASH_COATED_OSMIUM;9995;13;9993;11;9991;15;10006;10;10009;10;10010;14;10000.5;0.0
38;29600;INTARIAN_PEPPER_ROOT;51024;12;;;;;51037;6;;;;;51031.0;0.0
38;29700;ASH_COATED_OSMIUM;9991;15;9989;14;;;10007;10;10009;13;;;9999.5;0.0
38;29700;INTARIAN_PEPPER_ROOT;51020;10;51018;11;51016;4;51032;9;51035;9;51037;10;51026.0;0.0
38;29800;ASH_COATED_OSMIUM;9990;22;9987;10;;;10006;11;10007;10;;;9998.5;0.0
38;29800;INTARIAN_PEPPER_ROOT;51025;9;51024;11;;;51041;11;51043;12;;;51033.0;0.0
38;29900;ASH_COATED_OSMIUM;9991;14;9988;13;;;10007;10;10009;13;;;9999.5;0.0
38;29900;INTARIAN_PEPPER_ROOT;51022;10;51020;9;;;51035;23;51038;11;;;51029.0;0.0
38;30000;ASH_COATED_OSMIUM;9992;10;9990;20;;;10008;11;10010;24;;;10000.0;0.0
38;30000;INTARIAN_PEPPER_ROOT;51027;25;51024;11;51023;9;51039;9;51040;9;51043;10;51033.5;0.0
38;30100;ASH_COATED_OSMIUM;9989;10;9986;5;9985;24;10010;10;10011;13;10014;13;9999.5;0.0
38;30100;INTARIAN_PEPPER_ROOT;51024;9;51022;10;;;51035;9;51037;11;;;51030.0;0.0
38;30200;ASH_COATED_OSMIUM;9994;13;9991;12;9988;10;10010;15;10011;6;10012;13;10002.5;0.0
38;30200;INTARIAN_PEPPER_ROOT;51024;9;;;;;51037;10;;;;;51031.0;0.0
38;30300;ASH_COATED_OSMIUM;9991;10;;;;;10007;15;;;;;9999.5;0.0
38;30300;INTARIAN_PEPPER_ROOT;51020;19;51018;9;;;51036;3;51038;7;;;51028.0;0.0
38;30400;ASH_COATED_OSMIUM;9983;11;9980;15;9977;30;9999;12;10002;24;10003;13;9991.5;0.0
38;30400;INTARIAN_PEPPER_ROOT;51024;11;51023;6;;;51040;10;51043;12;;;51032.0;0.0
38;30500;ASH_COATED_OSMIUM;9983;27;9982;30;9980;11;9999;10;10000;15;10002;14;9991.0;0.0
38;30500;INTARIAN_PEPPER_ROOT;51027;8;51026;10;51025;16;51039;23;51040;11;51041;8;51033.0;0.0
38;30600;ASH_COATED_OSMIUM;9987;13;9984;11;;;10005;27;10008;11;;;9996.0;0.0
38;30600;INTARIAN_PEPPER_ROOT;51024;10;51023;12;51022;17;51038;8;51041;9;51044;11;51031.0;0.0
38;30700;ASH_COATED_OSMIUM;9993;11;9992;11;9989;12;10009;14;10011;29;10014;10;10001.0;0.0
38;30700;INTARIAN_PEPPER_ROOT;51023;10;;;;;51036;8;;;;;51030.0;0.0
38;30800;ASH_COATED_OSMIUM;9989;5;;;;;10008;13;;;;;9998.5;0.0
38;30800;INTARIAN_PEPPER_ROOT;51026;8;51024;18;;;51043;8;51046;17;;;51034.5;0.0
38;30900;ASH_COATED_OSMIUM;9983;26;;;;;10002;11;;;;;9993.0;0.0
38;30900;INTARIAN_PEPPER_ROOT;51023;10;51022;11;;;51036;12;51039;9;;;51029.5;0.0
38;31000;ASH_COATED_OSMIUM;9982;14;9981;13;9979;12;9998;13;9999;10;10002;25;9990.0;0.0
38;31000;INTARIAN_PEPPER_ROOT;51022;12;51020;9;;;51038;8;51041;10;;;51030.0;0.0
38;31100;ASH_COATED_OSMIUM;9988;15;;;;;10004;11;;;;;9996.0;0.0
38;31100;INTARIAN_PEPPER_ROOT;51024;3;51021;8;;;51041;8;51042;8;;;51032.5;0.0
38;31200;ASH_COATED_OSMIUM;9984;11;9983;11;9982;13;10005;14;10008;14;10011;9;9994.5;0.0
38;31200;INTARIAN_PEPPER_ROOT;51025;9;51022;10;;;51041;12;51044;9;;;51033.5;0.0
38;31300;ASH_COATED_OSMIUM;9989;25;9988;11;9985;13;10008;14;10010;11;10012;12;9999.0;0.0
38;31300;INTARIAN_PEPPER_ROOT;51029;11;51028;8;;;51042;8;51043;10;;;51035.5;0.0
38;31400;ASH_COATED_OSMIUM;9992;11;9989;15;9988;10;10008;26;10011;15;10012;10;10000.0;0.0
38;31400;INTARIAN_PEPPER_ROOT;51027;9;;;;;51038;8;;;;;51032.5;0.0
38;31500;ASH_COATED_OSMIUM;9994;12;;;;;10012;26;;;;;10003.0;0.0
38;31500;INTARIAN_PEPPER_ROOT;51027;9;51025;11;;;51040;11;51043;16;;;51034.0;0.0
38;31600;ASH_COATED_OSMIUM;9993;11;9990;13;;;10009;13;10011;13;;;10001.0;0.0
38;31600;INTARIAN_PEPPER_ROOT;51021;8;51018;12;;;51040;11;51042;8;;;51030.5;0.0
38;31700;ASH_COATED_OSMIUM;9999;24;;;;;10015;13;;;;;10007.0;0.0
38;31700;INTARIAN_PEPPER_ROOT;51028;8;51027;10;;;51040;10;51043;25;;;51034.5;0.0
38;31800;ASH_COATED_OSMIUM;9999;11;;;;;10015;25;;;;;10007.5;0.0
38;31800;INTARIAN_PEPPER_ROOT;51022;11;51021;8;51018;11;51036;12;51037;19;51038;10;51029.5;0.0
38;31900;ASH_COATED_OSMIUM;10002;11;;;;;10018;12;;;;;10010.0;0.0
38;31900;INTARIAN_PEPPER_ROOT;51020;11;51018;11;;;51036;15;51038;10;;;51028.0;0.0
38;32000;ASH_COATED_OSMIUM;9998;12;9995;26;;;10017;14;10020;4;;;10008.0;0.0
38;32000;INTARIAN_PEPPER_ROOT;51028;9;51027;8;;;51040;9;51041;9;;;51034.0;0.0
38;32100;ASH_COATED_OSMIUM;10007;21;;;;;10023;11;;;;;10015.0;0.0
38;32100;INTARIAN_PEPPER_ROOT;51026;10;;;;;51043;23;;;;;51034.5;0.0
38;32200;ASH_COATED_OSMIUM;10003;15;10000;11;;;10019;20;10021;10;;;10011.0;0.0
38;32200;INTARIAN_PEPPER_ROOT;51026;10;51024;11;51021;8;51038;9;51039;9;51040;11;51032.5;0.0
38;32300;ASH_COATED_OSMIUM;10000;23;9998;13;;;10016;12;10019;13;;;10008.5;0.0
38;32300;INTARIAN_PEPPER_ROOT;51026;8;51025;12;;;51037;23;51039;12;;;51032.0;0.0
38;32400;ASH_COATED_OSMIUM;9997;11;9996;15;9994;15;10015;12;10017;13;10018;11;10006.0;0.0
38;32400;INTARIAN_PEPPER_ROOT;51023;10;51022;9;;;51036;10;51039;20;;;51030.0;0.0
38;32500;ASH_COATED_OSMIUM;9994;10;;;;;10010;4;;;;;10002.0;0.0
38;32500;INTARIAN_PEPPER_ROOT;51027;10;51026;11;;;51039;22;51040;19;;;51033.5;0.0
38;32600;ASH_COATED_OSMIUM;10000;14;;;;;10007;13;;;;;10004.0;0.0
38;32600;INTARIAN_PEPPER_ROOT;51026;12;;;;;51039;11;;;;;51032.5;0.0
38;32700;ASH_COATED_OSMIUM;9996;25;9995;11;;;10012;14;10013;11;;;10004.5;0.0
38;32700;INTARIAN_PEPPER_ROOT;51029;11;;;;;51042;8;;;;;51035.5;0.0
38;32800;ASH_COATED_OSMIUM;9992;11;9990;13;;;10008;14;10009;11;;;10000.0;0.0
38;32800;INTARIAN_PEPPER_ROOT;51028;10;;;;;51041;9;;;;;51035.0;0.0
38;32900;ASH_COATED_OSMIUM;9994;29;9991;14;9989;12;10012;10;10014;20;10016;12;10003.0;0.0
38;32900;INTARIAN_PEPPER_ROOT;51026;6;51025;10;;;51039;8;51040;22;;;51033.0;0.0
38;33000;ASH_COATED_OSMIUM;9997;14;9995;14;;;10016;15;10018;23;;;10007.0;0.0
38;33000;INTARIAN_PEPPER_ROOT;51026;17;;;;;51037;12;;;;;51032.0;0.0
38;33100;ASH_COATED_OSMIUM;9996;14;;;;;10012;12;;;;;10004.0;0.0
38;33100;INTARIAN_PEPPER_ROOT;51025;23;;;;;51039;19;;;;;51032.5;0.0
38;33200;ASH_COATED_OSMIUM;9997;26;9996;26;;;10013;14;10014;10;;;10005.0;0.0
38;33200;INTARIAN_PEPPER_ROOT;51030;9;;;;;51032;9;;;;;51031.5;0.0
38;33300;ASH_COATED_OSMIUM;9993;27;9991;12;;;10009;13;10011;13;;;10001.0;0.0
38;33300;INTARIAN_PEPPER_ROOT;51028;24;51025;16;51024;10;51041;17;51044;9;51047;12;51034.5;0.0
38;33400;ASH_COATED_OSMIUM;9992;14;9991;13;;;10008;24;10011;14;;;10000.0;0.0
38;33400;INTARIAN_PEPPER_ROOT;51029;11;;;;;51041;24;;;;;51035.0;0.0
38;33500;ASH_COATED_OSMIUM;9993;6;9990;10;9987;14;10009;13;10012;11;10015;10;10001.5;0.0
38;33500;INTARIAN_PEPPER_ROOT;51027;11;51025;10;;;51041;9;51044;11;;;51034.5;0.0
38;33600;ASH_COATED_OSMIUM;9996;10;;;;;10002;10;;;;;9999.5;0.0
38;33600;INTARIAN_PEPPER_ROOT;51029;10;51026;9;;;51043;12;51046;8;;;51036.5;0.0
38;33700;ASH_COATED_OSMIUM;9994;14;9993;10;;;10013;15;10015;13;;;10003.5;0.0
38;33700;INTARIAN_PEPPER_ROOT;51025;11;;;;;51041;9;;;;;51033.5;0.0
38;33800;ASH_COATED_OSMIUM;9997;10;;;;;10013;12;;;;;10005.0;0.0
38;33800;INTARIAN_PEPPER_ROOT;51034;9;51031;12;;;51037;25;51039;12;;;51035.5;0.0
38;33900;ASH_COATED_OSMIUM;9996;12;9993;13;9990;13;10015;15;10017;12;10019;11;10005.5;0.0
38;33900;INTARIAN_PEPPER_ROOT;51025;11;51022;10;51021;19;51042;9;51045;8;51047;11;51033.5;0.0
38;34000;ASH_COATED_OSMIUM;9991;14;9989;26;9988;10;10010;14;10012;4;10014;23;10001.0;0.0
38;34000;INTARIAN_PEPPER_ROOT;51028;8;51026;15;51025;8;51039;16;51041;7;51042;9;51033.5;0.0
38;34100;ASH_COATED_OSMIUM;9993;14;9992;10;9989;15;10009;11;10011;15;10013;11;10001.5;0.0
38;34100;INTARIAN_PEPPER_ROOT;51026;12;51023;8;;;51043;8;51045;11;;;51035.0;0.0
38;34200;ASH_COATED_OSMIUM;9989;28;9988;29;;;10005;11;10006;14;;;9997.5;0.0
38;34200;INTARIAN_PEPPER_ROOT;51024;5;;;;;51040;23;;;;;51032.0;0.0
38;34300;ASH_COATED_OSMIUM;9995;10;9994;25;9992;13;10011;10;10014;12;10016;11;10003.5;0.0
38;34300;INTARIAN_PEPPER_ROOT;51030;12;51029;12;;;51043;12;51044;9;;;51036.5;0.0
38;34400;ASH_COATED_OSMIUM;9991;15;9990;15;;;10007;15;10010;13;;;9999.5;0.0
38;34400;INTARIAN_PEPPER_ROOT;51026;16;;;;;51040;8;;;;;51033.5;0.0
38;34500;ASH_COATED_OSMIUM;9992;14;9990;11;9989;10;10008;11;10009;15;10012;15;10000.5;0.0
38;34500;INTARIAN_PEPPER_ROOT;51029;8;51027;10;51024;25;51042;25;51043;23;51045;9;51036.0;0.0
38;34600;ASH_COATED_OSMIUM;9993;13;9992;11;;;9999;11;10000;13;;;9996.5;0.0
38;34600;INTARIAN_PEPPER_ROOT;51026;9;;;;;51038;8;;;;;51032.5;0.0
38;34700;ASH_COATED_OSMIUM;9989;11;9988;27;;;10005;2;10008;14;;;9997.5;0.0
38;34700;INTARIAN_PEPPER_ROOT;51025;12;51024;12;;;51036;24;51037;9;;;51031.0;0.0
38;34800;ASH_COATED_OSMIUM;9992;23;9991;12;;;10010;11;10012;11;;;10001.5;0.0
38;34800;INTARIAN_PEPPER_ROOT;51030;11;;;;;51037;9;;;;;51033.5;0.0
38;34900;ASH_COATED_OSMIUM;9987;12;;;;;10003;11;;;;;9995.5;0.0
38;34900;INTARIAN_PEPPER_ROOT;51031;11;51029;9;51028;12;51044;9;51045;12;51046;3;51037.5;0.0
38;35000;ASH_COATED_OSMIUM;9986;13;;;;;10005;4;;;;;9996.0;0.0
38;35000;INTARIAN_PEPPER_ROOT;51027;11;;;;;51041;8;;;;;51034.5;0.0
38;35100;ASH_COATED_OSMIUM;9986;14;;;;;10002;12;;;;;9994.5;0.0
38;35100;INTARIAN_PEPPER_ROOT;51031;9;;;;;51039;9;;;;;51035.0;0.0
38;35200;ASH_COATED_OSMIUM;9989;14;;;;;10005;15;;;;;9997.5;0.0
38;35200;INTARIAN_PEPPER_ROOT;51033;7;;;;;51044;12;;;;;51039.0;0.0
38;35300;ASH_COATED_OSMIUM;9990;15;9988;25;;;10005;25;10008;20;;;9998.0;0.0
38;35300;INTARIAN_PEPPER_ROOT;51027;18;;;;;51043;12;;;;;51035.0;0.0
38;35400;ASH_COATED_OSMIUM;9984;13;9981;14;9978;13;10000;13;10003;13;10004;14;9992.0;0.0
38;35400;INTARIAN_PEPPER_ROOT;51029;10;51027;9;51024;11;51040;10;51042;9;51043;12;51034.5;0.0
38;35500;ASH_COATED_OSMIUM;9980;14;9979;14;;;9996;25;9999;15;;;9988.5;0.0
38;35500;INTARIAN_PEPPER_ROOT;51028;12;;;;;51039;12;;;;;51034.0;0.0
38;35600;ASH_COATED_OSMIUM;9985;14;9982;12;;;10000;14;10003;2;;;9993.0;0.0
38;35600;INTARIAN_PEPPER_ROOT;51028;10;51025;24;;;51040;8;51042;24;;;51034.5;0.0
38;35700;ASH_COATED_OSMIUM;9984;25;;;;;10000;23;;;;;9992.0;0.0
38;35700;INTARIAN_PEPPER_ROOT;51028;12;51027;6;;;51042;9;51045;9;;;51035.0;0.0
38;35800;ASH_COATED_OSMIUM;9982;12;9979;12;9977;25;10001;11;10002;13;10005;13;9991.5;0.0
38;35800;INTARIAN_PEPPER_ROOT;51027;8;51025;12;51022;23;51041;19;51042;8;51045;10;51034.0;0.0
38;35900;ASH_COATED_OSMIUM;9989;15;9988;23;;;10005;10;10006;3;;;9997.0;0.0
38;35900;INTARIAN_PEPPER_ROOT;51033;11;51032;8;;;51049;12;51051;10;;;51041.0;0.0
38;36000;ASH_COATED_OSMIUM;9986;10;;;;;10002;13;;;;;9994.5;0.0
38;36000;INTARIAN_PEPPER_ROOT;51029;9;51028;9;51025;11;51043;8;51044;12;51045;23;51036.5;0.0
38;36100;ASH_COATED_OSMIUM;9986;12;9984;5;;;10002;10;10004;13;;;9994.0;0.0
38;36100;INTARIAN_PEPPER_ROOT;51028;18;51025;9;51023;9;51041;11;51042;11;51045;25;51034.5;0.0
38;36200;ASH_COATED_OSMIUM;9981;14;;;;;9999;15;;;;;9990.5;0.0
38;36200;INTARIAN_PEPPER_ROOT;51026;10;51023;11;;;51039;10;51041;18;;;51033.0;0.0
38;36300;ASH_COATED_OSMIUM;9980;14;;;;;9996;13;;;;;9988.5;0.0
38;36300;INTARIAN_PEPPER_ROOT;51032;10;;;;;51044;12;;;;;51038.0;0.0
38;36400;ASH_COATED_OSMIUM;9988;14;9986;2;9984;28;10004;10;10006;13;10008;24;9996.0;0.0
38;36400;INTARIAN_PEPPER_ROOT;51027;24;51025;10;;;51040;8;51043;12;;;51034.0;0.0
38;36500;ASH_COATED_OSMIUM;9987;13;;;;;10003;14;;;;;9995.0;0.0
38;36500;INTARIAN_PEPPER_ROOT;51029;12;;;;;51041;8;;;;;51035.5;0.0
38;36600;ASH_COATED_OSMIUM;9988;20;9985;12;9984;20;10004;11;10006;15;10008;6;9996.5;0.0
38;36600;INTARIAN_PEPPER_ROOT;51032;10;;;;;51043;10;;;;;51037.5;0.0
38;36700;ASH_COATED_OSMIUM;9990;12;9987;10;;;10006;10;10009;10;;;9998.0;0.0
38;36700;INTARIAN_PEPPER_ROOT;51031;11;51029;12;51026;12;51044;25;51045;12;51047;8;51038.0;0.0
38;36800;ASH_COATED_OSMIUM;9989;10;9988;13;9987;12;10007;2;10008;22;10010;10;9998.5;0.0
38;36800;INTARIAN_PEPPER_ROOT;51028;10;;;;;51041;10;;;;;51035.0;0.0
38;36900;ASH_COATED_OSMIUM;9990;11;9988;13;;;10006;15;10007;13;;;9998.0;0.0
38;36900;INTARIAN_PEPPER_ROOT;51029;11;51028;18;;;51041;9;51044;21;;;51035.5;0.0
38;37000;ASH_COATED_OSMIUM;9989;11;;;;;10005;13;;;;;9997.0;0.0
38;37000;INTARIAN_PEPPER_ROOT;51029;10;;;;;51043;11;;;;;51036.0;0.0
38;37100;ASH_COATED_OSMIUM;9995;10;9992;13;9990;10;10011;12;10014;11;10015;12;10003.0;0.0
38;37100;INTARIAN_PEPPER_ROOT;51031;20;51030;8;;;51048;11;51050;22;;;51039.5;0.0
38;37200;ASH_COATED_OSMIUM;9992;10;9991;11;;;10008;14;10010;14;;;10000.5;0.0
38;37200;INTARIAN_PEPPER_ROOT;51030;9;;;;;51043;23;;;;;51036.5;0.0
38;37300;ASH_COATED_OSMIUM;9993;26;9990;12;;;10014;11;10016;14;;;10003.5;0.0
38;37300;INTARIAN_PEPPER_ROOT;51032;11;51031;9;;;51046;11;51048;8;;;51039.5;0.0
38;37400;ASH_COATED_OSMIUM;9995;22;9994;12;;;10011;13;10014;13;;;10003.5;0.0
38;37400;INTARIAN_PEPPER_ROOT;51027;22;51024;15;;;51042;8;51043;10;;;51034.5;0.0
38;37500;ASH_COATED_OSMIUM;10000;12;9999;15;9998;2;10016;30;10019;11;10020;10;10008.0;0.0
38;37500;INTARIAN_PEPPER_ROOT;51036;11;51035;8;;;51050;21;51053;12;;;51043.0;0.0
38;37600;ASH_COATED_OSMIUM;10000;11;9999;12;9996;10;10010;10;10012;10;10013;26;10005.0;0.0
38;37600;INTARIAN_PEPPER_ROOT;51030;9;51029;10;;;51044;9;51047;11;;;51037.0;0.0
38;37700;ASH_COATED_OSMIUM;9993;13;9990;11;;;10006;11;10007;10;;;10000.0;0.0
38;37700;INTARIAN_PEPPER_ROOT;51030;9;51027;8;;;51043;12;51044;21;;;51036.5;0.0
38;37800;ASH_COATED_OSMIUM;9985;12;9984;13;9983;20;10001;13;10003;12;10006;12;9993.5;0.0
38;37800;INTARIAN_PEPPER_ROOT;51031;10;;;;;51044;8;;;;;51038.0;0.0
38;37900;ASH_COATED_OSMIUM;9988;11;;;;;10004;4;;;;;9996.5;0.0
38;37900;INTARIAN_PEPPER_ROOT;51033;12;51030;8;51028;9;51045;12;51048;20;51050;10;51039.5;0.0
38;38000;ASH_COATED_OSMIUM;9990;14;;;;;10006;10;;;;;9998.0;0.0
38;38000;INTARIAN_PEPPER_ROOT;51029;12;51028;19;51025;12;51043;9;51044;10;51047;12;51036.0;0.0
38;38100;ASH_COATED_OSMIUM;9989;13;9987;13;9985;15;10005;15;10008;13;10010;12;9997.0;0.0
38;38100;INTARIAN_PEPPER_ROOT;51026;11;51025;9;;;51038;12;51040;10;;;51032.5;0.0
38;38200;ASH_COATED_OSMIUM;9991;14;9988;14;;;10009;15;10011;14;;;10000.5;0.0
38;38200;INTARIAN_PEPPER_ROOT;51033;9;51031;25;;;51046;10;51048;9;;;51039.5;0.0
38;38300;ASH_COATED_OSMIUM;9989;10;9986;15;;;10005;11;10008;2;;;9997.0;0.0
38;38300;INTARIAN_PEPPER_ROOT;51031;10;;;;;51047;10;;;;;51039.5;0.0
38;38400;ASH_COATED_OSMIUM;9987;10;9985;12;;;10003;20;10006;14;;;9995.0;0.0
38;38400;INTARIAN_PEPPER_ROOT;51035;11;51034;10;;;51043;9;51045;12;;;51039.0;0.0
38;38500;ASH_COATED_OSMIUM;9983;2;9981;11;9980;11;9999;12;10000;11;10001;15;9991.0;0.0
38;38500;INTARIAN_PEPPER_ROOT;51028;9;51027;9;;;51041;25;51043;10;;;51035.0;0.0
38;38600;ASH_COATED_OSMIUM;9986;12;9983;13;;;10005;15;10007;10;;;9995.5;0.0
38;38600;INTARIAN_PEPPER_ROOT;51034;8;51033;9;;;51045;11;51047;9;;;51040.0;0.0
38;38700;ASH_COATED_OSMIUM;9991;11;9989;13;;;10000;15;10002;21;;;9996.0;0.0
38;38700;INTARIAN_PEPPER_ROOT;51028;12;51025;9;;;51042;12;51043;9;;;51035.0;0.0
38;38800;ASH_COATED_OSMIUM;9984;14;9983;13;;;10003;11;10006;13;;;9994.0;0.0
38;38800;INTARIAN_PEPPER_ROOT;51033;11;51031;12;51029;8;51045;19;51048;11;51051;8;51039.5;0.0
38;38900;ASH_COATED_OSMIUM;9979;10;9978;2;9977;12;9995;14;9996;15;9997;12;9987.5;0.0
38;38900;INTARIAN_PEPPER_ROOT;51030;12;51028;9;51027;12;51044;9;51046;8;51049;9;51037.0;0.0
38;39000;ASH_COATED_OSMIUM;9988;12;9986;11;;;10003;10;10006;13;;;9995.5;0.0
38;39000;INTARIAN_PEPPER_ROOT;51039;9;51038;18;;;51050;12;51051;10;;;51045.0;0.0
38;39100;ASH_COATED_OSMIUM;9989;10;9986;13;;;10005;12;10008;15;;;9997.0;0.0
38;39100;INTARIAN_PEPPER_ROOT;51036;10;51035;11;51032;9;51048;11;51050;12;51053;10;51042.5;0.0
38;39200;ASH_COATED_OSMIUM;9986;21;9983;14;9982;13;10002;27;10004;30;10006;13;9994.5;0.0
38;39200;INTARIAN_PEPPER_ROOT;51032;11;51030;11;51027;25;51044;11;51045;9;51046;11;51038.0;0.0
38;39300;ASH_COATED_OSMIUM;9986;14;;;;;10004;11;;;;;9995.5;0.0
38;39300;INTARIAN_PEPPER_ROOT;51034;10;51032;8;;;51046;8;51048;24;;;51040.0;0.0
38;39400;ASH_COATED_OSMIUM;9994;11;;;;;10010;14;;;;;10002.5;0.0
38;39400;INTARIAN_PEPPER_ROOT;51034;10;51032;12;;;51047;8;51049;9;;;51041.0;0.0
38;39500;ASH_COATED_OSMIUM;9993;11;9991;13;;;10009;15;10012;15;;;10001.5;0.0
38;39500;INTARIAN_PEPPER_ROOT;51034;12;51033;23;51030;12;51045;20;51047;11;51049;11;51040.0;0.0
38;39600;ASH_COATED_OSMIUM;9985;11;;;;;10006;26;;;;;9996.0;0.0
38;39600;INTARIAN_PEPPER_ROOT;51038;10;51036;12;;;51051;11;51053;12;;;51044.5;0.0
38;39700;ASH_COATED_OSMIUM;9986;15;;;;;10002;13;;;;;9994.0;0.0
38;39700;INTARIAN_PEPPER_ROOT;51032;8;51031;12;51028;9;51046;9;51048;23;51050;9;51039.5;0.0
38;39800;ASH_COATED_OSMIUM;9983;10;9982;12;;;10004;29;10006;14;;;9993.5;0.0
38;39800;INTARIAN_PEPPER_ROOT;51044;8;;;;;51046;15;;;;;51045.5;0.0
38;39900;ASH_COATED_OSMIUM;9984;11;9981;20;;;10000;15;10002;13;;;9992.0;0.0
38;39900;INTARIAN_PEPPER_ROOT;51037;8;51035;16;51032;9;51040;19;51041;9;51042;10;51039.0;0.0
38;40000;ASH_COATED_OSMIUM;9991;14;9990;14;;;10002;11;10005;12;;;9996.5;0.0
38;40000;INTARIAN_PEPPER_ROOT;51033;12;;;;;51046;24;;;;;51039.5;0.0
38;40100;ASH_COATED_OSMIUM;9986;10;9984;24;9981;15;10002;13;10005;15;10007;10;9994.0;0.0
38;40100;INTARIAN_PEPPER_ROOT;51036;9;51033;8;51032;9;51049;12;51052;12;51053;12;51042.5;0.0
38;40200;ASH_COATED_OSMIUM;9984;12;;;;;10000;28;;;;;9992.0;0.0
38;40200;INTARIAN_PEPPER_ROOT;51029;9;51027;9;51026;8;51050;12;51051;11;51054;11;51040.0;0.0
38;40300;ASH_COATED_OSMIUM;9986;11;9983;12;9980;10;10002;10;10003;10;10004;10;9994.0;0.0
38;40300;INTARIAN_PEPPER_ROOT;51034;25;;;;;51047;9;;;;;51041.0;0.0
38;40400;ASH_COATED_OSMIUM;9992;11;9989;13;;;10002;7;10005;11;;;9997.0;0.0
38;40400;INTARIAN_PEPPER_ROOT;51041;12;51040;10;;;51043;9;51044;12;;;51042.0;0.0
38;40500;ASH_COATED_OSMIUM;9992;30;9989;21;9987;23;10008;29;10011;12;10012;14;10000.0;0.0
38;40500;INTARIAN_PEPPER_ROOT;51029;8;;;;;51044;11;;;;;51036.5;0.0
38;40600;ASH_COATED_OSMIUM;9988;29;9986;25;9983;13;10004;14;10006;11;10008;13;9996.5;0.0
38;40600;INTARIAN_PEPPER_ROOT;51036;11;51035;8;51034;9;51039;12;51041;10;51044;9;51038.0;0.0
38;40700;ASH_COATED_OSMIUM;9994;10;9992;12;9990;11;10010;13;10012;15;10015;13;10002.0;0.0
38;40700;INTARIAN_PEPPER_ROOT;51032;16;51030;10;51029;9;51046;12;51049;16;51051;10;51039.5;0.0
38;40800;ASH_COATED_OSMIUM;9987;15;;;;;10003;11;;;;;9995.0;0.0
38;40800;INTARIAN_PEPPER_ROOT;51035;12;;;;;51047;10;;;;;51041.5;0.0
38;40900;ASH_COATED_OSMIUM;9992;13;9989;12;;;10008;22;10011;10;;;10000.5;0.0
38;40900;INTARIAN_PEPPER_ROOT;51029;16;51028;9;51026;9;51042;10;51045;10;51047;9;51035.5;0.0
38;41000;ASH_COATED_OSMIUM;9992;13;9991;28;;;10008;15;10011;12;;;10000.0;0.0
38;41000;INTARIAN_PEPPER_ROOT;51038;12;51035;8;;;51051;8;51054;9;;;51044.5;0.0
38;41100;ASH_COATED_OSMIUM;9991;10;9990;12;;;10007;13;10009;12;;;9999.0;0.0
38;41100;INTARIAN_PEPPER_ROOT;51034;24;51032;9;51030;12;51047;22;51049;15;51050;23;51040.5;0.0
38;41200;ASH_COATED_OSMIUM;9992;15;9991;15;9990;15;10008;15;10010;29;10013;15;10000.5;0.0
38;41200;INTARIAN_PEPPER_ROOT;51038;22;51037;11;;;51050;7;51052;12;;;51044.0;0.0
38;41300;ASH_COATED_OSMIUM;10000;12;;;;;10016;10;;;;;10008.5;0.0
38;41300;INTARIAN_PEPPER_ROOT;51037;23;;;;;51049;11;;;;;51043.0;0.0
38;41400;ASH_COATED_OSMIUM;10001;13;9999;26;;;10020;12;10021;14;;;10011.0;0.0
38;41400;INTARIAN_PEPPER_ROOT;51033;10;51031;9;;;51047;8;51048;12;;;51040.0;0.0
38;41500;ASH_COATED_OSMIUM;10006;14;10003;5;;;10022;14;10024;14;;;10014.5;0.0
38;41500;INTARIAN_PEPPER_ROOT;51034;9;51033;8;;;51047;12;51050;8;;;51041.0;0.0
38;41600;ASH_COATED_OSMIUM;10003;11;10002;12;10001;10;10013;14;10014;12;10017;13;10008.5;0.0
38;41600;INTARIAN_PEPPER_ROOT;51035;23;51034;11;51033;25;51049;8;51052;25;51053;9;51042.5;0.0
38;41700;ASH_COATED_OSMIUM;10000;12;;;;;10016;14;;;;;10008.0;0.0
38;41700;INTARIAN_PEPPER_ROOT;51037;22;;;;;51052;12;;;;;51044.5;0.0
38;41800;ASH_COATED_OSMIUM;9992;13;9989;10;;;10010;20;10011;12;;;10001.0;0.0
38;41800;INTARIAN_PEPPER_ROOT;51037;8;;;;;51049;11;;;;;51043.5;0.0
38;41900;ASH_COATED_OSMIUM;9992;12;9990;12;;;10010;15;10012;13;;;10001.0;0.0
38;41900;INTARIAN_PEPPER_ROOT;51032;20;51030;12;51027;12;51046;8;51048;10;51051;24;51039.5;0.0
38;42000;ASH_COATED_OSMIUM;9993;14;9991;2;;;10009;14;10011;13;;;10001.0;0.0
38;42000;INTARIAN_PEPPER_ROOT;51037;19;51035;11;51032;11;51053;12;51054;24;51055;8;51045.5;0.0
38;42100;ASH_COATED_OSMIUM;9991;10;;;;;10009;12;;;;;10000.0;0.0
38;42100;INTARIAN_PEPPER_ROOT;51034;9;;;;;51047;12;;;;;51041.0;0.0
38;42200;ASH_COATED_OSMIUM;9988;12;9986;12;9983;12;10009;15;10012;13;10014;13;9998.5;0.0
38;42200;INTARIAN_PEPPER_ROOT;51031;10;51029;12;;;51050;11;51053;10;;;51041.0;0.0
38;42300;ASH_COATED_OSMIUM;9995;21;9994;14;;;10011;15;10013;10;;;10003.0;0.0
38;42300;INTARIAN_PEPPER_ROOT;51038;12;;;;;51051;10;;;;;51045.0;0.0
38;42400;ASH_COATED_OSMIUM;9989;14;9987;14;9984;11;10008;15;10010;12;10012;14;9998.5;0.0
38;42400;INTARIAN_PEPPER_ROOT;51037;20;51035;15;;;51049;12;51050;25;;;51043.5;0.0
38;42500;ASH_COATED_OSMIUM;9991;14;9990;25;;;10007;13;10010;13;;;9999.5;0.0
38;42500;INTARIAN_PEPPER_ROOT;51039;10;51036;10;;;51050;12;51052;10;;;51045.0;0.0
38;42600;ASH_COATED_OSMIUM;9992;15;;;;;10013;13;;;;;10002.5;0.0
38;42600;INTARIAN_PEPPER_ROOT;51035;12;;;;;51052;16;;;;;51044.0;0.0
38;42700;ASH_COATED_OSMIUM;9996;10;;;;;10012;12;;;;;10004.5;0.0
38;42700;INTARIAN_PEPPER_ROOT;51037;9;51035;8;51034;10;51050;10;51052;8;51055;12;51044.0;0.0
38;42800;ASH_COATED_OSMIUM;9997;21;9995;30;9992;12;10009;12;10012;12;10013;12;10003.5;0.0
38;42800;INTARIAN_PEPPER_ROOT;51035;11;51034;9;;;51048;8;51050;12;;;51041.5;0.0
38;42900;ASH_COATED_OSMIUM;10000;15;9999;13;;;10016;30;10019;13;;;10008.0;0.0
38;42900;INTARIAN_PEPPER_ROOT;51038;11;51036;9;;;51049;9;51051;23;;;51043.5;0.0
38;43000;ASH_COATED_OSMIUM;9987;12;9986;14;;;10003;13;10006;14;;;9995.0;0.0
38;43000;INTARIAN_PEPPER_ROOT;51034;8;51032;11;;;51047;8;51050;11;;;51041.0;0.0
38;43100;ASH_COATED_OSMIUM;9990;15;9988;30;;;10006;11;10007;13;;;9998.0;0.0
38;43100;INTARIAN_PEPPER_ROOT;51037;20;;;;;51049;8;;;;;51043.5;0.0
38;43200;ASH_COATED_OSMIUM;9986;11;9984;12;;;10002;14;10003;27;;;9994.0;0.0
38;43200;INTARIAN_PEPPER_ROOT;51036;22;51035;9;51032;10;51047;12;51048;15;51049;10;51042.0;0.0
38;43300;ASH_COATED_OSMIUM;9987;12;;;;;10008;11;;;;;9998.0;0.0
38;43300;INTARIAN_PEPPER_ROOT;51035;9;51034;11;;;51049;8;51051;10;;;51042.0;0.0
38;43400;ASH_COATED_OSMIUM;9992;27;9990;14;;;10008;15;10011;11;;;10000.0;0.0
38;43400;INTARIAN_PEPPER_ROOT;51036;8;51034;24;51031;11;51051;11;51053;10;51054;9;51044.0;0.0
38;43500;ASH_COATED_OSMIUM;9994;11;;;;;10010;11;;;;;10002.5;0.0
38;43500;INTARIAN_PEPPER_ROOT;51037;11;51034;9;51031;16;51049;11;51052;12;51053;9;51043.0;0.0
38;43600;ASH_COATED_OSMIUM;9997;13;;;;;10013;12;;;;;10005.0;0.0
38;43600;INTARIAN_PEPPER_ROOT;51035;10;;;;;51048;9;;;;;51041.5;0.0
38;43700;ASH_COATED_OSMIUM;9992;12;9991;12;9989;14;10010;8;10013;12;10015;11;10001.0;0.0
38;43700;INTARIAN_PEPPER_ROOT;51040;11;51039;11;;;51054;22;51057;9;;;51047.5;0.0
38;43800;ASH_COATED_OSMIUM;9991;11;9989;14;;;10007;11;10008;10;;;9999.5;0.0
38;43800;INTARIAN_PEPPER_ROOT;51037;9;;;;;51053;11;;;;;51045.0;0.0
38;43900;ASH_COATED_OSMIUM;9993;15;9990;15;;;10009;26;10010;15;;;10001.5;0.0
38;43900;INTARIAN_PEPPER_ROOT;51038;25;51035;10;;;51050;9;51053;10;;;51044.0;0.0
38;44000;ASH_COATED_OSMIUM;9994;10;9991;14;;;10010;14;10011;12;;;10002.0;0.0
38;44000;INTARIAN_PEPPER_ROOT;51033;19;;;;;51047;8;;;;;51040.5;0.0
38;44100;ASH_COATED_OSMIUM;9991;25;9990;14;9988;10;10007;27;10010;13;10013;12;9999.0;0.0
38;44100;INTARIAN_PEPPER_ROOT;51038;23;51035;17;51034;9;51052;9;51053;11;51054;12;51045.5;0.0
38;44200;ASH_COATED_OSMIUM;9992;13;9990;15;;;10011;25;10014;14;;;10001.5;0.0
38;44200;INTARIAN_PEPPER_ROOT;51037;8;51034;8;51031;11;51050;10;51053;8;51055;11;51043.5;0.0
38;44300;ASH_COATED_OSMIUM;9997;10;9996;12;;;10007;11;10008;12;;;10002.5;0.0
38;44300;INTARIAN_PEPPER_ROOT;51037;15;51036;8;;;51050;9;51053;9;;;51044.0;0.0
38;44400;ASH_COATED_OSMIUM;9988;21;9986;12;;;10004;11;10007;25;;;9996.5;0.0
38;44400;INTARIAN_PEPPER_ROOT;51037;17;51034;16;;;51050;9;51053;12;;;51043.5;0.0
38;44500;ASH_COATED_OSMIUM;9990;27;;;;;10006;12;;;;;9998.5;0.0
38;44500;INTARIAN_PEPPER_ROOT;51034;10;;;;;51047;21;;;;;51040.5;0.0
38;44600;ASH_COATED_OSMIUM;9995;11;;;;;10011;20;;;;;10003.5;0.0
38;44600;INTARIAN_PEPPER_ROOT;51038;9;;;;;51049;11;;;;;51043.5;0.0
38;44700;ASH_COATED_OSMIUM;9989;15;9987;14;9985;14;9995;11;9996;14;9999;10;9992.0;0.0
38;44700;INTARIAN_PEPPER_ROOT;51040;12;51037;9;;;51052;8;51055;8;;;51046.5;0.0
38;44800;ASH_COATED_OSMIUM;9982;13;9981;10;9980;14;9998;30;9999;10;10002;29;9990.0;0.0
38;44800;INTARIAN_PEPPER_ROOT;51036;10;51033;12;51030;11;51050;10;51052;12;51053;17;51043.0;0.0
38;44900;ASH_COATED_OSMIUM;9984;14;;;;;10000;21;;;;;9992.0;0.0
38;44900;INTARIAN_PEPPER_ROOT;51042;9;51039;12;;;51055;10;51058;12;;;51049.0;0.0
38;45000;ASH_COATED_OSMIUM;9986;11;;;;;10005;12;;;;;9996.0;0.0
38;45000;INTARIAN_PEPPER_ROOT;51037;10;;;;;51050;16;;;;;51044.0;0.0
38;45100;ASH_COATED_OSMIUM;9992;11;;;;;10008;10;;;;;10000.5;0.0
38;45100;INTARIAN_PEPPER_ROOT;51037;12;51036;10;;;51049;8;51051;12;;;51043.0;0.0
38;45200;ASH_COATED_OSMIUM;9989;25;;;;;10005;5;;;;;9997.5;0.0
38;45200;INTARIAN_PEPPER_ROOT;51039;11;51038;8;51036;18;51055;10;51058;9;51059;11;51047.0;0.0
38;45300;ASH_COATED_OSMIUM;9990;11;9989;12;9986;21;10001;29;10002;28;10004;30;9995.5;0.0
38;45300;INTARIAN_PEPPER_ROOT;51040;12;51039;9;;;51051;11;51053;22;;;51046.0;0.0
38;45400;ASH_COATED_OSMIUM;9987;10;;;;;10003;10;;;;;9995.0;0.0
38;45400;INTARIAN_PEPPER_ROOT;51038;21;51035;12;;;51052;10;51053;8;;;51045.5;0.0
38;45500;ASH_COATED_OSMIUM;9989;15;9986;11;9985;12;10005;10;10008;3;10009;11;9997.0;0.0
38;45500;INTARIAN_PEPPER_ROOT;51038;5;51036;11;51034;8;51054;9;51057;8;51060;16;51046.0;0.0
38;45600;ASH_COATED_OSMIUM;9992;28;;;;;10008;13;;;;;10000.5;0.0
38;45600;INTARIAN_PEPPER_ROOT;51041;11;51038;24;51037;12;51054;8;51056;12;51059;9;51048.0;0.0
38;45700;ASH_COATED_OSMIUM;9991;15;9989;28;;;10007;21;10008;13;;;9999.5;0.0
38;45700;INTARIAN_PEPPER_ROOT;51038;9;;;;;51050;12;;;;;51044.0;0.0
38;45800;ASH_COATED_OSMIUM;9986;11;9984;15;;;10002;26;10003;12;;;9994.0;0.0
38;45800;INTARIAN_PEPPER_ROOT;51042;9;;;;;51055;10;;;;;51048.5;0.0
38;45900;ASH_COATED_OSMIUM;9986;12;;;;;10007;14;;;;;9996.5;0.0
38;45900;INTARIAN_PEPPER_ROOT;51040;10;51038;11;51035;8;51053;12;51055;12;51057;10;51046.5;0.0
38;46000;ASH_COATED_OSMIUM;9989;29;9988;12;;;10005;25;10006;14;;;9997.0;0.0
38;46000;INTARIAN_PEPPER_ROOT;51044;8;51042;11;;;51056;18;51058;11;;;51050.0;0.0
38;46100;ASH_COATED_OSMIUM;9991;14;;;;;10007;13;;;;;9999.0;0.0
38;46100;INTARIAN_PEPPER_ROOT;51040;8;51038;8;51035;8;51051;9;51053;11;51054;9;51045.5;0.0
38;46200;ASH_COATED_OSMIUM;9988;14;9987;15;;;10004;12;10006;15;;;9996.5;0.0
38;46200;INTARIAN_PEPPER_ROOT;51040;8;51039;11;51037;19;51053;20;51055;11;51056;9;51047.0;0.0
38;46300;ASH_COATED_OSMIUM;9989;15;9986;12;;;10005;10;10007;13;;;9997.0;0.0
38;46300;INTARIAN_PEPPER_ROOT;51041;9;51040;8;51039;8;51054;10;51056;11;51057;8;51048.0;0.0
38;46400;ASH_COATED_OSMIUM;9989;5;9988;12;9986;14;10005;11;10008;14;10010;10;9997.5;0.0
38;46400;INTARIAN_PEPPER_ROOT;51036;12;51035;12;;;51050;8;51053;11;;;51043.5;0.0
38;46500;ASH_COATED_OSMIUM;9993;20;9992;12;9990;12;10009;11;10011;21;10014;14;10001.0;0.0
38;46500;INTARIAN_PEPPER_ROOT;51037;9;;;;;51053;25;;;;;51045.0;0.0
38;46600;ASH_COATED_OSMIUM;9994;13;9993;10;;;10010;12;10013;10;;;10002.0;0.0
38;46600;INTARIAN_PEPPER_ROOT;51038;10;51037;11;51034;9;51050;18;51051;11;51052;12;51044.5;0.0
38;46700;ASH_COATED_OSMIUM;9989;12;;;;;10005;13;;;;;9997.5;0.0
38;46700;INTARIAN_PEPPER_ROOT;51038;8;51036;8;;;51049;10;51051;8;;;51044.0;0.0
38;46800;ASH_COATED_OSMIUM;9994;11;9991;11;9990;15;10010;14;10011;13;10012;21;10002.0;0.0
38;46800;INTARIAN_PEPPER_ROOT;51043;11;51042;9;51041;18;51054;12;51056;9;51059;23;51048.5;0.0
38;46900;ASH_COATED_OSMIUM;9994;13;9991;13;9990;15;10010;11;10013;10;10016;14;10002.0;0.0
38;46900;INTARIAN_PEPPER_ROOT;51037;11;;;;;51057;12;;;;;51047.5;0.0
38;47000;ASH_COATED_OSMIUM;9993;11;;;;;10009;14;;;;;10001.0;0.0
38;47000;INTARIAN_PEPPER_ROOT;51039;11;51038;15;;;51053;11;51054;12;;;51046.5;0.0
38;47100;ASH_COATED_OSMIUM;9990;11;9987;15;;;10006;15;10008;15;;;9998.5;0.0
38;47100;INTARIAN_PEPPER_ROOT;51040;10;51038;12;51037;9;51052;9;51053;12;51056;10;51046.5;0.0
38;47200;ASH_COATED_OSMIUM;9989;10;9987;14;;;10005;3;10006;7;;;9997.0;0.0
38;47200;INTARIAN_PEPPER_ROOT;51039;12;51036;9;;;51053;10;51055;11;;;51046.0;0.0
38;47300;ASH_COATED_OSMIUM;9987;13;9985;12;9983;10;10003;11;10006;14;10008;30;9995.0;0.0
38;47300;INTARIAN_PEPPER_ROOT;51043;9;;;;;51057;8;;;;;51050.5;0.0
38;47400;ASH_COATED_OSMIUM;9986;12;9985;10;9983;13;10002;15;10004;13;10006;12;9994.0;0.0
38;47400;INTARIAN_PEPPER_ROOT;51047;10;51045;11;51042;17;51051;12;51052;6;51053;18;51049.5;0.0
38;47500;ASH_COATED_OSMIUM;9987;12;;;;;10006;12;;;;;9996.5;0.0
38;47500;INTARIAN_PEPPER_ROOT;51039;8;;;;;51052;8;;;;;51046.0;0.0
38;47600;ASH_COATED_OSMIUM;9991;20;9988;13;9985;14;10007;14;10010;13;10012;10;9999.0;0.0
38;47600;INTARIAN_PEPPER_ROOT;51040;12;51039;11;51036;9;51051;8;51054;10;51056;10;51045.5;0.0
38;47700;ASH_COATED_OSMIUM;9990;27;9987;12;9986;23;10009;14;10010;15;10012;23;10000.0;0.0
38;47700;INTARIAN_PEPPER_ROOT;51041;10;;;;;51054;12;;;;;51047.5;0.0
38;47800;ASH_COATED_OSMIUM;9996;12;9994;11;;;10009;14;10012;5;;;10003.0;0.0
38;47800;INTARIAN_PEPPER_ROOT;51041;9;51040;16;51039;8;51057;10;51060;9;51061;9;51049.5;0.0
38;47900;ASH_COATED_OSMIUM;9998;13;9996;15;;;10017;14;10019;15;;;10007.5;0.0
38;47900;INTARIAN_PEPPER_ROOT;51044;9;51043;12;51041;11;51057;11;51059;10;51062;10;51050.5;0.0
38;48000;ASH_COATED_OSMIUM;9995;11;9993;10;9991;12;10011;15;10014;30;10015;30;10003.0;0.0
38;48000;INTARIAN_PEPPER_ROOT;51042;11;51040;11;;;51058;10;51061;10;;;51050.0;0.0
38;48100;ASH_COATED_OSMIUM;9998;10;9995;5;9994;10;10014;11;10016;25;10018;11;10006.0;0.0
38;48100;INTARIAN_PEPPER_ROOT;51040;11;;;;;51052;9;;;;;51046.0;0.0
38;48200;ASH_COATED_OSMIUM;9996;15;9995;13;;;10012;12;10014;23;;;10004.5;0.0
38;48200;INTARIAN_PEPPER_ROOT;51044;11;51042;12;51041;12;51058;8;51059;8;51060;11;51051.0;0.0
38;48300;ASH_COATED_OSMIUM;9994;12;9991;15;9989;12;10010;9;10011;12;10014;14;10002.5;0.0
38;48300;INTARIAN_PEPPER_ROOT;51041;10;51040;12;51038;19;51055;12;51058;10;51061;12;51048.5;0.0
38;48400;ASH_COATED_OSMIUM;9992;15;9990;11;;;10008;14;10011;15;;;10000.0;0.0
38;48400;INTARIAN_PEPPER_ROOT;51039;15;51036;12;;;51052;9;51055;12;;;51045.5;0.0
38;48500;ASH_COATED_OSMIUM;9997;23;9994;11;9992;10;10013;15;10014;15;10017;12;10005.0;0.0
38;48500;INTARIAN_PEPPER_ROOT;51042;10;51039;9;;;51056;10;51059;16;;;51049.0;0.0
38;48600;ASH_COATED_OSMIUM;9992;11;;;;;10008;15;;;;;10000.0;0.0
38;48600;INTARIAN_PEPPER_ROOT;51044;10;51042;12;;;51055;12;51057;9;;;51050.0;0.0
38;48700;ASH_COATED_OSMIUM;9991;10;9990;15;;;10010;11;10011;15;;;10000.5;0.0
38;48700;INTARIAN_PEPPER_ROOT;51045;22;51044;12;51043;8;51058;10;51060;11;51063;11;51052.0;0.0
38;48800;ASH_COATED_OSMIUM;9991;11;;;;;10007;25;;;;;9999.5;0.0
38;48800;INTARIAN_PEPPER_ROOT;51043;12;51042;9;;;51057;12;51060;25;;;51050.5;0.0
38;48900;ASH_COATED_OSMIUM;9989;11;9988;13;9985;15;10005;15;10007;15;10009;11;9997.0;0.0
38;48900;INTARIAN_PEPPER_ROOT;51045;21;51042;12;51041;12;51056;12;51057;9;51059;9;51051.0;0.0
38;49000;ASH_COATED_OSMIUM;9991;12;;;;;10010;10;;;;;10001.0;0.0
38;49000;INTARIAN_PEPPER_ROOT;51041;10;51039;8;51036;11;51054;24;51055;10;51058;15;51047.5;0.0
38;49100;ASH_COATED_OSMIUM;9989;13;9988;26;9987;12;10007;13;10010;25;10011;15;9998.0;0.0
38;49100;INTARIAN_PEPPER_ROOT;51043;11;51040;21;;;51056;12;51059;10;;;51049.5;0.0
38;49200;ASH_COATED_OSMIUM;9991;26;9990;15;;;10009;11;10011;14;;;10000.0;0.0
38;49200;INTARIAN_PEPPER_ROOT;51041;11;51038;10;;;51053;19;51055;9;;;51047.5;0.0
38;49300;ASH_COATED_OSMIUM;9992;12;9989;10;;;10011;14;10012;15;;;10002.0;0.0
38;49300;INTARIAN_PEPPER_ROOT;51043;18;;;;;51057;9;;;;;51050.0;0.0
38;49400;ASH_COATED_OSMIUM;9989;25;9986;10;;;10008;14;10009;27;;;9998.5;0.0
38;49400;INTARIAN_PEPPER_ROOT;51039;9;51038;8;51036;8;51052;20;51053;8;51055;10;51045.5;0.0
38;49500;ASH_COATED_OSMIUM;9988;12;9986;4;;;10006;12;10009;10;;;9997.0;0.0
38;49500;INTARIAN_PEPPER_ROOT;51038;12;51036;9;;;51052;12;51055;5;;;51045.5;0.0
38;49600;ASH_COATED_OSMIUM;9985;14;9982;13;;;10004;14;10005;13;;;9995.0;0.0
38;49600;INTARIAN_PEPPER_ROOT;51041;11;;;;;51055;11;;;;;51048.0;0.0
38;49700;ASH_COATED_OSMIUM;9987;15;9986;13;;;10005;24;10006;13;;;9996.0;0.0
38;49700;INTARIAN_PEPPER_ROOT;51044;10;;;;;51056;11;;;;;51050.5;0.0
38;49800;ASH_COATED_OSMIUM;9990;21;;;;;10002;22;;;;;9996.5;0.0
38;49800;INTARIAN_PEPPER_ROOT;51040;11;;;;;51054;11;;;;;51047.5;0.0
38;49900;ASH_COATED_OSMIUM;9987;3;;;;;10003;12;;;;;9995.0;0.0
38;49900;INTARIAN_PEPPER_ROOT;51038;9;51037;8;51036;11;51054;11;51056;8;51057;8;51046.5;0.0
38;50000;ASH_COATED_OSMIUM;9989;10;9987;14;9986;22;10008;13;10011;10;10013;13;9998.5;0.0
38;50000;INTARIAN_PEPPER_ROOT;51040;8;51039;9;;;51059;24;51060;15;;;51049.5;0.0
38;50100;ASH_COATED_OSMIUM;9989;13;;;;;10005;20;;;;;9997.5;0.0
38;50100;INTARIAN_PEPPER_ROOT;51046;11;51043;10;;;51058;11;51061;10;;;51052.0;0.0
38;50200;ASH_COATED_OSMIUM;9994;15;9991;12;9989;13;10010;11;10013;15;10015;11;10002.0;0.0
38;50200;INTARIAN_PEPPER_ROOT;51044;10;;;;;51058;10;;;;;51051.5;0.0
38;50300;ASH_COATED_OSMIUM;9997;21;9996;13;;;10013;12;10016;26;;;10005.0;0.0
38;50300;INTARIAN_PEPPER_ROOT;51041;16;;;;;51053;10;;;;;51047.5;0.0
38;50400;ASH_COATED_OSMIUM;10000;14;9999;10;;;10016;21;10019;14;;;10008.5;0.0
38;50400;INTARIAN_PEPPER_ROOT;51044;9;51043;10;;;51058;9;51059;20;;;51051.5;0.0
38;50500;ASH_COATED_OSMIUM;9996;10;9995;12;9994;15;10012;14;10013;13;10016;10;10004.5;0.0
38;50500;INTARIAN_PEPPER_ROOT;51044;11;51043;12;;;51057;12;51060;11;;;51050.5;0.0
38;50600;ASH_COATED_OSMIUM;9998;11;;;;;10014;29;;;;;10006.0;0.0
38;50600;INTARIAN_PEPPER_ROOT;51044;9;;;;;51057;23;;;;;51051.0;0.0
38;50700;ASH_COATED_OSMIUM;9996;13;;;;;10012;10;;;;;10004.0;0.0
38;50700;INTARIAN_PEPPER_ROOT;51045;12;;;;;51060;12;;;;;51053.0;0.0
38;50800;ASH_COATED_OSMIUM;9994;15;9991;12;9988;14;10010;29;10012;30;10013;21;10002.0;0.0
38;50800;INTARIAN_PEPPER_ROOT;51042;10;;;;;51062;9;;;;;51052.5;0.0
38;50900;ASH_COATED_OSMIUM;9993;21;;;;;10009;10;;;;;10001.5;0.0
38;50900;INTARIAN_PEPPER_ROOT;51048;8;51047;11;51044;11;51062;24;51065;17;51068;12;51055.5;0.0
38;51000;ASH_COATED_OSMIUM;9994;11;9992;11;;;10010;5;10011;10;;;10002.5;0.0
38;51000;INTARIAN_PEPPER_ROOT;51046;12;51044;12;51041;8;51058;10;51061;9;51062;16;51052.0;0.0
38;51100;ASH_COATED_OSMIUM;9987;10;9985;11;;;10003;15;10005;15;;;9995.5;0.0
38;51100;INTARIAN_PEPPER_ROOT;51048;10;;;;;51060;12;;;;;51054.5;0.0
38;51200;ASH_COATED_OSMIUM;9992;13;9989;26;9987;13;9998;14;10001;10;10003;29;9995.5;0.0
38;51200;INTARIAN_PEPPER_ROOT;51043;10;;;;;51057;9;;;;;51050.0;0.0
38;51300;ASH_COATED_OSMIUM;9988;10;9985;11;9983;2;10004;12;10006;11;10008;15;9996.0;0.0
38;51300;INTARIAN_PEPPER_ROOT;51048;12;51046;24;;;51062;11;51063;10;;;51055.0;0.0
38;51400;ASH_COATED_OSMIUM;9989;11;;;;;10005;15;;;;;9997.5;0.0
38;51400;INTARIAN_PEPPER_ROOT;51041;12;51040;21;;;51054;11;51056;9;;;51048.0;0.0
38;51500;ASH_COATED_OSMIUM;9992;13;;;;;10008;11;;;;;10000.0;0.0
38;51500;INTARIAN_PEPPER_ROOT;51043;22;51040;19;;;51057;9;51059;11;;;51050.0;0.0
38;51600;ASH_COATED_OSMIUM;9994;13;9993;26;9991;12;10010;11;10012;25;10013;22;10002.5;0.0
38;51600;INTARIAN_PEPPER_ROOT;51039;9;51036;12;;;51055;12;51056;12;;;51047.5;0.0
38;51700;ASH_COATED_OSMIUM;9993;11;9991;13;;;10009;10;10010;14;;;10001.0;0.0
38;51700;INTARIAN_PEPPER_ROOT;51040;9;51039;12;51038;20;51054;10;51057;12;51059;11;51047.5;0.0
38;51800;ASH_COATED_OSMIUM;9985;11;9982;11;9980;10;10004;13;10005;10;10006;14;9994.5;0.0
38;51800;INTARIAN_PEPPER_ROOT;51044;10;51041;6;51039;8;51061;10;51062;10;51065;9;51052.5;0.0
38;51900;ASH_COATED_OSMIUM;9989;12;9988;15;;;10005;13;10007;11;;;9997.5;0.0
38;51900;INTARIAN_PEPPER_ROOT;51044;9;51042;12;51039;11;51060;12;51063;12;51066;11;51052.0;0.0
38;52000;ASH_COATED_OSMIUM;9990;10;9989;25;;;10006;10;10008;5;;;9998.0;0.0
38;52000;INTARIAN_PEPPER_ROOT;51047;10;;;;;51060;10;;;;;51053.5;0.0
38;52100;ASH_COATED_OSMIUM;9991;22;9990;26;;;10007;15;10009;11;;;9999.0;0.0
38;52100;INTARIAN_PEPPER_ROOT;51042;19;51041;11;;;51059;12;51061;17;;;51051.0;0.0
38;52200;ASH_COATED_OSMIUM;9989;23;9987;26;;;10005;13;10006;15;;;9997.0;0.0
38;52200;INTARIAN_PEPPER_ROOT;51046;10;51044;20;51042;12;51060;11;51061;16;51063;8;51053.0;0.0
38;52300;ASH_COATED_OSMIUM;9990;10;9987;13;9986;29;10009;12;10012;28;10015;15;10000.0;0.0
38;52300;INTARIAN_PEPPER_ROOT;51044;9;;;;;51060;11;;;;;51052.5;0.0
38;52400;ASH_COATED_OSMIUM;9992;14;;;;;10010;13;;;;;10001.5;0.0
38;52400;INTARIAN_PEPPER_ROOT;51044;9;51043;10;;;51059;9;51062;9;;;51052.0;0.0
38;52500;ASH_COATED_OSMIUM;9996;11;9994;15;9992;14;10015;29;10017;12;10019;11;10006.0;0.0
38;52500;INTARIAN_PEPPER_ROOT;51047;9;51044;9;;;51059;8;51062;9;;;51053.0;0.0
38;52600;ASH_COATED_OSMIUM;9997;27;9995;13;;;10018;13;10020;13;;;10008.0;0.0
38;52600;INTARIAN_PEPPER_ROOT;51045;16;51042;24;51041;12;51057;9;51060;11;51062;10;51051.0;0.0
38;52700;ASH_COATED_OSMIUM;9999;10;9997;10;;;10015;13;10018;13;;;10007.0;0.0
38;52700;INTARIAN_PEPPER_ROOT;51045;10;51043;24;;;51058;10;51059;10;;;51052.0;0.0
38;52800;ASH_COATED_OSMIUM;9995;15;9994;15;9993;12;10013;10;10014;15;10015;28;10004.0;0.0
38;52800;INTARIAN_PEPPER_ROOT;51049;8;51047;6;51046;23;51063;17;51065;8;51067;10;51056.0;0.0
38;52900;ASH_COATED_OSMIUM;9995;13;9994;15;;;10007;15;10009;10;;;10001.0;0.0
38;52900;INTARIAN_PEPPER_ROOT;51046;17;51044;4;;;51059;10;51062;11;;;51052.5;0.0
38;53000;ASH_COATED_OSMIUM;9988;13;9985;15;;;10004;12;10005;12;;;9996.0;0.0
38;53000;INTARIAN_PEPPER_ROOT;51045;16;;;;;51058;10;;;;;51051.5;0.0
38;53100;ASH_COATED_OSMIUM;9983;15;9982;11;9980;11;10004;26;10005;22;10007;15;9994.0;0.0
38;53100;INTARIAN_PEPPER_ROOT;51045;12;;;;;51057;9;;;;;51051.0;0.0
38;53200;ASH_COATED_OSMIUM;9982;15;;;;;9992;14;;;;;9987.0;0.0
38;53200;INTARIAN_PEPPER_ROOT;51049;11;;;;;51060;9;;;;;51055.0;0.0
38;53300;ASH_COATED_OSMIUM;9983;11;9982;10;;;10002;15;10003;15;;;9992.5;0.0
38;53300;INTARIAN_PEPPER_ROOT;51047;8;;;;;51060;8;;;;;51053.5;0.0
38;53400;ASH_COATED_OSMIUM;9982;11;9981;25;9978;15;9998;13;10001;15;10004;4;9990.5;0.0
38;53400;INTARIAN_PEPPER_ROOT;51048;11;;;;;51061;19;;;;;51054.5;0.0
38;53500;ASH_COATED_OSMIUM;9989;27;9987;15;;;10005;3;10006;15;;;9997.0;0.0
38;53500;INTARIAN_PEPPER_ROOT;51044;11;;;;;51060;23;;;;;51052.5;0.0
38;53600;ASH_COATED_OSMIUM;9990;11;9988;10;9987;11;10009;13;10012;11;10015;10;10000.0;0.0
38;53600;INTARIAN_PEPPER_ROOT;51047;11;51046;11;;;51064;8;51066;12;;;51056.0;0.0
38;53700;ASH_COATED_OSMIUM;9990;12;;;;;10006;15;;;;;9998.0;0.0
38;53700;INTARIAN_PEPPER_ROOT;51051;12;51050;12;;;51059;10;51062;10;;;51055.5;0.0
38;53800;ASH_COATED_OSMIUM;9991;15;9990;12;;;10007;11;10010;10;;;9999.0;0.0
38;53800;INTARIAN_PEPPER_ROOT;51048;12;;;;;51060;8;;;;;51054.0;0.0
38;53900;ASH_COATED_OSMIUM;9987;14;9986;15;9984;13;10003;10;10006;4;10007;15;9995.5;0.0
38;53900;INTARIAN_PEPPER_ROOT;51048;12;51045;8;;;51061;12;51062;12;;;51055.0;0.0
38;54000;ASH_COATED_OSMIUM;9991;12;9990;14;;;10010;14;10012;15;;;10001.0;0.0
38;54000;INTARIAN_PEPPER_ROOT;51043;20;51042;9;;;51058;8;51061;10;;;51051.0;0.0
38;54100;ASH_COATED_OSMIUM;9987;11;9984;12;;;10008;11;10009;15;;;9998.0;0.0
38;54100;INTARIAN_PEPPER_ROOT;51048;8;;;;;51063;12;;;;;51056.0;0.0
38;54200;ASH_COATED_OSMIUM;9988;20;9987;12;;;10004;20;10006;30;;;9996.0;0.0
38;54200;INTARIAN_PEPPER_ROOT;51045;9;51042;11;;;51059;12;51062;8;;;51052.0;0.0
38;54300;ASH_COATED_OSMIUM;9985;12;9984;13;;;10001;26;10004;15;;;9993.5;0.0
38;54300;INTARIAN_PEPPER_ROOT;51047;10;;;;;51061;8;;;;;51054.0;0.0
38;54400;ASH_COATED_OSMIUM;9989;22;9986;11;9983;14;10005;14;10007;15;10009;14;9997.0;0.0
38;54400;INTARIAN_PEPPER_ROOT;51050;8;;;;;51062;11;;;;;51056.0;0.0
38;54500;ASH_COATED_OSMIUM;9987;13;9986;13;;;10003;10;10006;10;;;9995.0;0.0
38;54500;INTARIAN_PEPPER_ROOT;51046;11;51044;25;51041;8;51058;21;51061;8;51064;24;51052.0;0.0
38;54600;ASH_COATED_OSMIUM;9982;26;9979;15;9978;14;9998;10;10000;14;10003;10;9990.5;0.0
38;54600;INTARIAN_PEPPER_ROOT;51050;9;51049;19;;;51063;10;51065;21;;;51056.5;0.0
38;54700;ASH_COATED_OSMIUM;9984;14;9981;15;;;10000;12;10002;9;;;9992.0;0.0
38;54700;INTARIAN_PEPPER_ROOT;51048;11;51046;9;51045;12;51064;8;51067;8;51069;12;51056.0;0.0
38;54800;ASH_COATED_OSMIUM;9985;13;9983;14;;;10001;15;10002;10;;;9993.0;0.0
38;54800;INTARIAN_PEPPER_ROOT;51050;9;;;;;51066;12;;;;;51058.5;0.0
38;54900;ASH_COATED_OSMIUM;9985;10;9983;10;9982;15;10001;13;10004;14;10005;11;9993.0;0.0
38;54900;INTARIAN_PEPPER_ROOT;51044;12;51042;19;51040;11;51061;22;51064;8;51065;11;51053.0;0.0
38;55000;ASH_COATED_OSMIUM;9991;14;;;;;10007;11;;;;;9999.0;0.0
38;55000;INTARIAN_PEPPER_ROOT;51043;25;;;;;51057;8;;;;;51050.0;0.0
38;55100;ASH_COATED_OSMIUM;9987;11;9986;13;;;10005;14;10006;11;;;9996.0;0.0
38;55100;INTARIAN_PEPPER_ROOT;51047;12;;;;;51062;8;;;;;51055.0;0.0
38;55200;ASH_COATED_OSMIUM;9994;10;;;;;10010;15;;;;;10002.5;0.0
38;55200;INTARIAN_PEPPER_ROOT;51047;11;;;;;51059;8;;;;;51053.5;0.0
38;55300;ASH_COATED_OSMIUM;9986;15;9984;13;;;10005;13;10006;12;;;9995.5;0.0
38;55300;INTARIAN_PEPPER_ROOT;51044;11;;;;;51058;9;;;;;51051.0;0.0
38;55400;ASH_COATED_OSMIUM;9984;11;9982;24;9980;12;10000;11;10002;14;10003;15;9992.0;0.0
38;55400;INTARIAN_PEPPER_ROOT;51052;9;;;;;51063;22;;;;;51057.5;0.0
38;55500;ASH_COATED_OSMIUM;9990;30;9988;15;9987;15;10006;14;10008;23;10010;10;9998.0;0.0
38;55500;INTARIAN_PEPPER_ROOT;51050;8;51049;12;;;51064;10;51065;19;;;51057.5;0.0
38;55600;ASH_COATED_OSMIUM;9989;10;;;;;10005;13;;;;;9997.5;0.0
38;55600;INTARIAN_PEPPER_ROOT;51051;10;51049;17;;;51065;21;51066;10;;;51058.0;0.0
38;55700;ASH_COATED_OSMIUM;9990;11;9988;13;;;10002;15;10004;11;;;9996.5;0.0
38;55700;INTARIAN_PEPPER_ROOT;51042;20;51039;9;;;51061;11;51063;9;;;51052.0;0.0
38;55800;ASH_COATED_OSMIUM;9988;15;9986;11;9983;13;10004;11;10007;13;10010;14;9996.5;0.0
38;55800;INTARIAN_PEPPER_ROOT;51046;8;51045;9;51043;10;51059;9;51061;8;51064;12;51052.5;0.0
38;55900;ASH_COATED_OSMIUM;9991;11;9989;10;9986;5;10009;10;10012;22;10015;12;10000.0;0.0
38;55900;INTARIAN_PEPPER_ROOT;51045;8;51044;10;51041;11;51059;8;51062;3;51064;12;51052.0;0.0
38;56000;ASH_COATED_OSMIUM;9994;14;;;;;10010;14;;;;;10002.0;0.0
38;56000;INTARIAN_PEPPER_ROOT;51048;9;;;;;51062;12;;;;;51055.5;0.0
38;56100;ASH_COATED_OSMIUM;10000;10;9997;10;;;10005;14;10006;12;;;10003.0;0.0
38;56100;INTARIAN_PEPPER_ROOT;51051;12;;;;;51063;10;;;;;51057.0;0.0
38;56200;ASH_COATED_OSMIUM;9995;10;;;;;10011;25;;;;;10003.5;0.0
38;56200;INTARIAN_PEPPER_ROOT;51052;8;51050;12;51049;20;51064;8;51065;9;51068;10;51058.5;0.0
38;56300;ASH_COATED_OSMIUM;9994;10;9992;13;9991;10;10015;10;10016;10;10019;10;10005.0;0.0
38;56300;INTARIAN_PEPPER_ROOT;51048;8;51047;8;;;51061;11;51063;11;;;51055.0;0.0
38;56400;ASH_COATED_OSMIUM;10001;15;9999;12;;;10017;28;10018;12;;;10009.5;0.0
38;56400;INTARIAN_PEPPER_ROOT;51052;12;51050;9;;;51065;11;51067;9;;;51058.5;0.0
38;56500;ASH_COATED_OSMIUM;9997;14;;;;;10015;10;;;;;10006.0;0.0
38;56500;INTARIAN_PEPPER_ROOT;51052;11;51051;10;51048;11;51064;8;51066;17;51068;10;51058.0;0.0
38;56600;ASH_COATED_OSMIUM;9990;14;9989;11;;;10006;12;10008;10;;;9998.0;0.0
38;56600;INTARIAN_PEPPER_ROOT;51051;10;51050;9;51049;11;51062;20;51064;20;51065;6;51057.0;0.0
38;56700;ASH_COATED_OSMIUM;9988;12;9986;15;9984;15;10004;14;10007;15;10008;14;9996.5;0.0
38;56700;INTARIAN_PEPPER_ROOT;51048;12;51046;12;51044;9;51065;11;51067;11;51069;11;51056.5;0.0
38;56800;ASH_COATED_OSMIUM;9989;12;9988;15;;;10005;14;10007;12;;;9997.5;0.0
38;56800;INTARIAN_PEPPER_ROOT;51052;9;51049;24;51046;12;51065;24;51066;8;51068;12;51059.0;0.0
38;56900;ASH_COATED_OSMIUM;9986;14;9984;10;9983;20;10002;22;10003;21;10005;2;9994.0;0.0
38;56900;INTARIAN_PEPPER_ROOT;51053;12;51051;10;;;51070;11;51072;9;;;51062.0;0.0
38;57000;ASH_COATED_OSMIUM;9992;10;9991;11;9989;14;10008;21;10009;24;10012;11;10000.0;0.0
38;57000;INTARIAN_PEPPER_ROOT;51050;8;51047;8;51045;10;51062;8;51064;11;51066;12;51056.5;0.0
38;57100;ASH_COATED_OSMIUM;9988;30;9987;14;;;10004;14;10005;10;;;9996.5;0.0
38;57100;INTARIAN_PEPPER_ROOT;51045;12;51042;12;;;51062;11;51063;10;;;51054.0;0.0
38;57200;ASH_COATED_OSMIUM;9997;12;9994;15;;;10003;10;10004;13;;;10000.0;0.0
38;57200;INTARIAN_PEPPER_ROOT;51050;11;;;;;51062;12;;;;;51056.5;0.0
38;57300;ASH_COATED_OSMIUM;9989;21;9987;13;9984;12;10005;28;10007;13;10008;11;9997.5;0.0
38;57300;INTARIAN_PEPPER_ROOT;51047;9;51045;6;;;51059;8;51061;8;;;51053.5;0.0
38;57400;ASH_COATED_OSMIUM;9985;3;9982;15;;;10001;15;10004;12;;;9993.0;0.0
38;57400;INTARIAN_PEPPER_ROOT;51052;24;51050;19;;;51068;11;51070;10;;;51060.5;0.0
38;57500;ASH_COATED_OSMIUM;9985;13;9983;14;9980;11;10001;10;10003;15;10006;29;9993.5;0.0
38;57500;INTARIAN_PEPPER_ROOT;51052;10;;;;;51064;9;;;;;51058.0;0.0
38;57600;ASH_COATED_OSMIUM;9985;10;9982;14;;;10001;13;10002;12;;;9993.5;0.0
38;57600;INTARIAN_PEPPER_ROOT;51052;10;;;;;51068;10;;;;;51060.0;0.0
38;57700;ASH_COATED_OSMIUM;9984;10;;;;;10000;22;;;;;9992.5;0.0
38;57700;INTARIAN_PEPPER_ROOT;51055;10;51052;16;;;51067;9;51069;8;;;51061.5;0.0
38;57800;ASH_COATED_OSMIUM;9983;26;9981;15;9978;15;9999;24;10002;14;10004;12;9991.5;0.0
38;57800;INTARIAN_PEPPER_ROOT;51053;20;51051;12;51050;11;51065;10;51066;10;51068;12;51059.5;0.0
38;57900;ASH_COATED_OSMIUM;9985;13;9982;10;;;10001;21;10004;11;;;9993.0;0.0
38;57900;INTARIAN_PEPPER_ROOT;51052;24;51049;24;;;51063;10;51066;10;;;51058.0;0.0
38;58000;ASH_COATED_OSMIUM;9985;11;9983;11;9982;15;10004;10;10005;10;10006;20;9995.0;0.0
38;58000;INTARIAN_PEPPER_ROOT;51053;11;;;;;51065;8;;;;;51059.5;0.0
38;58100;ASH_COATED_OSMIUM;9987;21;9985;12;;;10003;10;10006;30;;;9995.0;0.0
38;58100;INTARIAN_PEPPER_ROOT;51051;8;51048;10;;;51068;11;51070;11;;;51060.0;0.0
38;58200;ASH_COATED_OSMIUM;9988;29;;;;;10006;13;;;;;9997.5;0.0
38;58200;INTARIAN_PEPPER_ROOT;51053;9;51052;12;;;51069;9;51070;10;;;51061.5;0.0
38;58300;ASH_COATED_OSMIUM;9986;10;9985;10;;;10002;27;10003;14;;;9994.5;0.0
38;58300;INTARIAN_PEPPER_ROOT;51049;10;51048;12;;;51062;12;51063;11;;;51055.5;0.0
38;58400;ASH_COATED_OSMIUM;9984;24;;;;;10003;13;;;;;9994.0;0.0
38;58400;INTARIAN_PEPPER_ROOT;51052;10;51049;19;;;51065;9;51067;8;;;51058.5;0.0
38;58500;ASH_COATED_OSMIUM;9986;10;9984;11;9981;13;10005;10;10008;15;10011;14;9996.0;0.0
38;58500;INTARIAN_PEPPER_ROOT;51049;12;51046;12;;;51061;9;51063;8;;;51055.5;0.0
38;58600;ASH_COATED_OSMIUM;9986;11;9983;12;;;10002;13;10005;13;;;9994.0;0.0
38;58600;INTARIAN_PEPPER_ROOT;51053;12;51050;16;51047;12;51068;25;51071;22;51072;10;51060.5;0.0
38;58700;ASH_COATED_OSMIUM;9986;15;9984;13;9982;14;10005;15;10008;10;10009;11;9995.5;0.0
38;58700;INTARIAN_PEPPER_ROOT;51053;25;51051;10;;;51066;9;51069;12;;;51059.5;0.0
38;58800;ASH_COATED_OSMIUM;9988;28;;;;;10004;27;;;;;9996.0;0.0
38;58800;INTARIAN_PEPPER_ROOT;51054;9;51052;12;51049;10;51067;9;51068;23;51070;10;51060.5;0.0
38;58900;ASH_COATED_OSMIUM;9993;10;;;;;10003;10;;;;;9998.0;0.0
38;58900;INTARIAN_PEPPER_ROOT;51054;10;51053;8;51051;12;51066;8;51067;4;51068;9;51060.5;0.0
38;59000;ASH_COATED_OSMIUM;9993;12;9990;14;;;10009;13;10012;28;;;10001.0;0.0
38;59000;INTARIAN_PEPPER_ROOT;51052;12;;;;;51064;8;;;;;51058.5;0.0
38;59100;ASH_COATED_OSMIUM;9995;15;9994;12;9993;11;10011;12;10013;15;10016;11;10003.0;0.0
38;59100;INTARIAN_PEPPER_ROOT;51054;12;51053;12;;;51067;11;51070;11;;;51060.5;0.0
38;59200;ASH_COATED_OSMIUM;9996;11;9994;27;9993;13;10006;13;10007;15;10009;14;10001.0;0.0
38;59200;INTARIAN_PEPPER_ROOT;51050;12;51048;8;51045;15;51063;12;51066;9;51069;9;51056.5;0.0
38;59300;ASH_COATED_OSMIUM;9998;15;9996;14;;;10004;12;10006;15;;;10001.5;0.0
38;59300;INTARIAN_PEPPER_ROOT;51050;12;;;;;51067;25;;;;;51059.0;0.0
38;59400;ASH_COATED_OSMIUM;9996;13;9995;14;;;10012;15;10013;14;;;10004.5;0.0
38;59400;INTARIAN_PEPPER_ROOT;51053;12;51050;9;;;51065;10;51066;9;;;51059.0;0.0
38;59500;ASH_COATED_OSMIUM;9993;10;;;;;10012;15;;;;;10002.5;0.0
38;59500;INTARIAN_PEPPER_ROOT;51054;11;51053;11;51051;12;51066;9;51069;12;51071;11;51060.5;0.0
38;59600;ASH_COATED_OSMIUM;9994;14;;;;;10004;11;;;;;9999.0;0.0
38;59600;INTARIAN_PEPPER_ROOT;51051;5;51048;11;;;51065;10;51068;11;;;51058.5;0.0
38;59700;ASH_COATED_OSMIUM;9991;14;9990;10;9988;9;10007;10;10009;14;10012;3;9999.0;0.0
38;59700;INTARIAN_PEPPER_ROOT;51055;9;;;;;51068;9;;;;;51062.0;0.0
38;59800;ASH_COATED_OSMIUM;9988;24;;;;;10004;15;;;;;9996.5;0.0
38;59800;INTARIAN_PEPPER_ROOT;51053;8;;;;;51067;9;;;;;51060.0;0.0
38;59900;ASH_COATED_OSMIUM;9983;14;9981;15;;;10001;28;10003;10;;;9992.0;0.0
38;59900;INTARIAN_PEPPER_ROOT;51052;12;;;;;51068;9;;;;;51060.0;0.0
38;60000;ASH_COATED_OSMIUM;9977;11;9975;12;9973;7;9995;10;9996;28;9998;23;9986.5;0.0
38;60000;INTARIAN_PEPPER_ROOT;51052;15;51049;10;;;51063;9;51066;9;;;51058.0;0.0
38;60100;ASH_COATED_OSMIUM;9985;14;9983;10;9980;13;10001;12;10003;25;10006;28;9993.5;0.0
38;60100;INTARIAN_PEPPER_ROOT;51053;8;51050;8;;;51069;10;51071;12;;;51061.0;0.0
38;60200;ASH_COATED_OSMIUM;9989;11;9987;12;;;10005;12;10006;26;;;9997.0;0.0
38;60200;INTARIAN_PEPPER_ROOT;51052;15;51050;10;;;51063;8;51064;11;;;51058.0;0.0
38;60300;ASH_COATED_OSMIUM;9990;12;9989;22;;;10006;12;10007;13;;;9998.0;0.0
38;60300;INTARIAN_PEPPER_ROOT;51056;10;51053;18;51051;11;51064;9;51066;12;51067;9;51060.5;0.0
38;60400;ASH_COATED_OSMIUM;9988;14;;;;;10004;24;;;;;9996.0;0.0
38;60400;INTARIAN_PEPPER_ROOT;51057;8;;;;;51069;12;;;;;51063.5;0.0
38;60500;ASH_COATED_OSMIUM;9990;27;9987;14;;;10006;13;10009;13;;;9998.5;0.0
38;60500;INTARIAN_PEPPER_ROOT;51053;10;51050;9;;;51066;10;51069;10;;;51059.5;0.0
38;60600;ASH_COATED_OSMIUM;9989;10;9986;30;;;10005;13;10008;14;;;9997.0;0.0
38;60600;INTARIAN_PEPPER_ROOT;51056;11;;;;;51068;8;;;;;51062.5;0.0
38;60700;ASH_COATED_OSMIUM;9985;13;9982;11;9981;10;10001;10;10003;15;10004;15;9993.5;0.0
38;60700;INTARIAN_PEPPER_ROOT;51058;11;;;;;51071;18;;;;;51065.0;0.0
38;60800;ASH_COATED_OSMIUM;9991;21;9988;22;;;10007;11;10009;11;;;9999.0;0.0
38;60800;INTARIAN_PEPPER_ROOT;51057;9;51055;12;;;51069;10;51071;9;;;51063.0;0.0
38;60900;ASH_COATED_OSMIUM;9997;13;;;;;10013;10;;;;;10005.0;0.0
38;60900;INTARIAN_PEPPER_ROOT;51055;20;51054;12;;;51068;21;51071;11;;;51062.0;0.0
38;61000;ASH_COATED_OSMIUM;9996;5;9994;12;;;10012;10;10014;11;;;10004.5;0.0
38;61000;INTARIAN_PEPPER_ROOT;51053;9;;;;;51064;11;;;;;51058.5;0.0
38;61100;ASH_COATED_OSMIUM;10001;13;10000;14;;;10017;15;10019;14;;;10009.0;0.0
38;61100;INTARIAN_PEPPER_ROOT;51052;19;51050;12;;;51065;21;51068;11;;;51059.0;0.0
38;61200;ASH_COATED_OSMIUM;10010;11;;;;;10020;14;;;;;10015.5;0.0
38;61200;INTARIAN_PEPPER_ROOT;51054;15;;;;;51065;10;;;;;51059.5;0.0
38;61300;ASH_COATED_OSMIUM;10000;29;9999;30;;;10016;12;10019;14;;;10008.5;0.0
38;61300;INTARIAN_PEPPER_ROOT;51055;11;;;;;51070;10;;;;;51063.0;0.0
38;61400;ASH_COATED_OSMIUM;9998;12;9996;14;9994;11;10014;13;10015;13;10018;14;10006.0;0.0
38;61400;INTARIAN_PEPPER_ROOT;51055;10;;;;;51068;10;;;;;51062.0;0.0
38;61500;ASH_COATED_OSMIUM;9998;24;9995;14;;;10014;12;10015;12;;;10006.0;0.0
38;61500;INTARIAN_PEPPER_ROOT;51055;25;51053;10;;;51069;12;51070;12;;;51062.0;0.0
38;61600;ASH_COATED_OSMIUM;10003;11;10002;11;;;10012;14;10013;13;;;10008.0;0.0
38;61600;INTARIAN_PEPPER_ROOT;51052;10;51049;8;;;51067;12;51068;8;;;51060.0;0.0
38;61700;ASH_COATED_OSMIUM;9992;13;;;;;10010;20;;;;;10001.0;0.0
38;61700;INTARIAN_PEPPER_ROOT;51061;12;51059;12;;;51063;8;51065;12;;;51062.0;0.0
38;61800;ASH_COATED_OSMIUM;9997;14;9995;15;9992;13;10013;15;10016;10;10017;12;10005.5;0.0
38;61800;INTARIAN_PEPPER_ROOT;51053;23;51051;8;;;51069;15;51072;25;;;51061.0;0.0
38;61900;ASH_COATED_OSMIUM;9997;22;;;;;10013;12;;;;;10005.0;0.0
38;61900;INTARIAN_PEPPER_ROOT;51055;9;51054;12;;;51068;12;51070;9;;;51062.0;0.0
38;62000;ASH_COATED_OSMIUM;9997;29;9994;12;9993;10;10013;13;10016;3;10017;12;10005.0;0.0
38;62000;INTARIAN_PEPPER_ROOT;51056;12;;;;;51067;8;;;;;51061.5;0.0
38;62100;ASH_COATED_OSMIUM;9996;13;9993;15;;;10007;28;10009;12;;;10001.5;0.0
38;62100;INTARIAN_PEPPER_ROOT;51054;10;;;;;51067;8;;;;;51061.0;0.0
38;62200;ASH_COATED_OSMIUM;9997;13;9995;12;;;10013;15;10016;13;;;10005.0;0.0
38;62200;INTARIAN_PEPPER_ROOT;51050;8;51047;9;;;51063;10;51065;15;;;51057.0;0.0
38;62300;ASH_COATED_OSMIUM;9994;30;9991;12;;;10010;13;10013;14;;;10002.5;0.0
38;62300;INTARIAN_PEPPER_ROOT;51051;10;51049;20;51047;12;51067;10;51069;9;51072;9;51059.0;0.0
38;62400;ASH_COATED_OSMIUM;10002;12;;;;;10020;13;;;;;10011.0;0.0
38;62400;INTARIAN_PEPPER_ROOT;51057;10;51056;8;;;51072;10;51074;20;;;51065.0;0.0
38;62500;ASH_COATED_OSMIUM;10003;12;10002;27;;;10019;12;10020;11;;;10011.0;0.0
38;62500;INTARIAN_PEPPER_ROOT;51055;12;51053;11;;;51066;9;51067;12;;;51061.0;0.0
38;62600;ASH_COATED_OSMIUM;10001;13;10000;12;;;10019;25;10021;13;;;10010.5;0.0
38;62600;INTARIAN_PEPPER_ROOT;51056;10;51054;9;;;51070;10;51071;11;;;51063.0;0.0
38;62700;ASH_COATED_OSMIUM;9994;15;9992;11;9989;12;10010;13;10013;11;10014;12;10002.0;0.0
38;62700;INTARIAN_PEPPER_ROOT;51053;10;;;;;51066;9;;;;;51060.0;0.0
38;62800;ASH_COATED_OSMIUM;9994;12;;;;;10010;13;;;;;10002.5;0.0
38;62800;INTARIAN_PEPPER_ROOT;51058;9;51055;19;51054;15;51069;12;51072;11;51075;9;51063.5;0.0
38;62900;ASH_COATED_OSMIUM;9996;11;9993;13;;;10012;14;10014;12;;;10004.0;0.0
38;62900;INTARIAN_PEPPER_ROOT;51056;8;51054;9;;;51068;8;51069;10;;;51062.5;0.0
38;63000;ASH_COATED_OSMIUM;9986;10;9985;12;;;10002;12;10003;12;;;9994.5;0.0
38;63000;INTARIAN_PEPPER_ROOT;51059;11;51056;10;51053;10;51071;12;51074;8;51075;10;51065.0;0.0
38;63100;ASH_COATED_OSMIUM;9988;11;9987;13;;;10004;13;10005;13;;;9996.0;0.0
38;63100;INTARIAN_PEPPER_ROOT;51059;9;51058;21;51056;10;51072;9;51073;8;51075;8;51065.5;0.0
38;63200;ASH_COATED_OSMIUM;9990;12;;;;;10006;11;;;;;9998.0;0.0
38;63200;INTARIAN_PEPPER_ROOT;51057;4;;;;;51070;8;;;;;51063.5;0.0
38;63300;ASH_COATED_OSMIUM;9990;29;9987;10;;;10008;12;10009;15;;;9999.0;0.0
38;63300;INTARIAN_PEPPER_ROOT;51058;12;;;;;51069;12;;;;;51064.0;0.0
38;63400;ASH_COATED_OSMIUM;9988;12;;;;;10004;14;;;;;9996.5;0.0
38;63400;INTARIAN_PEPPER_ROOT;51049;9;;;;;51065;4;;;;;51057.5;0.0
38;63500;ASH_COATED_OSMIUM;9984;12;9983;29;;;10002;29;10005;10;;;9993.0;0.0
38;63500;INTARIAN_PEPPER_ROOT;51056;10;51055;11;;;51069;9;51072;19;;;51063.0;0.0
38;63600;ASH_COATED_OSMIUM;9990;27;9987;15;;;10006;13;10007;25;;;9998.0;0.0
38;63600;INTARIAN_PEPPER_ROOT;51060;19;51059;25;51058;9;51073;11;51074;11;51077;9;51067.0;0.0
38;63700;ASH_COATED_OSMIUM;9991;14;;;;;10007;10;;;;;9999.5;0.0
