day;timestamp;product;bid_price_1;bid_volume_1;bid_price_2;bid_volume_2;bid_price_3;bid_volume_3;ask_price_1;ask_volume_1;ask_price_2;ask_volume_2;ask_price_3;ask_volume_3;mid_price;profit_and_loss
43;0;ASH_COATED_OSMIUM;9987;15;;;;;10003;11;;;;;9995.0;0.0
43;0;INTARIAN_PEPPER_ROOT;55992;8;55989;9;;;56004;10;56007;12;;;55998.5;0.0
43;100;ASH_COATED_OSMIUM;9988;10;9986;10;9983;10;10004;14;10006;15;10008;14;9996.5;0.0
43;100;INTARIAN_PEPPER_ROOT;55992;17;55991;12;55989;10;56004;24;56005;9;56006;8;55998.0;0.0
43;200;ASH_COATED_OSMIUM;9989;2;;;;;10005;13;;;;;9997.0;0.0
43;200;INTARIAN_PEPPER_ROOT;55991;10;55990;12;55988;10;56004;11;56007;10;56010;10;55997.5;0.0
43;300;ASH_COATED_OSMIUM;9983;10;9982;11;9979;14;9999;15;10002;13;10005;11;9991.0;0.0
43;300;INTARIAN_PEPPER_ROOT;55996;10;55993;10;;;56007;19;56010;18;;;56002.0;0.0
43;400;ASH_COATED_OSMIUM;9985;11;9984;14;;;10001;28;10004;15;;;9993.5;0.0
43;400;INTARIAN_PEPPER_ROOT;55992;9;;;;;56009;9;;;;;56000.5;0.0
43;500;ASH_COATED_OSMIUM;9986;13;9983;10;9982;13;10002;13;10005;13;10007;15;9994.5;0.0
43;500;INTARIAN_PEPPER_ROOT;55992;10;55989;9;55987;10;56006;3;56009;4;56012;9;55999.0;0.0
43;600;ASH_COATED_OSMIUM;9988;11;9987;10;9986;11;10006;12;10008;11;10011;13;9997.5;0.0
43;600;INTARIAN_PEPPER_ROOT;55994;8;;;;;56006;19;;;;;56000.5;0.0
43;700;ASH_COATED_OSMIUM;9985;23;9984;30;;;10003;15;10004;15;;;9994.5;0.0
43;700;INTARIAN_PEPPER_ROOT;55993;11;;;;;56005;18;;;;;55999.5;0.0
43;800;ASH_COATED_OSMIUM;9986;14;9985;15;9982;12;10005;29;10008;11;10010;11;9996.0;0.0
43;800;INTARIAN_PEPPER_ROOT;55994;11;55991;8;;;56010;25;56011;11;;;56002.0;0.0
43;900;ASH_COATED_OSMIUM;9985;20;;;;;10001;12;;;;;9993.5;0.0
43;900;INTARIAN_PEPPER_ROOT;55996;8;55994;12;55993;10;56008;23;56011;12;56013;9;56002.0;0.0
43;1000;ASH_COATED_OSMIUM;9990;13;;;;;10006;12;;;;;9998.0;0.0
43;1000;INTARIAN_PEPPER_ROOT;55997;11;;;;;56008;12;;;;;56002.5;0.0
43;1100;ASH_COATED_OSMIUM;9986;13;9983;14;;;10002;4;10005;14;;;9994.5;0.0
43;1100;INTARIAN_PEPPER_ROOT;55995;9;55994;15;;;56008;10;56010;18;;;56002.0;0.0
43;1200;ASH_COATED_OSMIUM;9985;12;9984;13;9982;26;10001;30;10003;29;10006;11;9993.5;0.0
43;1200;INTARIAN_PEPPER_ROOT;55993;9;55992;11;55990;8;56009;21;56011;8;56013;10;56001.0;0.0
43;1300;ASH_COATED_OSMIUM;9979;11;;;;;9995;24;;;;;9987.5;0.0
43;1300;INTARIAN_PEPPER_ROOT;55993;12;55991;3;;;56008;11;56010;12;;;56001.0;0.0
43;1400;ASH_COATED_OSMIUM;9977;5;9975;22;;;9993;11;9995;13;;;9985.5;0.0
43;1400;INTARIAN_PEPPER_ROOT;56002;10;56001;11;;;56005;9;56006;10;;;56004.0;0.0
43;1500;ASH_COATED_OSMIUM;9984;12;9983;22;9981;10;10000;10;10002;11;10004;12;9992.0;0.0
43;1500;INTARIAN_PEPPER_ROOT;55992;7;55990;12;55987;12;56004;12;56007;8;56009;11;55998.0;0.0
43;1600;ASH_COATED_OSMIUM;9986;26;;;;;10005;15;;;;;9995.5;0.0
43;1600;INTARIAN_PEPPER_ROOT;55995;8;;;;;56007;10;;;;;56001.0;0.0
43;1700;ASH_COATED_OSMIUM;9985;10;;;;;10003;10;;;;;9994.5;0.0
43;1700;INTARIAN_PEPPER_ROOT;55993;11;55992;11;55990;12;56010;11;56011;9;56013;8;56001.5;0.0
43;1800;ASH_COATED_OSMIUM;9989;12;9987;24;;;10007;21;10010;15;;;9998.5;0.0
43;1800;INTARIAN_PEPPER_ROOT;55991;15;;;;;56005;18;;;;;55998.5;0.0
43;1900;ASH_COATED_OSMIUM;9993;24;9991;12;9990;21;10012;15;10013;13;10016;13;10003.0;0.0
43;1900;INTARIAN_PEPPER_ROOT;55996;12;;;;;56008;10;;;;;56002.0;0.0
43;2000;ASH_COATED_OSMIUM;9989;15;;;;;10007;10;;;;;9998.5;0.0
43;2000;INTARIAN_PEPPER_ROOT;55997;8;55996;9;;;56009;11;56012;12;;;56003.0;0.0
43;2100;ASH_COATED_OSMIUM;9998;10;9996;13;9995;14;10007;26;10009;11;10012;14;10003.0;0.0
43;2100;INTARIAN_PEPPER_ROOT;55995;8;55992;22;;;56007;9;56010;9;;;56001.0;0.0
43;2200;ASH_COATED_OSMIUM;9989;13;;;;;10007;12;;;;;9998.0;0.0
43;2200;INTARIAN_PEPPER_ROOT;55990;11;55989;12;;;56002;10;56005;12;;;55996.5;0.0
43;2300;ASH_COATED_OSMIUM;9995;12;9993;20;;;10011;10;10013;10;;;10003.0;0.0
43;2300;INTARIAN_PEPPER_ROOT;55996;10;55994;12;;;56010;9;56012;12;;;56003.5;0.0
43;2400;ASH_COATED_OSMIUM;9995;12;9994;10;;;10013;12;10016;11;;;10004.0;0.0
43;2400;INTARIAN_PEPPER_ROOT;55994;11;;;;;56008;11;;;;;56001.5;0.0
43;2500;ASH_COATED_OSMIUM;10000;23;9998;2;;;10016;11;10018;15;;;10008.0;0.0
43;2500;INTARIAN_PEPPER_ROOT;55997;9;55996;11;;;56010;12;56012;7;;;56003.5;0.0
43;2600;ASH_COATED_OSMIUM;10002;10;;;;;10008;21;;;;;10005.5;0.0
43;2600;INTARIAN_PEPPER_ROOT;55996;23;55993;10;;;56010;12;56012;9;;;56003.0;0.0
43;2700;ASH_COATED_OSMIUM;10001;11;10000;27;;;10010;13;10011;14;;;10006.0;0.0
43;2700;INTARIAN_PEPPER_ROOT;55997;8;55995;12;;;56011;19;56012;9;;;56004.5;0.0
43;2800;ASH_COATED_OSMIUM;9994;11;9991;14;;;10012;15;10015;14;;;10003.0;0.0
43;2800;INTARIAN_PEPPER_ROOT;55996;8;;;;;56010;16;;;;;56003.0;0.0
43;2900;ASH_COATED_OSMIUM;9999;29;9996;15;;;10015;13;10017;10;;;10007.0;0.0
43;2900;INTARIAN_PEPPER_ROOT;55999;17;55998;11;;;56012;23;56014;10;;;56006.0;0.0
43;3000;ASH_COATED_OSMIUM;9996;12;;;;;10012;13;;;;;10004.0;0.0
43;3000;INTARIAN_PEPPER_ROOT;55993;8;55990;10;55989;12;56010;10;56011;8;56012;10;56001.5;0.0
43;3100;ASH_COATED_OSMIUM;9993;10;9990;14;;;10011;20;10012;14;;;10002.5;0.0
43;3100;INTARIAN_PEPPER_ROOT;55998;8;55997;12;;;56010;8;56013;11;;;56004.5;0.0
43;3200;ASH_COATED_OSMIUM;9992;13;9991;20;;;10008;11;10009;11;;;10000.0;0.0
43;3200;INTARIAN_PEPPER_ROOT;55992;12;55989;9;;;56009;8;56010;11;;;56000.5;0.0
43;3300;ASH_COATED_OSMIUM;9989;26;;;;;10005;12;;;;;9997.0;0.0
43;3300;INTARIAN_PEPPER_ROOT;55992;10;55990;10;;;56004;8;56005;8;;;55998.0;0.0
43;3400;ASH_COATED_OSMIUM;9984;13;;;;;10003;13;;;;;9994.0;0.0
43;3400;INTARIAN_PEPPER_ROOT;55998;11;;;;;56011;12;;;;;56004.5;0.0
43;3500;ASH_COATED_OSMIUM;9994;10;;;;;10010;13;;;;;10002.5;0.0
43;3500;INTARIAN_PEPPER_ROOT;55995;15;;;;;56008;22;;;;;56002.0;0.0
43;3600;ASH_COATED_OSMIUM;9992;11;;;;;10008;11;;;;;10000.5;0.0
43;3600;INTARIAN_PEPPER_ROOT;55999;11;55998;8;;;56010;20;56012;18;;;56004.5;0.0
43;3700;ASH_COATED_OSMIUM;10000;30;9999;11;;;10010;13;10011;10;;;10005.0;0.0
43;3700;INTARIAN_PEPPER_ROOT;55998;9;55997;11;;;56015;9;56016;12;;;56007.0;0.0
43;3800;ASH_COATED_OSMIUM;10003;10;10000;14;;;10019;15;10022;29;;;10011.0;0.0
43;3800;INTARIAN_PEPPER_ROOT;56001;10;55998;8;;;56015;10;56018;11;;;56008.0;0.0
43;3900;ASH_COATED_OSMIUM;9999;4;9997;14;;;10015;14;10016;10;;;10007.5;0.0
43;3900;INTARIAN_PEPPER_ROOT;55998;9;;;;;56011;9;;;;;56005.0;0.0
43;4000;ASH_COATED_OSMIUM;9990;14;9987;11;;;10006;13;10007;12;;;9998.5;0.0
43;4000;INTARIAN_PEPPER_ROOT;55999;19;;;;;56016;10;;;;;56008.0;0.0
43;4100;ASH_COATED_OSMIUM;9996;12;9995;15;9992;10;10012;13;10015;12;10016;15;10004.0;0.0
43;4100;INTARIAN_PEPPER_ROOT;56002;10;56001;12;;;56014;12;56016;12;;;56008.5;0.0
43;4200;ASH_COATED_OSMIUM;9998;14;;;;;10014;14;;;;;10006.5;0.0
43;4200;INTARIAN_PEPPER_ROOT;55999;12;55998;9;55995;12;56011;9;56012;10;56014;9;56005.0;0.0
43;4300;ASH_COATED_OSMIUM;9998;13;9995;4;9993;14;10017;14;10020;15;10021;11;10007.5;0.0
43;4300;INTARIAN_PEPPER_ROOT;56000;17;55998;21;;;56012;11;56014;23;;;56006.0;0.0
43;4400;ASH_COATED_OSMIUM;9998;10;9996;15;;;10014;13;10017;12;;;10006.5;0.0
43;4400;INTARIAN_PEPPER_ROOT;56000;10;55999;12;55997;20;56013;20;56014;8;56015;12;56006.5;0.0
43;4500;ASH_COATED_OSMIUM;9994;14;;;;;10012;26;;;;;10003.0;0.0
43;4500;INTARIAN_PEPPER_ROOT;55996;9;55994;8;;;56008;3;56010;9;;;56002.0;0.0
43;4600;ASH_COATED_OSMIUM;9992;13;9990;12;;;10013;14;10014;11;;;10003.0;0.0
43;4600;INTARIAN_PEPPER_ROOT;55997;8;55996;9;;;56013;10;56014;11;;;56005.5;0.0
43;4700;ASH_COATED_OSMIUM;9993;12;;;;;10009;10;;;;;10001.0;0.0
43;4700;INTARIAN_PEPPER_ROOT;55997;9;;;;;56009;12;;;;;56003.5;0.0
43;4800;ASH_COATED_OSMIUM;9992;15;9989;10;;;10013;26;10016;12;;;10002.5;0.0
43;4800;INTARIAN_PEPPER_ROOT;56004;9;;;;;56006;8;;;;;56005.0;0.0
43;4900;ASH_COATED_OSMIUM;9987;14;9986;14;9984;14;10003;24;10004;29;10007;14;9995.5;0.0
43;4900;INTARIAN_PEPPER_ROOT;56001;10;55999;8;;;56012;10;56013;10;;;56006.5;0.0
43;5000;ASH_COATED_OSMIUM;9991;8;9988;11;;;10007;14;10010;20;;;9999.5;0.0
43;5000;INTARIAN_PEPPER_ROOT;56000;10;;;;;56012;11;;;;;56006.0;0.0
43;5100;ASH_COATED_OSMIUM;9992;10;9989;13;9987;29;10008;12;10011;25;10012;12;10000.0;0.0
43;5100;INTARIAN_PEPPER_ROOT;55999;9;55996;12;;;56011;8;56014;9;;;56005.5;0.0
43;5200;ASH_COATED_OSMIUM;9992;10;;;;;10008;15;;;;;10000.5;0.0
43;5200;INTARIAN_PEPPER_ROOT;56001;12;56000;11;;;56014;25;56017;9;;;56008.0;0.0
43;5300;ASH_COATED_OSMIUM;9994;12;9992;11;9990;12;10001;10;10004;13;10007;14;9998.0;0.0
43;5300;INTARIAN_PEPPER_ROOT;55994;11;55992;12;;;56013;9;56014;10;;;56003.5;0.0
43;5400;ASH_COATED_OSMIUM;9987;10;;;;;10003;26;;;;;9995.5;0.0
43;5400;INTARIAN_PEPPER_ROOT;56002;10;56001;11;;;56018;11;56021;12;;;56010.5;0.0
43;5500;ASH_COATED_OSMIUM;9993;14;;;;;10009;21;;;;;10001.0;0.0
43;5500;INTARIAN_PEPPER_ROOT;56001;16;55999;8;;;56012;21;56014;9;;;56006.5;0.0
43;5600;ASH_COATED_OSMIUM;9985;22;;;;;10001;4;;;;;9993.5;0.0
43;5600;INTARIAN_PEPPER_ROOT;56000;17;55999;11;55996;11;56011;11;56013;11;56016;9;56005.5;0.0
43;5700;ASH_COATED_OSMIUM;9984;11;;;;;10000;15;;;;;9992.0;0.0
43;5700;INTARIAN_PEPPER_ROOT;56000;12;55999;25;55997;11;56017;7;56020;8;56022;8;56008.5;0.0
43;5800;ASH_COATED_OSMIUM;9985;10;9982;12;;;10001;13;10004;11;;;9993.5;0.0
43;5800;INTARIAN_PEPPER_ROOT;56000;9;55998;11;;;56014;11;56015;10;;;56007.0;0.0
43;5900;ASH_COATED_OSMIUM;9986;11;;;;;10002;15;;;;;9994.0;0.0
43;5900;INTARIAN_PEPPER_ROOT;56003;17;56001;10;56000;11;56017;8;56020;10;56022;8;56010.5;0.0
43;6000;ASH_COATED_OSMIUM;9988;15;9985;14;;;10007;10;10009;15;;;9997.5;0.0
43;6000;INTARIAN_PEPPER_ROOT;55995;9;55993;22;;;56014;11;56017;10;;;56004.5;0.0
43;6100;ASH_COATED_OSMIUM;9987;12;9984;14;;;10005;14;10007;13;;;9996.0;0.0
43;6100;INTARIAN_PEPPER_ROOT;56001;8;;;;;56014;22;;;;;56007.5;0.0
43;6200;ASH_COATED_OSMIUM;9990;12;9988;12;9986;10;10006;11;10007;11;10009;12;9998.5;0.0
43;6200;INTARIAN_PEPPER_ROOT;55998;10;55995;12;;;56010;8;56012;9;;;56004.5;0.0
43;6300;ASH_COATED_OSMIUM;9997;14;;;;;10013;11;;;;;10005.5;0.0
43;6300;INTARIAN_PEPPER_ROOT;56000;12;55998;8;;;56013;10;56015;11;;;56006.5;0.0
43;6400;ASH_COATED_OSMIUM;9997;14;;;;;10013;14;;;;;10005.5;0.0
43;6400;INTARIAN_PEPPER_ROOT;56000;11;;;;;56014;11;;;;;56007.0;0.0
43;6500;ASH_COATED_OSMIUM;9997;11;9995;10;;;10013;11;10014;11;;;10005.5;0.0
43;6500;INTARIAN_PEPPER_ROOT;55997;9;55996;10;55995;10;56009;9;56012;8;56014;10;56003.5;0.0
43;6600;ASH_COATED_OSMIUM;9993;12;9990;4;;;10009;30;10012;13;;;10001.5;0.0
43;6600;INTARIAN_PEPPER_ROOT;55996;8;55994;10;55992;8;56007;11;56008;11;56011;9;56001.5;0.0
43;6700;ASH_COATED_OSMIUM;9991;14;9988;25;9987;11;10012;11;10014;13;10015;12;10001.5;0.0
43;6700;INTARIAN_PEPPER_ROOT;56003;11;;;;;56016;11;;;;;56009.5;0.0
43;6800;ASH_COATED_OSMIUM;9996;10;9993;14;;;10014;10;10015;11;;;10005.0;0.0
43;6800;INTARIAN_PEPPER_ROOT;56005;12;56003;21;;;56017;21;56018;9;;;56011.0;0.0
43;6900;ASH_COATED_OSMIUM;9995;12;;;;;10011;29;;;;;10003.0;0.0
43;6900;INTARIAN_PEPPER_ROOT;56001;11;55998;8;;;56014;9;56015;4;;;56008.0;0.0
43;7000;ASH_COATED_OSMIUM;10003;10;10002;10;9999;10;10019;12;10021;13;10023;11;10011.0;0.0
43;7000;INTARIAN_PEPPER_ROOT;55998;8;;;;;56011;9;;;;;56005.0;0.0
43;7100;ASH_COATED_OSMIUM;9993;11;;;;;10009;11;;;;;10001.0;0.0
43;7100;INTARIAN_PEPPER_ROOT;55997;12;;;;;56012;8;;;;;56005.0;0.0
43;7200;ASH_COATED_OSMIUM;9994;10;;;;;10010;15;;;;;10002.0;0.0
43;7200;INTARIAN_PEPPER_ROOT;56002;10;56000;8;;;56017;11;56020;11;;;56009.5;0.0
43;7300;ASH_COATED_OSMIUM;9991;15;9988;14;;;10007;13;10010;15;;;9999.5;0.0
43;7300;INTARIAN_PEPPER_ROOT;56000;12;55999;12;;;56015;10;56017;10;;;56008.0;0.0
43;7400;ASH_COATED_OSMIUM;9993;15;9992;14;;;10011;24;10013;24;;;10002.0;0.0
43;7400;INTARIAN_PEPPER_ROOT;55999;22;;;;;56011;12;;;;;56005.5;0.0
43;7500;ASH_COATED_OSMIUM;9998;14;9995;10;;;10009;15;10010;11;;;10003.5;0.0
43;7500;INTARIAN_PEPPER_ROOT;56000;6;;;;;56013;11;;;;;56007.0;0.0
43;7600;ASH_COATED_OSMIUM;9994;14;;;;;10010;13;;;;;10002.0;0.0
43;7600;INTARIAN_PEPPER_ROOT;56003;12;56000;12;;;56016;9;56017;10;;;56009.5;0.0
43;7700;ASH_COATED_OSMIUM;9999;30;9996;27;9995;27;10015;12;10017;11;10019;12;10007.5;0.0
43;7700;INTARIAN_PEPPER_ROOT;56003;9;56002;12;56001;10;56014;11;56017;9;56018;11;56009.0;0.0
43;7800;ASH_COATED_OSMIUM;9998;3;9995;11;9993;24;10014;7;10017;11;10019;14;10006.0;0.0
43;7800;INTARIAN_PEPPER_ROOT;56000;9;55998;8;;;56016;8;56019;12;;;56008.5;0.0
43;7900;ASH_COATED_OSMIUM;9997;23;9994;10;9992;12;10013;15;10016;15;10017;13;10005.0;0.0
43;7900;INTARIAN_PEPPER_ROOT;56002;11;56001;10;;;56017;10;56019;18;;;56009.5;0.0
43;8000;ASH_COATED_OSMIUM;9999;10;9996;25;;;10015;12;10018;4;;;10007.0;0.0
43;8000;INTARIAN_PEPPER_ROOT;55998;10;55995;10;;;56013;24;56015;9;;;56006.0;0.0
43;8100;ASH_COATED_OSMIUM;9993;23;;;;;10009;11;;;;;10001.0;0.0
43;8100;INTARIAN_PEPPER_ROOT;56002;19;55999;8;;;56016;19;56018;11;;;56009.0;0.0
43;8200;ASH_COATED_OSMIUM;9989;14;9988;10;;;10007;12;10010;13;;;9998.0;0.0
43;8200;INTARIAN_PEPPER_ROOT;56009;18;56008;11;;;56011;8;56014;11;;;56010.0;0.0
43;8300;ASH_COATED_OSMIUM;9990;13;;;;;10008;12;;;;;9999.5;0.0
43;8300;INTARIAN_PEPPER_ROOT;56006;9;56005;11;56003;5;56018;12;56019;9;56022;15;56012.5;0.0
43;8400;ASH_COATED_OSMIUM;9996;26;;;;;10014;15;;;;;10005.0;0.0
43;8400;INTARIAN_PEPPER_ROOT;56001;9;55998;8;;;56015;10;56017;9;;;56008.5;0.0
43;8500;ASH_COATED_OSMIUM;9997;15;9994;2;9993;24;10013;12;10014;14;10017;11;10005.0;0.0
43;8500;INTARIAN_PEPPER_ROOT;56001;8;55998;24;;;56013;8;56015;10;;;56007.5;0.0
43;8600;ASH_COATED_OSMIUM;9995;15;9994;10;;;10011;7;10012;29;;;10003.0;0.0
43;8600;INTARIAN_PEPPER_ROOT;56005;10;56003;10;56000;12;56017;24;56020;10;56023;11;56011.0;0.0
43;8700;ASH_COATED_OSMIUM;10004;13;10001;11;;;10009;11;10012;20;;;10006.5;0.0
43;8700;INTARIAN_PEPPER_ROOT;56005;12;56003;11;;;56018;8;56019;12;;;56012.0;0.0
43;8800;ASH_COATED_OSMIUM;9993;11;;;;;10009;11;;;;;10001.0;0.0
43;8800;INTARIAN_PEPPER_ROOT;55997;25;;;;;56010;24;;;;;56004.0;0.0
43;8900;ASH_COATED_OSMIUM;9996;10;9994;21;;;10012;11;10015;5;;;10004.0;0.0
43;8900;INTARIAN_PEPPER_ROOT;56006;12;56003;20;;;56021;8;56023;24;;;56013.5;0.0
43;9000;ASH_COATED_OSMIUM;9994;13;9991;12;;;10010;29;10011;21;;;10002.0;0.0
43;9000;INTARIAN_PEPPER_ROOT;56003;24;56002;9;;;56015;8;56017;11;;;56009.0;0.0
43;9100;ASH_COATED_OSMIUM;9990;20;;;;;10008;13;;;;;9999.5;0.0
43;9100;INTARIAN_PEPPER_ROOT;56005;12;;;;;56017;16;;;;;56011.5;0.0
43;9200;ASH_COATED_OSMIUM;9987;11;9985;12;9983;11;10003;15;10005;23;10006;10;9995.5;0.0
43;9200;INTARIAN_PEPPER_ROOT;56005;9;56002;10;56001;8;56019;23;56020;12;56021;11;56012.0;0.0
43;9300;ASH_COATED_OSMIUM;9995;14;9994;23;;;10011;11;10012;24;;;10003.0;0.0
43;9300;INTARIAN_PEPPER_ROOT;56002;10;55999;23;55998;10;56015;12;56018;12;56020;12;56008.5;0.0
43;9400;ASH_COATED_OSMIUM;9997;11;9995;14;;;10013;15;10015;11;;;10005.0;0.0
43;9400;INTARIAN_PEPPER_ROOT;56004;3;56003;12;;;56019;8;56022;9;;;56012.0;0.0
43;9500;ASH_COATED_OSMIUM;9992;12;9989;14;;;10008;11;10010;11;;;10000.5;0.0
43;9500;INTARIAN_PEPPER_ROOT;56002;9;56000;9;;;56015;12;56017;8;;;56009.0;0.0
43;9600;ASH_COATED_OSMIUM;9996;15;9994;20;9992;4;10014;12;10017;13;10020;29;10005.0;0.0
43;9600;INTARIAN_PEPPER_ROOT;56003;10;56000;10;;;56016;12;56018;12;;;56009.5;0.0
43;9700;ASH_COATED_OSMIUM;9993;12;9990;14;;;10004;10;10007;15;;;9999.0;0.0
43;9700;INTARIAN_PEPPER_ROOT;55999;10;55998;10;;;56013;9;56015;9;;;56006.5;0.0
43;9800;ASH_COATED_OSMIUM;9987;12;9986;12;;;10005;14;10008;10;;;9996.5;0.0
43;9800;INTARIAN_PEPPER_ROOT;56002;24;55999;9;55997;12;56018;10;56019;11;56021;11;56010.0;0.0
43;9900;ASH_COATED_OSMIUM;9995;5;9992;11;9990;10;10011;12;10013;10;10015;11;10003.0;0.0
43;9900;INTARIAN_PEPPER_ROOT;56003;9;56002;11;;;56015;8;56016;10;;;56009.5;0.0
43;10000;ASH_COATED_OSMIUM;9994;15;9991;13;9990;30;10010;12;10011;5;10012;12;10002.5;0.0
43;10000;INTARIAN_PEPPER_ROOT;56002;10;56001;11;;;56015;10;56016;12;;;56009.0;0.0
43;10100;ASH_COATED_OSMIUM;9995;14;9992;15;9990;13;10005;11;10008;12;10010;30;10000.0;0.0
43;10100;INTARIAN_PEPPER_ROOT;56004;15;56002;20;56001;9;56022;19;56023;19;56026;9;56013.5;0.0
43;10200;ASH_COATED_OSMIUM;9995;13;9993;29;;;10011;10;10013;15;;;10003.0;0.0
43;10200;INTARIAN_PEPPER_ROOT;56007;12;;;;;56009;12;;;;;56008.0;0.0
43;10300;ASH_COATED_OSMIUM;9998;12;9995;28;;;10014;2;10017;14;;;10006.5;0.0
43;10300;INTARIAN_PEPPER_ROOT;56001;10;55998;4;;;56017;8;56018;12;;;56009.5;0.0
43;10400;ASH_COATED_OSMIUM;10003;14;10000;15;9997;14;10019;12;10022;11;10023;15;10011.0;0.0
43;10400;INTARIAN_PEPPER_ROOT;56002;10;56001;12;55999;8;56015;17;56018;10;56019;9;56009.0;0.0
43;10500;ASH_COATED_OSMIUM;10007;10;10005;15;;;10026;13;10029;11;;;10016.5;0.0
43;10500;INTARIAN_PEPPER_ROOT;56005;12;;;;;56017;9;;;;;56011.0;0.0
43;10600;ASH_COATED_OSMIUM;9999;14;9996;12;;;10018;13;10021;12;;;10008.5;0.0
43;10600;INTARIAN_PEPPER_ROOT;56006;10;56005;23;;;56018;12;56020;10;;;56012.0;0.0
43;10700;ASH_COATED_OSMIUM;10000;12;;;;;10018;12;;;;;10009.5;0.0
43;10700;INTARIAN_PEPPER_ROOT;56002;8;;;;;56016;9;;;;;56009.0;0.0
43;10800;ASH_COATED_OSMIUM;9996;15;9994;15;;;10015;11;10016;14;;;10006.0;0.0
43;10800;INTARIAN_PEPPER_ROOT;56004;9;56002;10;;;56021;9;56024;11;;;56012.5;0.0
43;10900;ASH_COATED_OSMIUM;9995;20;9992;26;9990;15;10013;13;10016;10;10018;14;10004.5;0.0
43;10900;INTARIAN_PEPPER_ROOT;56005;11;56002;10;;;56019;3;56021;12;;;56012.5;0.0
43;11000;ASH_COATED_OSMIUM;9989;11;9986;10;9985;24;10008;10;10009;13;10012;14;9999.0;0.0
43;11000;INTARIAN_PEPPER_ROOT;56003;25;56000;10;55997;10;56019;8;56022;7;56023;11;56011.5;0.0
43;11100;ASH_COATED_OSMIUM;9997;15;9994;10;9991;12;10015;15;10016;24;10017;10;10006.0;0.0
43;11100;INTARIAN_PEPPER_ROOT;56006;8;56003;21;;;56019;9;56022;12;;;56012.5;0.0
43;11200;ASH_COATED_OSMIUM;9996;27;9994;11;;;10014;22;10016;10;;;10005.5;0.0
43;11200;INTARIAN_PEPPER_ROOT;56001;8;55998;12;55997;9;56020;12;56023;11;56025;9;56010.5;0.0
43;11300;ASH_COATED_OSMIUM;9999;23;9997;12;;;10018;11;10021;26;;;10009.0;0.0
43;11300;INTARIAN_PEPPER_ROOT;56005;10;56002;10;;;56018;11;56020;18;;;56012.0;0.0
43;11400;ASH_COATED_OSMIUM;9996;21;9995;11;9994;13;10008;15;10010;14;10012;13;10002.5;0.0
43;11400;INTARIAN_PEPPER_ROOT;56005;8;56002;8;;;56019;11;56021;9;;;56012.5;0.0
43;11500;ASH_COATED_OSMIUM;9993;11;9990;15;;;10003;13;10005;14;;;9998.0;0.0
43;11500;INTARIAN_PEPPER_ROOT;56002;8;56000;12;;;56015;17;56018;11;;;56009.0;0.0
43;11600;ASH_COATED_OSMIUM;9986;13;;;;;10002;11;;;;;9994.5;0.0
43;11600;INTARIAN_PEPPER_ROOT;56003;25;56001;9;55998;23;56017;9;56018;9;56020;8;56010.5;0.0
43;11700;ASH_COATED_OSMIUM;9994;15;;;;;10010;14;;;;;10002.0;0.0
43;11700;INTARIAN_PEPPER_ROOT;56005;12;56002;25;;;56019;11;56020;11;;;56012.0;0.0
43;11800;ASH_COATED_OSMIUM;9992;15;;;;;10008;15;;;;;10000.0;0.0
43;11800;INTARIAN_PEPPER_ROOT;56004;8;56002;11;55999;11;56019;11;56021;17;56024;11;56011.5;0.0
43;11900;ASH_COATED_OSMIUM;9993;10;9992;12;9991;11;10009;12;10012;11;10015;14;10001.5;0.0
43;11900;INTARIAN_PEPPER_ROOT;56003;20;;;;;56018;19;;;;;56010.5;0.0
43;12000;ASH_COATED_OSMIUM;9990;30;9989;14;;;10006;12;10008;21;;;9998.0;0.0
43;12000;INTARIAN_PEPPER_ROOT;56005;16;56003;10;;;56017;22;56018;11;;;56011.5;0.0
43;12100;ASH_COATED_OSMIUM;9989;10;9986;11;9983;29;10005;24;10007;14;10009;11;9997.0;0.0
43;12100;INTARIAN_PEPPER_ROOT;56010;8;56008;11;;;56021;11;56024;12;;;56015.5;0.0
43;12200;ASH_COATED_OSMIUM;9985;13;9982;14;9979;15;10004;10;10007;10;10008;11;9995.0;0.0
43;12200;INTARIAN_PEPPER_ROOT;56005;17;;;;;56020;19;;;;;56013.0;0.0
43;12300;ASH_COATED_OSMIUM;9983;14;9982;12;;;10001;15;10004;13;;;9992.5;0.0
43;12300;INTARIAN_PEPPER_ROOT;56004;11;56001;11;;;56018;8;56019;11;;;56011.0;0.0
43;12400;ASH_COATED_OSMIUM;9995;15;9994;15;;;10005;14;10008;14;;;10000.5;0.0
43;12400;INTARIAN_PEPPER_ROOT;56003;12;;;;;56020;12;;;;;56011.5;0.0
43;12500;ASH_COATED_OSMIUM;10002;11;;;;;10010;14;;;;;10006.5;0.0
43;12500;INTARIAN_PEPPER_ROOT;56002;11;56001;9;;;56019;23;56020;8;;;56010.5;0.0
43;12600;ASH_COATED_OSMIUM;9998;10;9996;29;;;10014;13;10017;30;;;10006.0;0.0
43;12600;INTARIAN_PEPPER_ROOT;56006;8;56003;20;;;56018;19;56020;25;;;56012.5;0.0
43;12700;ASH_COATED_OSMIUM;9998;14;;;;;10014;14;;;;;10006.0;0.0
43;12700;INTARIAN_PEPPER_ROOT;56005;17;56002;9;55999;12;56017;8;56018;10;56019;8;56011.5;0.0
43;12800;ASH_COATED_OSMIUM;9996;10;9995;14;;;10012;14;10015;10;;;10004.5;0.0
43;12800;INTARIAN_PEPPER_ROOT;56004;11;;;;;56018;11;;;;;56011.0;0.0
43;12900;ASH_COATED_OSMIUM;9998;14;9996;15;;;10014;14;10016;11;;;10006.5;0.0
43;12900;INTARIAN_PEPPER_ROOT;56004;8;;;;;56022;11;;;;;56013.0;0.0
43;13000;ASH_COATED_OSMIUM;9991;12;;;;;10007;14;;;;;9999.5;0.0
43;13000;INTARIAN_PEPPER_ROOT;56006;10;;;;;56019;12;;;;;56012.5;0.0
43;13100;ASH_COATED_OSMIUM;9986;30;9983;14;;;10002;10;10003;30;;;9994.5;0.0
43;13100;INTARIAN_PEPPER_ROOT;56002;8;55999;12;55998;8;56022;9;56024;8;56025;9;56012.5;0.0
43;13200;ASH_COATED_OSMIUM;9995;15;9993;11;;;10004;10;10007;11;;;9999.5;0.0
43;13200;INTARIAN_PEPPER_ROOT;56009;12;56008;9;56006;8;56024;19;56026;9;56029;11;56016.5;0.0
43;13300;ASH_COATED_OSMIUM;9995;14;;;;;10011;15;;;;;10003.5;0.0
43;13300;INTARIAN_PEPPER_ROOT;56007;9;;;;;56018;21;;;;;56013.0;0.0
43;13400;ASH_COATED_OSMIUM;9993;10;9991;14;9989;14;10009;10;10012;11;10015;24;10001.5;0.0
43;13400;INTARIAN_PEPPER_ROOT;56005;10;56002;9;56001;8;56017;9;56019;25;56022;11;56011.5;0.0
43;13500;ASH_COATED_OSMIUM;9999;29;;;;;10009;10;;;;;10004.0;0.0
43;13500;INTARIAN_PEPPER_ROOT;56009;8;56006;12;;;56024;10;56027;11;;;56017.0;0.0
43;13600;ASH_COATED_OSMIUM;9993;10;;;;;10009;14;;;;;10001.0;0.0
43;13600;INTARIAN_PEPPER_ROOT;56004;10;56003;8;;;56017;10;56020;10;;;56011.0;0.0
43;13700;ASH_COATED_OSMIUM;9989;13;9987;28;9985;12;10005;4;10006;14;10007;14;9997.0;0.0
43;13700;INTARIAN_PEPPER_ROOT;56005;8;56002;10;;;56019;9;56022;11;;;56012.5;0.0
43;13800;ASH_COATED_OSMIUM;9984;10;;;;;10003;11;;;;;9994.0;0.0
43;13800;INTARIAN_PEPPER_ROOT;56009;9;56008;11;;;56022;10;56023;9;;;56016.0;0.0
43;13900;ASH_COATED_OSMIUM;9981;12;9979;12;;;9999;24;10000;14;;;9990.0;0.0
43;13900;INTARIAN_PEPPER_ROOT;56007;12;56004;11;;;56019;12;56022;9;;;56013.0;0.0
43;14000;ASH_COATED_OSMIUM;9981;14;;;;;9997;10;;;;;9989.0;0.0
43;14000;INTARIAN_PEPPER_ROOT;56008;10;;;;;56021;8;;;;;56015.0;0.0
43;14100;ASH_COATED_OSMIUM;9984;28;9983;24;9981;11;10005;13;10008;15;10009;13;9995.0;0.0
43;14100;INTARIAN_PEPPER_ROOT;56015;11;;;;;56018;12;;;;;56017.0;0.0
43;14200;ASH_COATED_OSMIUM;9987;8;9986;11;9983;23;10005;13;10006;14;10009;24;9996.0;0.0
43;14200;INTARIAN_PEPPER_ROOT;56004;19;56003;15;56000;9;56021;10;56022;8;56024;9;56012.5;0.0
43;14300;ASH_COATED_OSMIUM;9988;4;9985;11;9983;11;10006;14;10007;12;10010;12;9997.0;0.0
43;14300;INTARIAN_PEPPER_ROOT;56009;9;56006;17;56004;10;56022;8;56024;8;56027;15;56016.0;0.0
43;14400;ASH_COATED_OSMIUM;9986;13;;;;;10002;11;;;;;9994.5;0.0
43;14400;INTARIAN_PEPPER_ROOT;56009;10;56008;8;;;56022;11;56023;11;;;56015.5;0.0
43;14500;ASH_COATED_OSMIUM;9988;11;;;;;10004;10;;;;;9996.5;0.0
43;14500;INTARIAN_PEPPER_ROOT;56006;10;;;;;56020;8;;;;;56013.5;0.0
43;14600;ASH_COATED_OSMIUM;9988;10;9987;13;9984;3;10004;14;10005;15;10007;23;9996.0;0.0
43;14600;INTARIAN_PEPPER_ROOT;56008;12;56006;3;56003;11;56021;9;56022;12;56023;4;56014.5;0.0
43;14700;ASH_COATED_OSMIUM;9982;11;9980;25;;;9998;3;9999;12;;;9990.5;0.0
43;14700;INTARIAN_PEPPER_ROOT;56008;24;56007;8;;;56019;9;56020;9;;;56014.0;0.0
43;14800;ASH_COATED_OSMIUM;9978;5;9976;15;;;9996;24;9998;12;;;9987.5;0.0
43;14800;INTARIAN_PEPPER_ROOT;56010;11;56008;10;;;56026;8;56028;10;;;56018.0;0.0
43;14900;ASH_COATED_OSMIUM;9986;20;9984;10;;;10005;21;10006;12;;;9995.5;0.0
43;14900;INTARIAN_PEPPER_ROOT;56008;12;56007;8;;;56024;19;56027;11;;;56016.0;0.0
43;15000;ASH_COATED_OSMIUM;9986;14;9983;10;;;10004;15;10006;10;;;9995.0;0.0
43;15000;INTARIAN_PEPPER_ROOT;56007;10;56005;12;;;56018;8;56021;9;;;56012.5;0.0
43;15100;ASH_COATED_OSMIUM;9993;14;9991;10;9990;10;10006;12;10007;15;10008;14;9999.5;0.0
43;15100;INTARIAN_PEPPER_ROOT;56007;18;;;;;56021;11;;;;;56014.0;0.0
43;15200;ASH_COATED_OSMIUM;9995;10;9994;11;9993;14;10005;12;10008;15;10011;10;10000.0;0.0
43;15200;INTARIAN_PEPPER_ROOT;56015;10;56014;12;56013;23;56032;9;56034;25;56037;11;56023.5;0.0
43;15300;ASH_COATED_OSMIUM;9988;13;9986;4;;;10006;23;10007;21;;;9997.5;0.0
43;15300;INTARIAN_PEPPER_ROOT;56009;22;;;;;56022;19;;;;;56016.0;0.0
43;15400;ASH_COATED_OSMIUM;9990;11;9987;11;;;9995;15;9998;14;;;9992.5;0.0
43;15400;INTARIAN_PEPPER_ROOT;56013;11;56012;15;;;56015;8;56018;25;;;56014.0;0.0
43;15500;ASH_COATED_OSMIUM;9987;13;9986;13;;;10003;30;10004;10;;;9995.5;0.0
43;15500;INTARIAN_PEPPER_ROOT;56009;10;;;;;56023;12;;;;;56016.5;0.0
43;15600;ASH_COATED_OSMIUM;9991;11;9988;15;9985;26;9997;15;9999;14;10001;14;9994.0;0.0
43;15600;INTARIAN_PEPPER_ROOT;56009;11;;;;;56021;9;;;;;56015.0;0.0
43;15700;ASH_COATED_OSMIUM;9981;15;9980;11;;;9997;22;10000;12;;;9989.5;0.0
43;15700;INTARIAN_PEPPER_ROOT;56008;22;56005;20;;;56021;19;56023;12;;;56014.5;0.0
43;15800;ASH_COATED_OSMIUM;9983;12;9980;10;9979;29;9999;4;10001;13;10004;13;9991.5;0.0
43;15800;INTARIAN_PEPPER_ROOT;56008;12;56007;9;56004;18;56023;12;56025;10;56027;8;56015.5;0.0
43;15900;ASH_COATED_OSMIUM;9975;12;9972;14;;;9991;23;9992;5;;;9983.5;0.0
43;15900;INTARIAN_PEPPER_ROOT;56010;12;;;;;56023;23;;;;;56017.0;0.0
43;16000;ASH_COATED_OSMIUM;9974;12;9971;13;9968;14;9990;14;9992;10;9995;15;9982.5;0.0
43;16000;INTARIAN_PEPPER_ROOT;56012;10;;;;;56025;3;;;;;56018.5;0.0
43;16100;ASH_COATED_OSMIUM;9980;12;9979;13;;;9989;21;9990;11;;;9985.0;0.0
43;16100;INTARIAN_PEPPER_ROOT;56008;10;56007;10;;;56023;9;56024;9;;;56015.5;0.0
43;16200;ASH_COATED_OSMIUM;9984;15;9983;14;;;10000;10;10003;14;;;9992.0;0.0
43;16200;INTARIAN_PEPPER_ROOT;56015;9;56014;11;56011;12;56018;15;56019;10;56021;12;56016.5;0.0
43;16300;ASH_COATED_OSMIUM;9990;13;;;;;10006;15;;;;;9998.0;0.0
43;16300;INTARIAN_PEPPER_ROOT;56011;12;;;;;56024;5;;;;;56017.5;0.0
43;16400;ASH_COATED_OSMIUM;9990;21;;;;;10009;15;;;;;9999.5;0.0
43;16400;INTARIAN_PEPPER_ROOT;56009;11;56007;9;;;56023;9;56024;8;;;56016.0;0.0
43;16500;ASH_COATED_OSMIUM;9992;28;9991;28;9988;14;10008;11;10011;13;10014;14;10000.5;0.0
43;16500;INTARIAN_PEPPER_ROOT;56012;8;;;;;56025;8;;;;;56018.5;0.0
43;16600;ASH_COATED_OSMIUM;9996;15;9993;14;9990;10;10012;10;10014;14;10016;12;10004.0;0.0
43;16600;INTARIAN_PEPPER_ROOT;56011;16;;;;;56024;11;;;;;56018.0;0.0
43;16700;ASH_COATED_OSMIUM;9995;13;9992;14;;;10011;14;10013;11;;;10003.0;0.0
43;16700;INTARIAN_PEPPER_ROOT;56009;12;;;;;56023;10;;;;;56016.0;0.0
43;16800;ASH_COATED_OSMIUM;9995;13;9992;14;;;10013;11;10014;14;;;10004.0;0.0
43;16800;INTARIAN_PEPPER_ROOT;56009;11;;;;;56021;12;;;;;56015.5;0.0
43;16900;ASH_COATED_OSMIUM;9994;14;9992;5;;;10013;22;10016;12;;;10004.0;0.0
43;16900;INTARIAN_PEPPER_ROOT;56008;9;56007;12;;;56021;9;56022;12;;;56015.0;0.0
43;17000;ASH_COATED_OSMIUM;10005;23;10002;13;10001;24;10018;27;10019;12;10021;10;10012.0;0.0
43;17000;INTARIAN_PEPPER_ROOT;56008;18;56007;11;56005;11;56020;10;56022;10;56025;10;56014.5;0.0
43;17100;ASH_COATED_OSMIUM;10000;30;9999;11;;;10012;14;10014;12;;;10006.0;0.0
43;17100;INTARIAN_PEPPER_ROOT;56010;12;56008;9;;;56023;11;56024;22;;;56017.0;0.0
43;17200;ASH_COATED_OSMIUM;9995;13;9992;22;;;10011;15;10013;10;;;10003.5;0.0
43;17200;INTARIAN_PEPPER_ROOT;56009;11;56008;16;;;56025;10;56028;22;;;56017.0;0.0
43;17300;ASH_COATED_OSMIUM;9993;14;9991;13;;;10009;6;10011;14;;;10001.5;0.0
43;17300;INTARIAN_PEPPER_ROOT;56009;8;56006;10;;;56021;9;56024;11;;;56015.0;0.0
43;17400;ASH_COATED_OSMIUM;9993;10;9990;12;9988;15;10011;23;10013;10;10016;5;10002.5;0.0
43;17400;INTARIAN_PEPPER_ROOT;56015;12;56012;12;;;56026;25;56027;8;;;56020.5;0.0
43;17500;ASH_COATED_OSMIUM;9996;14;;;;;10012;12;;;;;10004.5;0.0
43;17500;INTARIAN_PEPPER_ROOT;56016;11;56013;9;56010;12;56028;9;56031;12;56032;8;56022.0;0.0
43;17600;ASH_COATED_OSMIUM;9997;11;9995;4;9994;15;10015;15;10018;30;10019;15;10006.5;0.0
43;17600;INTARIAN_PEPPER_ROOT;56012;11;56009;10;56006;9;56025;8;56027;12;56029;10;56019.0;0.0
43;17700;ASH_COATED_OSMIUM;9993;28;9991;14;9990;14;10009;12;10012;14;10015;11;10001.5;0.0
43;17700;INTARIAN_PEPPER_ROOT;56012;9;;;;;56024;10;;;;;56018.5;0.0
43;17800;ASH_COATED_OSMIUM;9989;14;9987;28;;;10008;12;10011;12;;;9999.0;0.0
43;17800;INTARIAN_PEPPER_ROOT;56011;12;;;;;56027;9;;;;;56019.0;0.0
43;17900;ASH_COATED_OSMIUM;9992;15;9990;20;;;10008;14;10011;11;;;10000.5;0.0
43;17900;INTARIAN_PEPPER_ROOT;56011;19;56010;11;56009;9;56027;10;56030;22;56032;8;56019.5;0.0
43;18000;ASH_COATED_OSMIUM;9990;10;;;;;10006;11;;;;;9998.5;0.0
43;18000;INTARIAN_PEPPER_ROOT;56017;8;56014;8;;;56019;24;56021;22;;;56018.0;0.0
43;18100;ASH_COATED_OSMIUM;9993;24;9990;30;;;10011;14;10014;14;;;10002.0;0.0
43;18100;INTARIAN_PEPPER_ROOT;56014;9;56011;8;56010;12;56026;12;56027;10;56030;9;56020.5;0.0
43;18200;ASH_COATED_OSMIUM;9994;12;;;;;10013;12;;;;;10003.5;0.0
43;18200;INTARIAN_PEPPER_ROOT;56013;8;56010;15;;;56024;19;56026;12;;;56018.5;0.0
43;18300;ASH_COATED_OSMIUM;9991;12;9989;5;;;10009;13;10011;13;;;10000.0;0.0
43;18300;INTARIAN_PEPPER_ROOT;56012;20;56011;8;56010;11;56025;24;56028;15;56030;10;56018.5;0.0
43;18400;ASH_COATED_OSMIUM;9987;15;9985;12;;;10003;28;10006;15;;;9995.5;0.0
43;18400;INTARIAN_PEPPER_ROOT;56012;8;56009;8;56007;9;56024;17;56027;8;56028;11;56018.5;0.0
43;18500;ASH_COATED_OSMIUM;9984;12;;;;;10002;11;;;;;9993.5;0.0
43;18500;INTARIAN_PEPPER_ROOT;56014;11;56012;11;56010;9;56025;16;56028;10;56030;8;56020.0;0.0
43;18600;ASH_COATED_OSMIUM;9984;14;;;;;10000;22;;;;;9992.5;0.0
43;18600;INTARIAN_PEPPER_ROOT;56007;10;56006;9;56005;10;56020;8;56023;8;56024;9;56014.0;0.0
43;18700;ASH_COATED_OSMIUM;9985;15;9983;14;9980;14;10001;13;10003;14;10005;15;9993.5;0.0
43;18700;INTARIAN_PEPPER_ROOT;56011;8;56009;9;;;56023;9;56025;10;;;56017.5;0.0
43;18800;ASH_COATED_OSMIUM;9985;13;9984;28;9983;12;10001;12;10002;15;10005;13;9993.5;0.0
43;18800;INTARIAN_PEPPER_ROOT;56011;23;56010;8;56008;11;56031;12;56032;11;56033;10;56021.5;0.0
43;18900;ASH_COATED_OSMIUM;9988;5;;;;;10004;13;;;;;9996.0;0.0
43;18900;INTARIAN_PEPPER_ROOT;56013;11;56010;12;;;56027;9;56030;9;;;56020.5;0.0
43;19000;ASH_COATED_OSMIUM;9986;10;9985;14;;;10004;24;10005;10;;;9995.5;0.0
43;19000;INTARIAN_PEPPER_ROOT;56014;11;56011;10;56009;21;56028;8;56031;24;56033;11;56021.0;0.0
43;19100;ASH_COATED_OSMIUM;9985;14;9984;14;9981;14;10001;14;10003;14;10006;10;9993.5;0.0
43;19100;INTARIAN_PEPPER_ROOT;56016;10;;;;;56029;11;;;;;56022.5;0.0
43;19200;ASH_COATED_OSMIUM;9982;10;9981;5;9980;10;10001;12;10003;22;10005;12;9991.5;0.0
43;19200;INTARIAN_PEPPER_ROOT;56014;10;56013;11;;;56027;23;56030;20;;;56021.0;0.0
43;19300;ASH_COATED_OSMIUM;9983;10;;;;;9999;11;;;;;9991.0;0.0
43;19300;INTARIAN_PEPPER_ROOT;56012;8;56010;12;;;56026;11;56029;11;;;56019.0;0.0
43;19400;ASH_COATED_OSMIUM;9982;10;9981;14;;;9998;13;9999;10;;;9990.5;0.0
43;19400;INTARIAN_PEPPER_ROOT;56012;10;56009;9;;;56028;12;56030;8;;;56020.0;0.0
43;19500;ASH_COATED_OSMIUM;9985;3;9982;26;;;10003;12;10005;12;;;9994.0;0.0
43;19500;INTARIAN_PEPPER_ROOT;56009;12;;;;;56023;12;;;;;56016.5;0.0
43;19600;ASH_COATED_OSMIUM;9977;23;;;;;9993;3;;;;;9985.0;0.0
43;19600;INTARIAN_PEPPER_ROOT;56011;10;56008;9;56005;20;56024;12;56026;8;56029;10;56018.0;0.0
43;19700;ASH_COATED_OSMIUM;9978;12;;;;;9996;13;;;;;9987.5;0.0
43;19700;INTARIAN_PEPPER_ROOT;56011;10;;;;;56024;11;;;;;56018.0;0.0
43;19800;ASH_COATED_OSMIUM;9973;9;9972;12;;;9982;10;9984;10;;;9978.0;0.0
43;19800;INTARIAN_PEPPER_ROOT;56011;9;56010;12;56007;11;56026;9;56029;16;56031;11;56019.0;0.0
43;19900;ASH_COATED_OSMIUM;9976;9;;;;;9995;10;;;;;9985.5;0.0
43;19900;INTARIAN_PEPPER_ROOT;56011;8;56008;24;;;56025;10;56026;12;;;56018.0;0.0
43;20000;ASH_COATED_OSMIUM;9983;5;9981;13;;;9999;13;10002;15;;;9991.5;0.0
43;20000;INTARIAN_PEPPER_ROOT;56016;12;56015;19;;;56030;12;56033;10;;;56023.0;0.0
43;20100;ASH_COATED_OSMIUM;9987;22;9985;13;;;10005;11;10006;13;;;9996.5;0.0
43;20100;INTARIAN_PEPPER_ROOT;56014;10;56013;11;56012;21;56026;17;56028;8;56030;12;56020.0;0.0
43;20200;ASH_COATED_OSMIUM;9992;13;9990;12;;;10008;14;10009;14;;;10000.5;0.0
43;20200;INTARIAN_PEPPER_ROOT;56014;12;56013;11;56010;12;56027;21;56030;10;56031;9;56021.0;0.0
43;20300;ASH_COATED_OSMIUM;9987;21;9984;10;9983;21;10003;24;10006;10;10008;30;9995.0;0.0
43;20300;INTARIAN_PEPPER_ROOT;56016;19;56013;19;;;56029;5;56031;16;;;56022.5;0.0
43;20400;ASH_COATED_OSMIUM;9993;14;;;;;10009;2;;;;;10001.0;0.0
43;20400;INTARIAN_PEPPER_ROOT;56020;12;;;;;56022;9;;;;;56021.0;0.0
43;20500;ASH_COATED_OSMIUM;9995;12;;;;;10011;15;;;;;10003.0;0.0
43;20500;INTARIAN_PEPPER_ROOT;56011;12;;;;;56024;10;;;;;56018.0;0.0
43;20600;ASH_COATED_OSMIUM;9994;10;;;;;10010;11;;;;;10002.5;0.0
43;20600;INTARIAN_PEPPER_ROOT;56012;22;56010;5;;;56024;8;56027;12;;;56018.0;0.0
43;20700;ASH_COATED_OSMIUM;10000;13;9997;11;9994;11;10016;14;10019;11;10021;10;10008.5;0.0
43;20700;INTARIAN_PEPPER_ROOT;56018;12;56015;8;;;56029;8;56031;8;;;56023.5;0.0
43;20800;ASH_COATED_OSMIUM;10000;25;;;;;10016;13;;;;;10008.5;0.0
43;20800;INTARIAN_PEPPER_ROOT;56015;9;56014;12;56012;11;56028;12;56029;12;56030;9;56022.0;0.0
43;20900;ASH_COATED_OSMIUM;9994;12;9993;15;9990;25;10010;11;10012;11;10013;15;10002.0;0.0
43;20900;INTARIAN_PEPPER_ROOT;56018;8;56016;8;56015;11;56029;11;56032;8;56033;9;56024.0;0.0
43;21000;ASH_COATED_OSMIUM;9990;11;9987;12;;;10009;15;10012;14;;;10000.0;0.0
43;21000;INTARIAN_PEPPER_ROOT;56015;8;;;;;56027;9;;;;;56021.5;0.0
43;21100;ASH_COATED_OSMIUM;9986;13;9983;11;9982;14;10007;11;10010;14;10013;20;9997.0;0.0
43;21100;INTARIAN_PEPPER_ROOT;56015;12;56012;25;;;56028;12;56030;8;;;56022.0;0.0
43;21200;ASH_COATED_OSMIUM;9988;15;;;;;10006;23;;;;;9997.5;0.0
43;21200;INTARIAN_PEPPER_ROOT;56016;8;;;;;56028;16;;;;;56022.5;0.0
43;21300;ASH_COATED_OSMIUM;9990;15;9988;15;;;10006;30;10007;29;;;9998.5;0.0
43;21300;INTARIAN_PEPPER_ROOT;56015;22;56012;10;56010;10;56017;23;56019;23;56020;9;56016.5;0.0
43;21400;ASH_COATED_OSMIUM;9988;10;9985;11;9984;12;10007;15;10008;4;10010;12;9998.0;0.0
43;21400;INTARIAN_PEPPER_ROOT;56017;3;;;;;56031;12;;;;;56024.0;0.0
43;21500;ASH_COATED_OSMIUM;9990;13;;;;;10008;14;;;;;9999.5;0.0
43;21500;INTARIAN_PEPPER_ROOT;56018;12;56017;8;;;56023;12;56026;12;;;56021.0;0.0
43;21600;ASH_COATED_OSMIUM;9989;10;;;;;10005;14;;;;;9997.5;0.0
43;21600;INTARIAN_PEPPER_ROOT;56014;11;;;;;56027;9;;;;;56021.0;0.0
43;21700;ASH_COATED_OSMIUM;9987;14;;;;;10005;3;;;;;9996.5;0.0
43;21700;INTARIAN_PEPPER_ROOT;56011;12;56009;15;56006;10;56024;11;56025;9;56028;11;56018.0;0.0
43;21800;ASH_COATED_OSMIUM;9990;10;;;;;10006;14;;;;;9998.0;0.0
43;21800;INTARIAN_PEPPER_ROOT;56021;12;56020;11;;;56032;10;56033;9;;;56027.0;0.0
43;21900;ASH_COATED_OSMIUM;9989;12;9986;11;;;10005;14;10006;13;;;9997.5;0.0
43;21900;INTARIAN_PEPPER_ROOT;56016;8;56014;9;;;56029;17;56031;11;;;56023.0;0.0
43;22000;ASH_COATED_OSMIUM;9992;14;9989;11;;;10011;13;10013;13;;;10001.5;0.0
43;22000;INTARIAN_PEPPER_ROOT;56017;25;56016;5;;;56029;9;56032;12;;;56023.5;0.0
43;22100;ASH_COATED_OSMIUM;9998;11;;;;;10007;11;;;;;10002.5;0.0
43;22100;INTARIAN_PEPPER_ROOT;56012;12;56009;11;56007;9;56029;12;56030;11;56032;12;56020.5;0.0
43;22200;ASH_COATED_OSMIUM;9998;12;9997;15;;;10014;12;10017;12;;;10006.5;0.0
43;22200;INTARIAN_PEPPER_ROOT;56018;10;56017;11;56015;10;56030;8;56031;7;56033;10;56024.0;0.0
43;22300;ASH_COATED_OSMIUM;9994;2;;;;;10010;15;;;;;10002.0;0.0
43;22300;INTARIAN_PEPPER_ROOT;56018;19;56015;10;;;56031;8;56032;12;;;56024.5;0.0
43;22400;ASH_COATED_OSMIUM;10004;29;10002;14;;;10020;13;10023;13;;;10012.0;0.0
43;22400;INTARIAN_PEPPER_ROOT;56016;17;56015;8;;;56028;12;56031;12;;;56022.5;0.0
43;22500;ASH_COATED_OSMIUM;10009;14;;;;;10027;30;;;;;10018.0;0.0
43;22500;INTARIAN_PEPPER_ROOT;56012;23;56011;8;56010;9;56025;10;56028;12;56029;9;56019.0;0.0
43;22600;ASH_COATED_OSMIUM;10006;15;10004;15;;;10022;13;10025;21;;;10014.5;0.0
43;22600;INTARIAN_PEPPER_ROOT;56018;8;56017;24;;;56030;9;56031;11;;;56024.5;0.0
43;22700;ASH_COATED_OSMIUM;9996;10;9995;10;9993;15;10015;14;10016;15;10019;27;10005.5;0.0
43;22700;INTARIAN_PEPPER_ROOT;56013;10;;;;;56030;11;;;;;56021.5;0.0
43;22800;ASH_COATED_OSMIUM;9996;12;9994;10;9992;13;10012;11;10013;15;10016;12;10004.5;0.0
43;22800;INTARIAN_PEPPER_ROOT;56018;9;56015;11;;;56031;8;56033;10;;;56024.5;0.0
43;22900;ASH_COATED_OSMIUM;9992;14;9991;10;;;10008;14;10009;15;;;10000.5;0.0
43;22900;INTARIAN_PEPPER_ROOT;56020;9;;;;;56032;8;;;;;56026.5;0.0
43;23000;ASH_COATED_OSMIUM;9989;29;9988;14;9986;26;10008;15;10009;1;10012;14;9998.5;0.0
43;23000;INTARIAN_PEPPER_ROOT;56016;12;56013;11;;;56033;11;56035;9;;;56025.0;0.0
43;23100;ASH_COATED_OSMIUM;9992;10;;;;;10008;13;;;;;10000.0;0.0
43;23100;INTARIAN_PEPPER_ROOT;56014;8;;;;;56027;8;;;;;56021.0;0.0
43;23200;ASH_COATED_OSMIUM;9993;4;9990;14;9987;13;10012;15;10013;13;10015;10;10002.5;0.0
43;23200;INTARIAN_PEPPER_ROOT;56017;10;;;;;56030;12;;;;;56023.5;0.0
43;23300;ASH_COATED_OSMIUM;9995;21;9992;15;;;10011;13;10012;15;;;10003.5;0.0
43;23300;INTARIAN_PEPPER_ROOT;56018;10;56015;10;;;56031;10;56034;11;;;56025.0;0.0
43;23400;ASH_COATED_OSMIUM;10001;10;9998;29;;;10010;12;10013;14;;;10005.5;0.0
43;23400;INTARIAN_PEPPER_ROOT;56011;20;56009;8;;;56025;23;56027;12;;;56018.5;0.0
43;23500;ASH_COATED_OSMIUM;9993;12;9990;13;9988;10;10009;27;10011;11;10012;11;10001.0;0.0
43;23500;INTARIAN_PEPPER_ROOT;56016;9;56015;12;;;56032;8;56034;9;;;56024.5;0.0
43;23600;ASH_COATED_OSMIUM;9988;10;9986;10;9984;13;10004;8;10007;5;10009;14;9996.5;0.0
43;23600;INTARIAN_PEPPER_ROOT;56020;11;56019;16;;;56031;21;56034;11;;;56025.5;0.0
43;23700;ASH_COATED_OSMIUM;9984;2;9983;24;9982;10;10000;10;10003;22;10005;13;9992.5;0.0
43;23700;INTARIAN_PEPPER_ROOT;56017;11;56015;12;;;56030;10;56031;11;;;56023.5;0.0
43;23800;ASH_COATED_OSMIUM;9989;10;9986;14;;;10005;11;10006;10;;;9997.5;0.0
43;23800;INTARIAN_PEPPER_ROOT;56013;22;56011;11;56008;10;56026;12;56028;10;56031;9;56020.0;0.0
43;23900;ASH_COATED_OSMIUM;9987;10;9985;14;;;10005;11;10007;29;;;9996.0;0.0
43;23900;INTARIAN_PEPPER_ROOT;56016;12;;;;;56031;12;;;;;56023.5;0.0
43;24000;ASH_COATED_OSMIUM;9988;14;9986;11;9983;29;9998;20;10001;22;10003;14;9993.0;0.0
43;24000;INTARIAN_PEPPER_ROOT;56018;10;56017;12;;;56030;10;56033;10;;;56024.5;0.0
43;24100;ASH_COATED_OSMIUM;9982;8;9979;15;;;10000;12;10001;13;;;9991.5;0.0
43;24100;INTARIAN_PEPPER_ROOT;56012;8;56011;9;56008;11;56028;22;56029;12;56030;8;56020.5;0.0
43;24200;ASH_COATED_OSMIUM;9985;20;9984;12;9981;21;10003;11;10004;12;10005;11;9994.0;0.0
43;24200;INTARIAN_PEPPER_ROOT;56015;12;56014;23;56013;17;56028;8;56029;23;56030;8;56021.5;0.0
43;24300;ASH_COATED_OSMIUM;9985;15;9983;12;9980;12;10001;11;10004;3;10007;11;9993.0;0.0
43;24300;INTARIAN_PEPPER_ROOT;56018;11;56016;11;;;56031;10;56033;9;;;56024.5;0.0
43;24400;ASH_COATED_OSMIUM;9989;3;9986;15;;;10005;13;10008;12;;;9997.5;0.0
43;24400;INTARIAN_PEPPER_ROOT;56018;17;;;;;56033;12;;;;;56026.0;0.0
43;24500;ASH_COATED_OSMIUM;9987;11;;;;;10006;14;;;;;9996.5;0.0
43;24500;INTARIAN_PEPPER_ROOT;56017;11;;;;;56029;9;;;;;56023.5;0.0
43;24600;ASH_COATED_OSMIUM;9992;29;9991;27;9989;13;10008;10;10009;15;10011;12;10000.0;0.0
43;24600;INTARIAN_PEPPER_ROOT;56020;9;56017;8;;;56031;11;56033;9;;;56025.5;0.0
43;24700;ASH_COATED_OSMIUM;9984;12;9981;13;;;10000;26;10002;10;;;9992.5;0.0
43;24700;INTARIAN_PEPPER_ROOT;56019;11;;;;;56031;25;;;;;56025.5;0.0
43;24800;ASH_COATED_OSMIUM;9985;12;9982;11;;;10001;10;10003;14;;;9993.5;0.0
43;24800;INTARIAN_PEPPER_ROOT;56016;11;56014;11;;;56028;12;56031;12;;;56022.0;0.0
43;24900;ASH_COATED_OSMIUM;9988;11;9986;12;;;10004;22;10006;11;;;9996.5;0.0
43;24900;INTARIAN_PEPPER_ROOT;56018;10;56016;8;;;56032;10;56034;12;;;56025.0;0.0
43;25000;ASH_COATED_OSMIUM;9985;14;9982;13;;;10001;11;10004;14;;;9993.5;0.0
43;25000;INTARIAN_PEPPER_ROOT;56025;12;56023;10;56022;8;56027;12;56030;18;56031;10;56026.0;0.0
43;25100;ASH_COATED_OSMIUM;9982;26;9980;3;;;9998;10;10000;29;;;9990.5;0.0
43;25100;INTARIAN_PEPPER_ROOT;56018;8;;;;;56031;8;;;;;56025.0;0.0
43;25200;ASH_COATED_OSMIUM;9984;15;;;;;10000;13;;;;;9992.0;0.0
43;25200;INTARIAN_PEPPER_ROOT;56014;22;56011;12;;;56031;24;56034;10;;;56022.5;0.0
43;25300;ASH_COATED_OSMIUM;9981;13;;;;;9997;13;;;;;9989.0;0.0
43;25300;INTARIAN_PEPPER_ROOT;56019;10;56018;9;;;56032;11;56033;8;;;56026.0;0.0
43;25400;ASH_COATED_OSMIUM;9987;20;9984;27;;;10003;11;10004;13;;;9995.0;0.0
43;25400;INTARIAN_PEPPER_ROOT;56023;19;56020;10;56017;8;56036;10;56039;15;56042;8;56029.5;0.0
43;25500;ASH_COATED_OSMIUM;9994;12;9991;24;9989;28;10010;10;10012;30;10014;15;10002.5;0.0
43;25500;INTARIAN_PEPPER_ROOT;56020;9;;;;;56034;8;;;;;56027.5;0.0
43;25600;ASH_COATED_OSMIUM;9987;14;9986;12;;;10006;15;10008;24;;;9996.5;0.0
43;25600;INTARIAN_PEPPER_ROOT;56019;8;56017;8;56014;8;56031;9;56032;9;56033;19;56025.0;0.0
43;25700;ASH_COATED_OSMIUM;9991;15;9989;10;9986;14;10007;10;10008;14;10010;12;9999.0;0.0
43;25700;INTARIAN_PEPPER_ROOT;56020;12;;;;;56031;9;;;;;56026.0;0.0
43;25800;ASH_COATED_OSMIUM;9979;27;9976;15;;;9997;13;10000;10;;;9988.0;0.0
43;25800;INTARIAN_PEPPER_ROOT;56023;19;56022;10;;;56027;8;56029;9;;;56025.0;0.0
43;25900;ASH_COATED_OSMIUM;9979;22;9976;10;9975;14;9995;27;9997;14;9999;4;9987.5;0.0
43;25900;INTARIAN_PEPPER_ROOT;56017;10;56014;11;56013;9;56030;8;56033;12;56035;10;56024.0;0.0
43;26000;ASH_COATED_OSMIUM;9982;12;9980;10;9978;15;10000;12;10002;13;10003;15;9991.0;0.0
43;26000;INTARIAN_PEPPER_ROOT;56018;6;56017;12;;;56030;12;56031;11;;;56024.0;0.0
43;26100;ASH_COATED_OSMIUM;9990;23;9989;13;9987;10;10006;26;10009;14;10012;11;9998.0;0.0
43;26100;INTARIAN_PEPPER_ROOT;56016;12;;;;;56027;12;;;;;56021.5;0.0
43;26200;ASH_COATED_OSMIUM;9986;27;9984;14;;;10005;3;10008;14;;;9996.0;0.0
43;26200;INTARIAN_PEPPER_ROOT;56018;9;56015;11;56013;10;56034;10;56037;10;56038;8;56026.5;0.0
43;26300;ASH_COATED_OSMIUM;9993;15;9990;12;;;9999;11;10001;15;;;9996.0;0.0
43;26300;INTARIAN_PEPPER_ROOT;56018;25;56016;12;;;56033;24;56034;12;;;56026.0;0.0
43;26400;ASH_COATED_OSMIUM;9983;13;9982;13;;;10002;14;10003;14;;;9992.5;0.0
43;26400;INTARIAN_PEPPER_ROOT;56016;10;56013;10;;;56033;10;56034;12;;;56025.0;0.0
43;26500;ASH_COATED_OSMIUM;9987;12;;;;;10005;15;;;;;9996.0;0.0
43;26500;INTARIAN_PEPPER_ROOT;56023;11;;;;;56034;8;;;;;56029.0;0.0
43;26600;ASH_COATED_OSMIUM;9986;14;9983;15;9982;11;10002;11;10003;11;10005;11;9994.0;0.0
43;26600;INTARIAN_PEPPER_ROOT;56024;9;;;;;56038;24;;;;;56031.0;0.0
43;26700;ASH_COATED_OSMIUM;9988;13;9985;2;9984;14;10004;12;10007;11;10010;28;9996.5;0.0
43;26700;INTARIAN_PEPPER_ROOT;56019;9;56017;8;;;56036;12;56038;17;;;56028.0;0.0
43;26800;ASH_COATED_OSMIUM;9991;4;;;;;9999;14;;;;;9995.0;0.0
43;26800;INTARIAN_PEPPER_ROOT;56024;11;;;;;56037;9;;;;;56030.5;0.0
43;26900;ASH_COATED_OSMIUM;9991;12;9988;14;;;10004;27;10006;10;;;9998.0;0.0
43;26900;INTARIAN_PEPPER_ROOT;56017;9;;;;;56029;12;;;;;56023.5;0.0
43;27000;ASH_COATED_OSMIUM;9985;20;9983;13;9981;10;10003;11;10004;10;10005;30;9994.5;0.0
43;27000;INTARIAN_PEPPER_ROOT;56017;10;56015;8;;;56028;12;56030;10;;;56023.0;0.0
43;27100;ASH_COATED_OSMIUM;9986;10;9985;12;;;10002;14;10004;14;;;9994.5;0.0
43;27100;INTARIAN_PEPPER_ROOT;56022;8;56019;11;56016;10;56033;11;56035;12;56037;8;56028.0;0.0
43;27200;ASH_COATED_OSMIUM;9989;14;9986;11;;;10008;24;10010;15;;;9998.5;0.0
43;27200;INTARIAN_PEPPER_ROOT;56020;10;56018;12;56015;9;56034;10;56035;11;56038;12;56027.5;0.0
43;27300;ASH_COATED_OSMIUM;9995;11;9993;20;9990;15;10011;12;10013;10;10014;14;10003.5;0.0
43;27300;INTARIAN_PEPPER_ROOT;56024;10;56023;12;56022;11;56035;11;56038;10;56040;9;56030.0;0.0
43;27400;ASH_COATED_OSMIUM;9999;5;9998;12;;;10008;11;10009;13;;;10004.0;0.0
43;27400;INTARIAN_PEPPER_ROOT;56022;10;56020;8;;;56035;9;56036;9;;;56028.5;0.0
43;27500;ASH_COATED_OSMIUM;9993;29;9992;13;;;10009;29;10011;11;;;10001.0;0.0
43;27500;INTARIAN_PEPPER_ROOT;56025;20;56024;9;;;56039;12;56040;10;;;56032.0;0.0
43;27600;ASH_COATED_OSMIUM;9989;13;;;;;10005;10;;;;;9997.0;0.0
43;27600;INTARIAN_PEPPER_ROOT;56019;10;56018;8;;;56033;8;56036;9;;;56026.5;0.0
43;27700;ASH_COATED_OSMIUM;9986;12;9983;12;9982;11;10004;30;10005;13;10007;14;9995.5;0.0
43;27700;INTARIAN_PEPPER_ROOT;56021;10;56019;10;56018;10;56033;25;56036;10;56038;12;56027.5;0.0
43;27800;ASH_COATED_OSMIUM;9982;12;;;;;9998;12;;;;;9990.5;0.0
43;27800;INTARIAN_PEPPER_ROOT;56024;23;56022;19;56021;9;56039;11;56042;8;56043;12;56031.5;0.0
43;27900;ASH_COATED_OSMIUM;9982;14;9979;28;;;9998;24;10000;10;;;9990.5;0.0
43;27900;INTARIAN_PEPPER_ROOT;56022;11;;;;;56035;8;;;;;56029.0;0.0
43;28000;ASH_COATED_OSMIUM;9989;10;9987;13;;;10002;10;10003;12;;;9996.0;0.0
43;28000;INTARIAN_PEPPER_ROOT;56019;10;56017;10;56015;21;56030;10;56033;9;56036;9;56024.5;0.0
43;28100;ASH_COATED_OSMIUM;9980;23;9978;14;;;9999;14;10000;14;;;9989.5;0.0
43;28100;INTARIAN_PEPPER_ROOT;56021;9;56019;8;;;56032;8;56033;11;;;56027.0;0.0
43;28200;ASH_COATED_OSMIUM;9982;21;;;;;9992;11;;;;;9987.0;0.0
43;28200;INTARIAN_PEPPER_ROOT;56019;16;56016;12;;;56033;12;56034;12;;;56026.5;0.0
43;28300;ASH_COATED_OSMIUM;9982;12;;;;;9998;10;;;;;9990.5;0.0
43;28300;INTARIAN_PEPPER_ROOT;56022;8;;;;;56035;9;;;;;56029.0;0.0
43;28400;ASH_COATED_OSMIUM;9983;13;9981;10;;;10002;15;10005;15;;;9992.5;0.0
43;28400;INTARIAN_PEPPER_ROOT;56026;10;56024;8;56022;8;56039;8;56042;12;56044;6;56033.0;0.0
43;28500;ASH_COATED_OSMIUM;9983;11;9982;26;;;9999;24;10000;20;;;9991.0;0.0
43;28500;INTARIAN_PEPPER_ROOT;56020;8;56019;12;;;56034;9;56036;11;;;56027.5;0.0
43;28600;ASH_COATED_OSMIUM;9986;14;9984;15;;;10002;11;10005;10;;;9994.0;0.0
43;28600;INTARIAN_PEPPER_ROOT;56027;8;56026;17;;;56038;11;56039;9;;;56032.5;0.0
43;28700;ASH_COATED_OSMIUM;9986;12;9985;12;;;10002;22;10004;13;;;9994.0;0.0
43;28700;INTARIAN_PEPPER_ROOT;56019;12;56017;15;;;56032;9;56035;18;;;56026.0;0.0
43;28800;ASH_COATED_OSMIUM;9988;11;9986;12;9984;26;10004;27;10006;10;10009;11;9996.0;0.0
43;28800;INTARIAN_PEPPER_ROOT;56021;8;56020;25;;;56033;12;56036;8;;;56027.5;0.0
43;28900;ASH_COATED_OSMIUM;9990;27;9987;12;9985;14;10009;27;10010;14;10012;25;9999.5;0.0
43;28900;INTARIAN_PEPPER_ROOT;56023;9;;;;;56036;8;;;;;56030.0;0.0
43;29000;ASH_COATED_OSMIUM;9988;10;9985;4;;;10004;8;10006;14;;;9996.5;0.0
43;29000;INTARIAN_PEPPER_ROOT;56022;11;56020;11;;;56037;11;56039;11;;;56030.0;0.0
43;29100;ASH_COATED_OSMIUM;9991;14;9988;15;;;10007;13;10009;14;;;9999.0;0.0
43;29100;INTARIAN_PEPPER_ROOT;56020;12;56018;12;56016;18;56033;12;56036;9;56038;16;56027.0;0.0
43;29200;ASH_COATED_OSMIUM;9985;14;;;;;10001;12;;;;;9993.0;0.0
43;29200;INTARIAN_PEPPER_ROOT;56023;10;56021;11;56018;23;56040;12;56042;11;56044;12;56032.0;0.0
43;29300;ASH_COATED_OSMIUM;9984;14;;;;;10002;12;;;;;9993.5;0.0
43;29300;INTARIAN_PEPPER_ROOT;56022;10;;;;;56035;11;;;;;56028.5;0.0
43;29400;ASH_COATED_OSMIUM;9985;15;9982;11;;;10003;13;10005;13;;;9994.0;0.0
43;29400;INTARIAN_PEPPER_ROOT;56021;11;56019;17;;;56038;23;56039;10;;;56029.5;0.0
43;29500;ASH_COATED_OSMIUM;9991;13;9988;13;9985;12;10000;8;10003;14;10006;15;9995.5;0.0
43;29500;INTARIAN_PEPPER_ROOT;56018;9;56015;16;56012;11;56035;8;56037;10;56038;11;56026.5;0.0
43;29600;ASH_COATED_OSMIUM;9987;22;;;;;10003;11;;;;;9995.0;0.0
43;29600;INTARIAN_PEPPER_ROOT;56024;11;56021;10;;;56036;9;56039;10;;;56030.0;0.0
43;29700;ASH_COATED_OSMIUM;9981;10;9980;13;;;9997;14;9999;11;;;9989.0;0.0
43;29700;INTARIAN_PEPPER_ROOT;56025;8;56023;11;56022;8;56036;10;56038;11;56039;10;56031.0;0.0
43;29800;ASH_COATED_OSMIUM;9983;10;9982;15;9979;15;9999;26;10002;11;10003;3;9991.0;0.0
43;29800;INTARIAN_PEPPER_ROOT;56022;10;56021;12;;;56033;18;56036;11;;;56028.0;0.0
43;29900;ASH_COATED_OSMIUM;9990;5;9988;12;9986;15;10006;11;10008;10;10010;13;9998.0;0.0
43;29900;INTARIAN_PEPPER_ROOT;56024;12;56022;12;;;56038;10;56041;8;;;56031.5;0.0
43;30000;ASH_COATED_OSMIUM;9992;25;9991;13;9989;11;10008;15;10010;14;10013;13;10000.0;0.0
43;30000;INTARIAN_PEPPER_ROOT;56023;12;56022;11;;;56036;9;56039;8;;;56029.5;0.0
43;30100;ASH_COATED_OSMIUM;9991;5;9989;15;9987;21;10007;27;10010;13;10013;15;9999.0;0.0
43;30100;INTARIAN_PEPPER_ROOT;56020;9;56018;21;;;56033;12;56036;12;;;56026.5;0.0
43;30200;ASH_COATED_OSMIUM;9990;15;;;;;10006;14;;;;;9998.5;0.0
43;30200;INTARIAN_PEPPER_ROOT;56026;11;56023;12;;;56041;12;56042;12;;;56034.0;0.0
43;30300;ASH_COATED_OSMIUM;9995;25;9993;10;;;10013;13;10016;12;;;10004.5;0.0
43;30300;INTARIAN_PEPPER_ROOT;56019;12;56016;10;;;56035;9;56037;16;;;56027.0;0.0
43;30400;ASH_COATED_OSMIUM;9997;21;;;;;10013;15;;;;;10005.0;0.0
43;30400;INTARIAN_PEPPER_ROOT;56021;9;;;;;56035;9;;;;;56028.5;0.0
43;30500;ASH_COATED_OSMIUM;9986;13;;;;;10004;10;;;;;9995.5;0.0
43;30500;INTARIAN_PEPPER_ROOT;56023;10;56021;10;56018;10;56035;8;56036;11;56038;8;56029.0;0.0
43;30600;ASH_COATED_OSMIUM;9983;13;9982;25;;;10001;23;10004;28;;;9992.0;0.0
43;30600;INTARIAN_PEPPER_ROOT;56020;8;;;;;56033;24;;;;;56027.0;0.0
43;30700;ASH_COATED_OSMIUM;9986;15;;;;;10002;10;;;;;9994.0;0.0
43;30700;INTARIAN_PEPPER_ROOT;56025;6;56024;10;;;56037;12;56038;9;;;56031.5;0.0
43;30800;ASH_COATED_OSMIUM;9988;15;9987;11;;;10004;10;10007;15;;;9996.5;0.0
43;30800;INTARIAN_PEPPER_ROOT;56024;12;56023;10;56022;10;56036;9;56039;10;56042;9;56030.0;0.0
43;30900;ASH_COATED_OSMIUM;9988;14;9987;11;9985;13;10004;12;10005;12;10007;14;9996.0;0.0
43;30900;INTARIAN_PEPPER_ROOT;56023;12;56022;10;;;56035;8;56038;12;;;56029.5;0.0
43;31000;ASH_COATED_OSMIUM;9986;12;9985;13;9984;12;10002;21;10003;13;10005;22;9994.5;0.0
43;31000;INTARIAN_PEPPER_ROOT;56021;10;56019;11;;;56036;20;56038;11;;;56029.0;0.0
43;31100;ASH_COATED_OSMIUM;9990;10;9989;15;;;10006;28;10008;15;;;9998.0;0.0
43;31100;INTARIAN_PEPPER_ROOT;56026;23;56024;8;;;56040;25;56042;11;;;56033.5;0.0
43;31200;ASH_COATED_OSMIUM;9992;14;9991;12;;;10010;13;10011;15;;;10001.5;0.0
43;31200;INTARIAN_PEPPER_ROOT;56026;11;;;;;56039;8;;;;;56033.0;0.0
43;31300;ASH_COATED_OSMIUM;9991;11;9990;14;9989;12;10009;15;10010;10;10012;11;10000.5;0.0
43;31300;INTARIAN_PEPPER_ROOT;56024;10;;;;;56036;11;;;;;56030.0;0.0
43;31400;ASH_COATED_OSMIUM;9999;11;9997;15;9995;12;10010;4;10011;15;10012;15;10004.5;0.0
43;31400;INTARIAN_PEPPER_ROOT;56026;12;56023;11;56020;12;56040;11;56042;25;56044;8;56033.5;0.0
43;31500;ASH_COATED_OSMIUM;9989;14;9988;15;;;10005;27;10006;14;;;9997.5;0.0
43;31500;INTARIAN_PEPPER_ROOT;56025;19;;;;;56037;9;;;;;56031.0;0.0
43;31600;ASH_COATED_OSMIUM;9981;15;9980;12;9978;11;9997;11;10000;15;10001;3;9989.5;0.0
43;31600;INTARIAN_PEPPER_ROOT;56025;8;56023;10;56020;9;56038;12;56040;12;56041;9;56031.5;0.0
43;31700;ASH_COATED_OSMIUM;9985;14;;;;;9991;12;;;;;9988.5;0.0
43;31700;INTARIAN_PEPPER_ROOT;56023;10;56020;12;;;56037;10;56038;8;;;56030.5;0.0
43;31800;ASH_COATED_OSMIUM;9977;15;;;;;9993;25;;;;;9985.0;0.0
43;31800;INTARIAN_PEPPER_ROOT;56023;15;;;;;56039;8;;;;;56031.5;0.0
43;31900;ASH_COATED_OSMIUM;9977;15;9976;25;9974;13;9995;13;9996;26;9999;14;9986.5;0.0
43;31900;INTARIAN_PEPPER_ROOT;56026;18;;;;;56039;11;;;;;56032.5;0.0
43;32000;ASH_COATED_OSMIUM;9982;2;;;;;9998;13;;;;;9990.5;0.0
43;32000;INTARIAN_PEPPER_ROOT;56024;10;56023;9;56022;10;56037;11;56038;9;56041;8;56031.0;0.0
43;32100;ASH_COATED_OSMIUM;9986;10;9985;15;;;10005;14;10007;13;;;9996.0;0.0
43;32100;INTARIAN_PEPPER_ROOT;56025;10;56023;8;;;56038;12;56040;11;;;56031.5;0.0
43;32200;ASH_COATED_OSMIUM;9992;14;9989;12;9986;14;10008;15;10011;2;10012;23;10000.0;0.0
43;32200;INTARIAN_PEPPER_ROOT;56023;10;56021;9;;;56035;12;56038;11;;;56029.5;0.0
43;32300;ASH_COATED_OSMIUM;9993;11;9992;13;;;10011;10;10012;13;;;10002.5;0.0
43;32300;INTARIAN_PEPPER_ROOT;56022;9;56019;8;;;56038;22;56039;8;;;56030.5;0.0
43;32400;ASH_COATED_OSMIUM;9997;26;9995;15;;;10013;12;10016;13;;;10005.5;0.0
43;32400;INTARIAN_PEPPER_ROOT;56026;8;;;;;56041;9;;;;;56034.0;0.0
43;32500;ASH_COATED_OSMIUM;10002;13;10000;25;;;10018;10;10020;11;;;10010.0;0.0
43;32500;INTARIAN_PEPPER_ROOT;56028;10;56025;9;56024;10;56042;8;56043;11;56046;12;56035.0;0.0
43;32600;ASH_COATED_OSMIUM;9995;11;;;;;10014;12;;;;;10004.5;0.0
43;32600;INTARIAN_PEPPER_ROOT;56030;9;56027;12;;;56043;20;56045;9;;;56037.0;0.0
43;32700;ASH_COATED_OSMIUM;9997;14;9995;14;;;10015;12;10017;13;;;10006.5;0.0
43;32700;INTARIAN_PEPPER_ROOT;56026;12;;;;;56039;11;;;;;56033.0;0.0
43;32800;ASH_COATED_OSMIUM;9997;14;9994;28;;;10013;10;10015;29;;;10005.0;0.0
43;32800;INTARIAN_PEPPER_ROOT;56026;9;;;;;56039;9;;;;;56032.5;0.0
43;32900;ASH_COATED_OSMIUM;9994;14;;;;;10010;13;;;;;10002.0;0.0
43;32900;INTARIAN_PEPPER_ROOT;56027;20;56024;12;56023;8;56039;8;56041;9;56042;9;56033.0;0.0
43;33000;ASH_COATED_OSMIUM;9995;14;9994;23;;;10011;5;10013;11;;;10003.0;0.0
43;33000;INTARIAN_PEPPER_ROOT;56024;8;56021;19;56019;11;56037;12;56040;8;56043;12;56031.0;0.0
43;33100;ASH_COATED_OSMIUM;9998;10;;;;;10014;11;;;;;10006.5;0.0
43;33100;INTARIAN_PEPPER_ROOT;56029;9;;;;;56040;21;;;;;56035.0;0.0
43;33200;ASH_COATED_OSMIUM;9989;20;9987;2;;;10005;14;10008;26;;;9997.5;0.0
43;33200;INTARIAN_PEPPER_ROOT;56027;8;56024;3;56022;11;56044;8;56045;11;56048;9;56036.0;0.0
43;33300;ASH_COATED_OSMIUM;9985;10;9982;12;9980;14;10001;12;10004;15;10007;12;9993.0;0.0
43;33300;INTARIAN_PEPPER_ROOT;56026;9;56024;10;;;56042;12;56043;12;;;56034.5;0.0
43;33400;ASH_COATED_OSMIUM;9985;12;9983;11;;;10001;13;10003;15;;;9993.5;0.0
43;33400;INTARIAN_PEPPER_ROOT;56031;9;56029;8;56027;10;56039;9;56041;10;56044;11;56035.5;0.0
43;33500;ASH_COATED_OSMIUM;9982;14;;;;;9998;14;;;;;9990.5;0.0
43;33500;INTARIAN_PEPPER_ROOT;56027;12;56026;10;;;56043;9;56045;10;;;56035.5;0.0
43;33600;ASH_COATED_OSMIUM;9985;13;9982;30;;;10001;15;10003;13;;;9993.5;0.0
43;33600;INTARIAN_PEPPER_ROOT;56024;10;56023;11;;;56038;10;56040;10;;;56031.5;0.0
43;33700;ASH_COATED_OSMIUM;9986;15;;;;;10007;15;;;;;9997.0;0.0
43;33700;INTARIAN_PEPPER_ROOT;56027;11;56024;19;;;56043;9;56045;12;;;56035.5;0.0
43;33800;ASH_COATED_OSMIUM;9989;12;;;;;10007;12;;;;;9998.0;0.0
43;33800;INTARIAN_PEPPER_ROOT;56025;11;56024;25;56021;25;56038;11;56039;9;56040;12;56031.5;0.0
43;33900;ASH_COATED_OSMIUM;9986;10;9984;11;9983;15;10002;4;10005;13;10007;11;9994.5;0.0
43;33900;INTARIAN_PEPPER_ROOT;56024;9;56021;9;;;56037;10;56038;11;;;56031.0;0.0
43;34000;ASH_COATED_OSMIUM;9987;12;9985;28;;;10006;13;10009;20;;;9997.0;0.0
43;34000;INTARIAN_PEPPER_ROOT;56031;21;;;;;56042;21;;;;;56036.5;0.0
43;34100;ASH_COATED_OSMIUM;9985;12;9982;14;;;10004;10;10006;13;;;9995.0;0.0
43;34100;INTARIAN_PEPPER_ROOT;56027;8;;;;;56040;11;;;;;56034.0;0.0
43;34200;ASH_COATED_OSMIUM;9989;23;;;;;10002;20;;;;;9996.0;0.0
43;34200;INTARIAN_PEPPER_ROOT;56028;12;;;;;56042;11;;;;;56035.0;0.0
43;34300;ASH_COATED_OSMIUM;9986;11;9983;10;;;10002;11;10003;11;;;9994.0;0.0
43;34300;INTARIAN_PEPPER_ROOT;56029;10;;;;;56045;15;;;;;56037.0;0.0
43;34400;ASH_COATED_OSMIUM;9991;14;9988;10;;;10010;13;10011;14;;;10001.0;0.0
43;34400;INTARIAN_PEPPER_ROOT;56025;8;56024;11;;;56037;11;56039;11;;;56031.0;0.0
43;34500;ASH_COATED_OSMIUM;9995;13;9992;12;9989;12;10011;11;10014;21;10017;20;10003.0;0.0
43;34500;INTARIAN_PEPPER_ROOT;56034;8;;;;;56041;10;;;;;56037.5;0.0
43;34600;ASH_COATED_OSMIUM;9995;12;9994;15;9992;14;10011;26;10013;14;10016;22;10003.0;0.0
43;34600;INTARIAN_PEPPER_ROOT;56032;10;56030;10;56028;25;56049;19;56051;8;56052;12;56040.5;0.0
43;34700;ASH_COATED_OSMIUM;9990;15;9989;12;;;10009;15;10012;20;;;9999.5;0.0
43;34700;INTARIAN_PEPPER_ROOT;56028;11;56026;10;56024;8;56042;10;56045;8;56046;8;56035.5;0.0
43;34800;ASH_COATED_OSMIUM;9985;12;;;;;10004;14;;;;;9994.5;0.0
43;34800;INTARIAN_PEPPER_ROOT;56025;10;;;;;56039;10;;;;;56032.5;0.0
43;34900;ASH_COATED_OSMIUM;9979;15;9977;13;;;9995;11;9998;15;;;9987.5;0.0
43;34900;INTARIAN_PEPPER_ROOT;56027;8;56026;10;56024;11;56040;10;56042;10;56044;9;56034.0;0.0
43;35000;ASH_COATED_OSMIUM;9982;11;9979;12;;;9998;21;10000;12;;;9990.5;0.0
43;35000;INTARIAN_PEPPER_ROOT;56030;11;;;;;56043;24;;;;;56037.0;0.0
43;35100;ASH_COATED_OSMIUM;9986;14;9984;27;9982;12;10002;10;10004;30;10005;12;9994.0;0.0
43;35100;INTARIAN_PEPPER_ROOT;56031;9;;;;;56042;8;;;;;56037.0;0.0
43;35200;ASH_COATED_OSMIUM;9986;11;;;;;10002;11;;;;;9994.0;0.0
43;35200;INTARIAN_PEPPER_ROOT;56028;8;;;;;56041;12;;;;;56035.0;0.0
43;35300;ASH_COATED_OSMIUM;9983;15;;;;;9999;28;;;;;9991.0;0.0
43;35300;INTARIAN_PEPPER_ROOT;56030;12;56028;11;56026;9;56046;22;56049;12;56051;11;56038.0;0.0
43;35400;ASH_COATED_OSMIUM;9990;10;9989;13;9987;12;10001;6;10003;12;10005;15;9996.0;0.0
43;35400;INTARIAN_PEPPER_ROOT;56031;23;56030;11;56028;9;56043;8;56045;18;56047;5;56037.5;0.0
43;35500;ASH_COATED_OSMIUM;9997;10;9995;14;9992;14;10013;13;10015;15;10018;10;10005.5;0.0
43;35500;INTARIAN_PEPPER_ROOT;56027;8;56026;23;;;56040;10;56042;9;;;56034.0;0.0
43;35600;ASH_COATED_OSMIUM;9999;14;9998;14;;;10015;11;10017;14;;;10007.0;0.0
43;35600;INTARIAN_PEPPER_ROOT;56025;12;;;;;56042;10;;;;;56033.5;0.0
43;35700;ASH_COATED_OSMIUM;9998;14;9996;12;;;10019;11;10020;15;;;10009.0;0.0
43;35700;INTARIAN_PEPPER_ROOT;56031;9;56030;11;;;56043;8;56045;8;;;56037.5;0.0
43;35800;ASH_COATED_OSMIUM;9997;14;;;;;10018;10;;;;;10008.0;0.0
43;35800;INTARIAN_PEPPER_ROOT;56030;24;56029;10;56028;11;56043;23;56046;15;56048;19;56037.0;0.0
43;35900;ASH_COATED_OSMIUM;9995;10;;;;;10011;14;;;;;10003.0;0.0
43;35900;INTARIAN_PEPPER_ROOT;56031;9;56029;17;;;56048;24;56049;12;;;56039.5;0.0
43;36000;ASH_COATED_OSMIUM;9993;4;;;;;10009;11;;;;;10001.5;0.0
43;36000;INTARIAN_PEPPER_ROOT;56030;8;;;;;56047;8;;;;;56039.0;0.0
43;36100;ASH_COATED_OSMIUM;9991;4;9989;14;;;10007;10;10009;22;;;9999.0;0.0
43;36100;INTARIAN_PEPPER_ROOT;56029;11;;;;;56045;9;;;;;56037.5;0.0
43;36200;ASH_COATED_OSMIUM;9995;21;;;;;10011;10;;;;;10003.5;0.0
43;36200;INTARIAN_PEPPER_ROOT;56029;9;;;;;56041;15;;;;;56035.0;0.0
43;36300;ASH_COATED_OSMIUM;9997;15;;;;;10013;14;;;;;10005.5;0.0
43;36300;INTARIAN_PEPPER_ROOT;56029;23;;;;;56043;9;;;;;56036.0;0.0
43;36400;ASH_COATED_OSMIUM;9991;13;;;;;10007;21;;;;;9999.5;0.0
43;36400;INTARIAN_PEPPER_ROOT;56029;9;56027;10;56024;11;56043;15;56046;12;56047;24;56036.5;0.0
43;36500;ASH_COATED_OSMIUM;9992;23;9990;11;;;10011;11;10014;11;;;10002.0;0.0
43;36500;INTARIAN_PEPPER_ROOT;56031;21;;;;;56044;10;;;;;56037.5;0.0
43;36600;ASH_COATED_OSMIUM;9987;10;;;;;10003;11;;;;;9995.5;0.0
43;36600;INTARIAN_PEPPER_ROOT;56030;10;;;;;56047;10;;;;;56038.5;0.0
43;36700;ASH_COATED_OSMIUM;9992;14;9989;14;9988;10;10008;14;10009;11;10010;10;10000.0;0.0
43;36700;INTARIAN_PEPPER_ROOT;56032;11;56029;17;56028;19;56043;25;56044;11;56046;8;56037.5;0.0
43;36800;ASH_COATED_OSMIUM;9997;30;9995;27;9994;14;10013;11;10016;10;10019;12;10005.5;0.0
43;36800;INTARIAN_PEPPER_ROOT;56027;11;56024;11;;;56040;10;56042;19;;;56034.0;0.0
43;36900;ASH_COATED_OSMIUM;9992;12;9989;26;;;10013;11;10016;12;;;10003.0;0.0
43;36900;INTARIAN_PEPPER_ROOT;56032;19;;;;;56044;8;;;;;56038.0;0.0
43;37000;ASH_COATED_OSMIUM;9996;13;;;;;10012;13;;;;;10004.5;0.0
43;37000;INTARIAN_PEPPER_ROOT;56031;10;;;;;56042;9;;;;;56037.0;0.0
43;37100;ASH_COATED_OSMIUM;9991;12;;;;;10007;20;;;;;9999.0;0.0
43;37100;INTARIAN_PEPPER_ROOT;56029;19;;;;;56042;8;;;;;56035.5;0.0
43;37200;ASH_COATED_OSMIUM;9991;15;;;;;10010;14;;;;;10001.0;0.0
43;37200;INTARIAN_PEPPER_ROOT;56028;10;56027;9;56026;10;56040;18;56043;10;56045;11;56034.0;0.0
43;37300;ASH_COATED_OSMIUM;9993;10;9991;15;;;10012;10;10014;28;;;10002.5;0.0
43;37300;INTARIAN_PEPPER_ROOT;56025;9;56022;10;56019;11;56037;8;56039;9;56040;23;56031.0;0.0
43;37400;ASH_COATED_OSMIUM;9995;7;9992;14;;;10014;15;10016;13;;;10004.5;0.0
43;37400;INTARIAN_PEPPER_ROOT;56032;10;56029;11;;;56046;8;56047;8;;;56039.5;0.0
43;37500;ASH_COATED_OSMIUM;9993;13;;;;;10002;15;;;;;9998.0;0.0
43;37500;INTARIAN_PEPPER_ROOT;56030;8;56029;12;;;56042;24;56044;8;;;56036.5;0.0
43;37600;ASH_COATED_OSMIUM;9986;11;9983;13;9981;12;10005;13;10008;11;10009;13;9995.5;0.0
43;37600;INTARIAN_PEPPER_ROOT;56028;11;56027;11;56026;24;56042;12;56045;10;56048;25;56035.0;0.0
43;37700;ASH_COATED_OSMIUM;9991;14;;;;;10007;10;;;;;9999.0;0.0
43;37700;INTARIAN_PEPPER_ROOT;56028;12;;;;;56043;11;;;;;56036.0;0.0
43;37800;ASH_COATED_OSMIUM;9992;27;9990;15;;;10008;14;10011;26;;;10000.5;0.0
43;37800;INTARIAN_PEPPER_ROOT;56034;16;56031;9;56028;10;56048;19;56050;11;56052;8;56041.0;0.0
43;37900;ASH_COATED_OSMIUM;9989;24;;;;;10005;11;;;;;9997.0;0.0
43;37900;INTARIAN_PEPPER_ROOT;56032;11;56029;10;;;56044;12;56047;10;;;56038.5;0.0
43;38000;ASH_COATED_OSMIUM;9990;15;9989;6;9986;11;10006;10;10008;11;10011;14;9998.0;0.0
43;38000;INTARIAN_PEPPER_ROOT;56029;19;56028;9;;;56042;9;56045;22;;;56035.5;0.0
43;38100;ASH_COATED_OSMIUM;9988;10;9986;12;;;10004;15;10006;13;;;9996.0;0.0
43;38100;INTARIAN_PEPPER_ROOT;56028;11;56026;8;56024;12;56045;10;56047;8;56050;12;56037.0;0.0
43;38200;ASH_COATED_OSMIUM;9981;30;9980;14;9979;13;9999;30;10001;20;10002;11;9990.5;0.0
43;38200;INTARIAN_PEPPER_ROOT;56033;10;56030;11;;;56046;18;56049;12;;;56039.5;0.0
43;38300;ASH_COATED_OSMIUM;9980;11;;;;;9996;13;;;;;9988.0;0.0
43;38300;INTARIAN_PEPPER_ROOT;56035;8;56032;24;56030;9;56046;11;56048;11;56049;9;56041.0;0.0
43;38400;ASH_COATED_OSMIUM;9981;3;;;;;9997;2;;;;;9989.5;0.0
43;38400;INTARIAN_PEPPER_ROOT;56032;11;56029;8;56028;12;56046;10;56048;12;56051;12;56039.5;0.0
43;38500;ASH_COATED_OSMIUM;9984;12;9982;15;;;10000;14;10002;26;;;9992.5;0.0
43;38500;INTARIAN_PEPPER_ROOT;56031;25;;;;;56044;10;;;;;56037.5;0.0
43;38600;ASH_COATED_OSMIUM;9981;10;9980;14;;;9997;11;9999;12;;;9989.5;0.0
43;38600;INTARIAN_PEPPER_ROOT;56028;12;;;;;56042;20;;;;;56035.5;0.0
43;38700;ASH_COATED_OSMIUM;9982;14;9981;12;;;9998;10;9999;12;;;9990.0;0.0
43;38700;INTARIAN_PEPPER_ROOT;56027;8;;;;;56045;11;;;;;56036.0;0.0
43;38800;ASH_COATED_OSMIUM;9986;12;9985;10;;;10002;11;10003;11;;;9994.0;0.0
43;38800;INTARIAN_PEPPER_ROOT;56035;9;;;;;56048;24;;;;;56042.0;0.0
43;38900;ASH_COATED_OSMIUM;9985;11;;;;;10001;24;;;;;9993.0;0.0
43;38900;INTARIAN_PEPPER_ROOT;56039;9;56036;11;;;56050;9;56052;9;;;56045.0;0.0
43;39000;ASH_COATED_OSMIUM;9986;29;;;;;10002;11;;;;;9994.0;0.0
43;39000;INTARIAN_PEPPER_ROOT;56033;11;56032;9;;;56045;11;56047;7;;;56039.0;0.0
43;39100;ASH_COATED_OSMIUM;9989;11;;;;;10007;13;;;;;9998.0;0.0
43;39100;INTARIAN_PEPPER_ROOT;56033;11;56032;9;56031;9;56045;21;56046;8;56049;17;56039.5;0.0
43;39200;ASH_COATED_OSMIUM;9992;11;9989;14;9986;14;10008;13;10009;24;10012;10;10000.5;0.0
43;39200;INTARIAN_PEPPER_ROOT;56033;8;56030;11;56029;10;56044;25;56046;15;56047;9;56039.0;0.0
43;39300;ASH_COATED_OSMIUM;9993;13;9992;12;;;10009;14;10010;14;;;10001.0;0.0
43;39300;INTARIAN_PEPPER_ROOT;56031;9;;;;;56044;8;;;;;56038.0;0.0
43;39400;ASH_COATED_OSMIUM;9990;20;9987;11;9985;11;10009;11;10011;5;10013;15;9999.5;0.0
43;39400;INTARIAN_PEPPER_ROOT;56034;11;56033;11;;;56046;12;56048;10;;;56040.0;0.0
43;39500;ASH_COATED_OSMIUM;9991;14;9988;10;;;10009;3;10010;13;;;10000.5;0.0
43;39500;INTARIAN_PEPPER_ROOT;56032;10;56031;10;;;56046;8;56049;8;;;56039.5;0.0
43;39600;ASH_COATED_OSMIUM;9992;14;;;;;10008;11;;;;;10000.0;0.0
43;39600;INTARIAN_PEPPER_ROOT;56032;12;;;;;56048;25;;;;;56040.5;0.0
43;39700;ASH_COATED_OSMIUM;9989;14;9986;11;;;10007;10;10010;13;;;9998.0;0.0
43;39700;INTARIAN_PEPPER_ROOT;56033;11;;;;;56052;8;;;;;56042.5;0.0
43;39800;ASH_COATED_OSMIUM;9984;10;;;;;10003;11;;;;;9994.0;0.0
43;39800;INTARIAN_PEPPER_ROOT;56033;16;;;;;56050;15;;;;;56042.0;0.0
43;39900;ASH_COATED_OSMIUM;9985;11;9984;14;9982;13;10001;11;10002;10;10005;13;9993.0;0.0
43;39900;INTARIAN_PEPPER_ROOT;56036;17;;;;;56048;9;;;;;56042.5;0.0
43;40000;ASH_COATED_OSMIUM;9988;12;9985;11;;;10007;12;10010;11;;;9997.5;0.0
43;40000;INTARIAN_PEPPER_ROOT;56034;9;56032;25;;;56048;11;56050;8;;;56041.0;0.0
43;40100;ASH_COATED_OSMIUM;9992;14;;;;;10008;12;;;;;10000.0;0.0
43;40100;INTARIAN_PEPPER_ROOT;56033;11;56030;10;56029;11;56047;9;56050;12;56053;10;56040.0;0.0
43;40200;ASH_COATED_OSMIUM;9990;11;9989;13;9987;15;10009;2;10011;11;10012;14;10000.0;0.0
43;40200;INTARIAN_PEPPER_ROOT;56037;10;;;;;56048;8;;;;;56043.0;0.0
43;40300;ASH_COATED_OSMIUM;9999;15;9996;15;9993;11;10015;15;10017;15;10018;11;10007.0;0.0
43;40300;INTARIAN_PEPPER_ROOT;56035;8;56032;11;;;56047;8;56048;12;;;56041.0;0.0
43;40400;ASH_COATED_OSMIUM;10000;23;9998;10;;;10007;14;10008;14;;;10003.5;0.0
43;40400;INTARIAN_PEPPER_ROOT;56031;12;56028;10;;;56045;12;56047;11;;;56038.5;0.0
43;40500;ASH_COATED_OSMIUM;9991;4;;;;;10007;10;;;;;9999.0;0.0
43;40500;INTARIAN_PEPPER_ROOT;56037;11;56034;17;;;56053;12;56056;15;;;56045.5;0.0
43;40600;ASH_COATED_OSMIUM;9992;13;9989;13;;;10008;13;10009;11;;;10000.0;0.0
43;40600;INTARIAN_PEPPER_ROOT;56036;10;;;;;56049;9;;;;;56042.5;0.0
43;40700;ASH_COATED_OSMIUM;9983;15;9980;14;9978;28;10002;27;10005;14;10006;10;9993.0;0.0
43;40700;INTARIAN_PEPPER_ROOT;56033;9;56032;9;;;56051;9;56052;9;;;56042.5;0.0
43;40800;ASH_COATED_OSMIUM;9982;13;9980;15;;;10003;13;10006;15;;;9993.0;0.0
43;40800;INTARIAN_PEPPER_ROOT;56033;11;56031;8;;;56050;11;56053;11;;;56041.5;0.0
43;40900;ASH_COATED_OSMIUM;9983;12;9980;14;9977;10;9999;10;10000;14;10003;15;9991.5;0.0
43;40900;INTARIAN_PEPPER_ROOT;56033;9;;;;;56046;8;;;;;56039.5;0.0
43;41000;ASH_COATED_OSMIUM;9986;15;9984;12;;;10002;12;10005;10;;;9994.5;0.0
43;41000;INTARIAN_PEPPER_ROOT;56033;21;;;;;56045;10;;;;;56039.5;0.0
43;41100;ASH_COATED_OSMIUM;9989;12;9988;13;9987;22;10005;12;10006;13;10009;14;9997.0;0.0
43;41100;INTARIAN_PEPPER_ROOT;56035;11;;;;;56048;11;;;;;56041.5;0.0
43;41200;ASH_COATED_OSMIUM;9982;14;;;;;10001;26;;;;;9992.0;0.0
43;41200;INTARIAN_PEPPER_ROOT;56032;10;56030;12;56029;8;56048;8;56050;11;56051;10;56040.0;0.0
43;41300;ASH_COATED_OSMIUM;9983;11;9980;12;;;9999;29;10001;15;;;9991.5;0.0
43;41300;INTARIAN_PEPPER_ROOT;56031;8;56029;12;56027;22;56045;12;56047;8;56050;16;56038.5;0.0
43;41400;ASH_COATED_OSMIUM;9980;12;9978;13;9975;23;9996;13;9999;14;10001;20;9988.5;0.0
43;41400;INTARIAN_PEPPER_ROOT;56036;11;56033;11;;;56049;8;56052;10;;;56042.5;0.0
43;41500;ASH_COATED_OSMIUM;9982;20;9979;10;9976;13;9998;13;9999;14;10000;12;9990.0;0.0
43;41500;INTARIAN_PEPPER_ROOT;56038;8;;;;;56050;8;;;;;56044.5;0.0
43;41600;ASH_COATED_OSMIUM;9987;15;;;;;10005;15;;;;;9996.5;0.0
43;41600;INTARIAN_PEPPER_ROOT;56033;16;;;;;56045;11;;;;;56039.0;0.0
43;41700;ASH_COATED_OSMIUM;9993;25;9991;14;;;10009;14;10011;15;;;10001.5;0.0
43;41700;INTARIAN_PEPPER_ROOT;56034;11;;;;;56048;12;;;;;56041.0;0.0
43;41800;ASH_COATED_OSMIUM;9992;2;9989;13;;;10010;13;10013;21;;;10001.5;0.0
43;41800;INTARIAN_PEPPER_ROOT;56034;9;56031;8;56028;9;56047;12;56050;11;56051;19;56041.0;0.0
43;41900;ASH_COATED_OSMIUM;9988;20;;;;;10007;11;;;;;9997.5;0.0
43;41900;INTARIAN_PEPPER_ROOT;56036;16;;;;;56049;12;;;;;56042.5;0.0
43;42000;ASH_COATED_OSMIUM;9996;15;9995;11;;;10012;15;10015;13;;;10004.5;0.0
43;42000;INTARIAN_PEPPER_ROOT;56030;10;56028;8;;;56043;11;56044;9;;;56036.5;0.0
43;42100;ASH_COATED_OSMIUM;9991;14;;;;;10010;10;;;;;10001.0;0.0
43;42100;INTARIAN_PEPPER_ROOT;56032;16;56031;18;56030;8;56046;25;56047;9;56050;9;56039.5;0.0
43;42200;ASH_COATED_OSMIUM;9993;11;;;;;10012;13;;;;;10002.5;0.0
43;42200;INTARIAN_PEPPER_ROOT;56036;12;;;;;56049;16;;;;;56043.0;0.0
43;42300;ASH_COATED_OSMIUM;9989;14;9988;14;;;10005;12;10007;28;;;9997.5;0.0
43;42300;INTARIAN_PEPPER_ROOT;56037;12;56034;12;;;56052;10;56054;11;;;56045.0;0.0
43;42400;ASH_COATED_OSMIUM;9987;26;9984;24;;;10006;12;10007;14;;;9996.5;0.0
43;42400;INTARIAN_PEPPER_ROOT;56038;10;56037;12;;;56050;22;56053;12;;;56044.0;0.0
43;42500;ASH_COATED_OSMIUM;9993;14;9991;30;;;10009;12;10011;23;;;10001.5;0.0
43;42500;INTARIAN_PEPPER_ROOT;56033;9;56031;8;;;56045;12;56046;24;;;56039.0;0.0
43;42600;ASH_COATED_OSMIUM;9988;13;9986;11;;;10004;14;10005;7;;;9996.5;0.0
43;42600;INTARIAN_PEPPER_ROOT;56037;8;;;;;56051;10;;;;;56044.0;0.0
43;42700;ASH_COATED_OSMIUM;9984;11;9982;10;;;10000;10;10001;14;;;9992.5;0.0
43;42700;INTARIAN_PEPPER_ROOT;56039;12;;;;;56050;8;;;;;56044.5;0.0
43;42800;ASH_COATED_OSMIUM;9976;10;9974;12;;;9994;13;9996;15;;;9985.0;0.0
43;42800;INTARIAN_PEPPER_ROOT;56034;10;56031;8;;;56049;11;56050;8;;;56042.0;0.0
43;42900;ASH_COATED_OSMIUM;9979;15;;;;;9995;11;;;;;9987.5;0.0
43;42900;INTARIAN_PEPPER_ROOT;56037;12;56036;8;;;56050;3;56052;10;;;56043.5;0.0
43;43000;ASH_COATED_OSMIUM;9989;10;9986;13;;;10005;15;10007;10;;;9997.0;0.0
43;43000;INTARIAN_PEPPER_ROOT;56039;11;56038;12;56037;18;56052;21;56053;11;56054;15;56046.0;0.0
43;43100;ASH_COATED_OSMIUM;9988;10;;;;;10007;20;;;;;9998.0;0.0
43;43100;INTARIAN_PEPPER_ROOT;56042;9;;;;;56045;10;;;;;56044.0;0.0
43;43200;ASH_COATED_OSMIUM;9984;14;9981;10;9980;11;10000;15;10001;14;10004;14;9992.0;0.0
43;43200;INTARIAN_PEPPER_ROOT;56040;8;56039;9;;;56051;18;56053;12;;;56045.5;0.0
43;43300;ASH_COATED_OSMIUM;9985;14;9984;13;;;10001;12;10003;14;;;9993.0;0.0
43;43300;INTARIAN_PEPPER_ROOT;56033;8;56032;20;;;56048;11;56050;11;;;56041.0;0.0
43;43400;ASH_COATED_OSMIUM;9981;11;;;;;9997;21;;;;;9989.0;0.0
43;43400;INTARIAN_PEPPER_ROOT;56034;12;;;;;56050;12;;;;;56042.5;0.0
43;43500;ASH_COATED_OSMIUM;9982;12;9979;11;;;10000;29;10002;14;;;9991.5;0.0
43;43500;INTARIAN_PEPPER_ROOT;56033;8;;;;;56046;10;;;;;56040.0;0.0
43;43600;ASH_COATED_OSMIUM;9984;14;9983;27;9980;12;10000;12;10001;13;10002;10;9992.5;0.0
43;43600;INTARIAN_PEPPER_ROOT;56038;10;56037;23;;;56051;9;56053;16;;;56045.0;0.0
43;43700;ASH_COATED_OSMIUM;9977;11;;;;;9993;11;;;;;9985.5;0.0
43;43700;INTARIAN_PEPPER_ROOT;56035;12;56033;25;;;56047;9;56049;10;;;56041.0;0.0
43;43800;ASH_COATED_OSMIUM;9983;13;;;;;10001;12;;;;;9992.0;0.0
43;43800;INTARIAN_PEPPER_ROOT;56034;19;56032;9;;;56048;12;56049;11;;;56041.5;0.0
43;43900;ASH_COATED_OSMIUM;9986;13;9984;10;;;10002;14;10005;10;;;9994.5;0.0
43;43900;INTARIAN_PEPPER_ROOT;56033;10;;;;;56045;9;;;;;56039.0;0.0
43;44000;ASH_COATED_OSMIUM;9983;10;9982;12;9981;12;9999;10;10002;12;10005;14;9991.5;0.0
43;44000;INTARIAN_PEPPER_ROOT;56039;9;56038;11;56035;19;56053;8;56055;9;56057;10;56046.5;0.0
43;44100;ASH_COATED_OSMIUM;9986;13;9984;11;;;10002;30;10005;12;;;9994.5;0.0
43;44100;INTARIAN_PEPPER_ROOT;56040;9;56038;9;56035;9;56052;11;56055;25;56056;12;56046.0;0.0
43;44200;ASH_COATED_OSMIUM;9983;13;;;;;9999;24;;;;;9991.5;0.0
43;44200;INTARIAN_PEPPER_ROOT;56036;22;;;;;56049;8;;;;;56042.5;0.0
43;44300;ASH_COATED_OSMIUM;9990;14;9987;10;;;10006;13;10008;10;;;9998.5;0.0
43;44300;INTARIAN_PEPPER_ROOT;56040;8;;;;;56053;10;;;;;56047.0;0.0
43;44400;ASH_COATED_OSMIUM;9987;29;9984;13;9981;11;10003;14;10004;15;10007;27;9995.5;0.0
43;44400;INTARIAN_PEPPER_ROOT;56038;11;56037;12;56034;9;56050;8;56051;18;56053;8;56044.5;0.0
43;44500;ASH_COATED_OSMIUM;9993;3;;;;;10009;29;;;;;10001.5;0.0
43;44500;INTARIAN_PEPPER_ROOT;56039;11;56037;11;;;56051;12;56053;8;;;56045.5;0.0
43;44600;ASH_COATED_OSMIUM;9992;14;9990;12;;;10008;13;10010;12;;;10000.0;0.0
43;44600;INTARIAN_PEPPER_ROOT;56041;9;56040;8;;;56054;8;56056;9;;;56048.0;0.0
43;44700;ASH_COATED_OSMIUM;9994;15;9993;13;9992;25;10010;15;10013;13;10016;15;10002.0;0.0
43;44700;INTARIAN_PEPPER_ROOT;56040;8;56039;9;56038;19;56052;11;56053;8;56055;23;56046.5;0.0
43;44800;ASH_COATED_OSMIUM;9995;11;9994;13;9991;11;10011;2;10012;12;10015;13;10003.0;0.0
43;44800;INTARIAN_PEPPER_ROOT;56039;17;56036;24;;;56052;12;56053;9;;;56045.5;0.0
43;44900;ASH_COATED_OSMIUM;9994;13;9991;15;;;10013;14;10016;13;;;10003.5;0.0
43;44900;INTARIAN_PEPPER_ROOT;56038;23;56037;11;;;56050;12;56052;10;;;56044.5;0.0
43;45000;ASH_COATED_OSMIUM;9996;10;9995;27;9992;14;10012;10;10015;15;10016;12;10004.5;0.0
43;45000;INTARIAN_PEPPER_ROOT;56040;10;56039;22;;;56052;8;56055;9;;;56046.0;0.0
43;45100;ASH_COATED_OSMIUM;9989;14;9988;29;;;10010;15;10012;13;;;10000.0;0.0
43;45100;INTARIAN_PEPPER_ROOT;56040;12;56038;10;56035;11;56053;8;56055;23;56058;16;56047.0;0.0
43;45200;ASH_COATED_OSMIUM;9992;10;9989;15;;;10010;11;10011;11;;;10001.0;0.0
43;45200;INTARIAN_PEPPER_ROOT;56038;9;56037;8;;;56052;11;56054;8;;;56045.5;0.0
43;45300;ASH_COATED_OSMIUM;9991;13;;;;;10007;14;;;;;9999.0;0.0
43;45300;INTARIAN_PEPPER_ROOT;56039;23;;;;;56050;11;;;;;56045.0;0.0
43;45400;ASH_COATED_OSMIUM;9994;10;9992;28;;;10010;28;10012;13;;;10002.5;0.0
43;45400;INTARIAN_PEPPER_ROOT;56041;10;56039;11;56036;18;56057;8;56058;8;56060;10;56049.5;0.0
43;45500;ASH_COATED_OSMIUM;9988;27;9987;14;;;10006;10;10009;3;;;9997.0;0.0
43;45500;INTARIAN_PEPPER_ROOT;56039;11;;;;;56054;12;;;;;56046.5;0.0
43;45600;ASH_COATED_OSMIUM;9983;20;9982;5;;;10002;13;10003;13;;;9993.0;0.0
43;45600;INTARIAN_PEPPER_ROOT;56036;8;56035;11;;;56053;11;56056;12;;;56045.0;0.0
43;45700;ASH_COATED_OSMIUM;9986;10;9985;26;9983;11;10002;13;10005;15;10006;25;9994.5;0.0
43;45700;INTARIAN_PEPPER_ROOT;56040;10;;;;;56052;8;;;;;56046.5;0.0
43;45800;ASH_COATED_OSMIUM;9987;7;;;;;10006;23;;;;;9996.5;0.0
43;45800;INTARIAN_PEPPER_ROOT;56039;8;56037;18;;;56050;11;56052;25;;;56044.5;0.0
43;45900;ASH_COATED_OSMIUM;9988;24;9987;28;;;10004;15;10005;12;;;9996.5;0.0
43;45900;INTARIAN_PEPPER_ROOT;56044;8;56043;12;;;56056;25;56058;9;;;56050.0;0.0
43;46000;ASH_COATED_OSMIUM;9988;15;;;;;10004;15;;;;;9996.5;0.0
43;46000;INTARIAN_PEPPER_ROOT;56039;12;;;;;56056;24;;;;;56048.0;0.0
43;46100;ASH_COATED_OSMIUM;9989;11;;;;;10005;13;;;;;9997.0;0.0
43;46100;INTARIAN_PEPPER_ROOT;56038;11;;;;;56051;9;;;;;56044.5;0.0
43;46200;ASH_COATED_OSMIUM;9988;7;;;;;10006;11;;;;;9997.0;0.0
43;46200;INTARIAN_PEPPER_ROOT;56042;15;56039;19;56038;12;56054;11;56055;8;56057;12;56048.0;0.0
43;46300;ASH_COATED_OSMIUM;9991;13;9990;10;;;10007;25;10009;13;;;9999.0;0.0
43;46300;INTARIAN_PEPPER_ROOT;56040;10;56038;10;56036;10;56052;5;56055;8;56056;8;56046.0;0.0
43;46400;ASH_COATED_OSMIUM;9994;13;9993;29;;;10010;14;10011;11;;;10002.0;0.0
43;46400;INTARIAN_PEPPER_ROOT;56042;8;56039;8;;;56054;8;56057;11;;;56048.5;0.0
43;46500;ASH_COATED_OSMIUM;9999;11;;;;;10015;12;;;;;10007.5;0.0
43;46500;INTARIAN_PEPPER_ROOT;56045;11;56044;11;;;56056;8;56059;10;;;56051.0;0.0
43;46600;ASH_COATED_OSMIUM;9999;10;9998;11;9996;10;10015;12;10018;10;10021;13;10007.5;0.0
43;46600;INTARIAN_PEPPER_ROOT;56038;10;56037;9;56035;12;56055;9;56057;12;56060;12;56046.5;0.0
43;46700;ASH_COATED_OSMIUM;10001;10;9998;14;;;10017;15;10019;10;;;10009.0;0.0
43;46700;INTARIAN_PEPPER_ROOT;56044;8;56042;11;56040;8;56055;11;56058;10;56060;10;56049.5;0.0
43;46800;ASH_COATED_OSMIUM;10001;15;10000;14;9998;15;10017;13;10020;14;10021;10;10009.0;0.0
43;46800;INTARIAN_PEPPER_ROOT;56040;12;56038;12;56035;12;56053;8;56056;11;56057;9;56046.5;0.0
43;46900;ASH_COATED_OSMIUM;10006;7;10003;15;10002;10;10022;13;10025;15;10028;11;10014.0;0.0
43;46900;INTARIAN_PEPPER_ROOT;56040;16;56039;9;;;56051;10;56052;25;;;56046.0;0.0
43;47000;ASH_COATED_OSMIUM;9998;5;9995;15;9992;11;10014;15;10016;11;10019;22;10006.5;0.0
43;47000;INTARIAN_PEPPER_ROOT;56038;11;;;;;56053;12;;;;;56045.5;0.0
43;47100;ASH_COATED_OSMIUM;10001;12;10000;15;;;10019;10;10021;14;;;10010.5;0.0
43;47100;INTARIAN_PEPPER_ROOT;56042;10;;;;;56050;8;;;;;56046.5;0.0
43;47200;ASH_COATED_OSMIUM;10002;28;10001;12;9998;15;10018;12;10020;13;10021;15;10010.0;0.0
43;47200;INTARIAN_PEPPER_ROOT;56044;12;56043;12;;;56056;9;56058;8;;;56050.0;0.0
43;47300;ASH_COATED_OSMIUM;9998;11;9995;12;;;10014;6;10016;11;;;10006.0;0.0
43;47300;INTARIAN_PEPPER_ROOT;56040;12;56038;12;56037;8;56052;8;56055;8;56057;9;56046.5;0.0
43;47400;ASH_COATED_OSMIUM;9999;14;9998;14;;;10017;15;10018;21;;;10008.5;0.0
43;47400;INTARIAN_PEPPER_ROOT;56042;9;56039;18;;;56056;12;56058;9;;;56049.0;0.0
43;47500;ASH_COATED_OSMIUM;10001;27;;;;;10017;13;;;;;10009.5;0.0
43;47500;INTARIAN_PEPPER_ROOT;56042;9;;;;;56056;11;;;;;56049.5;0.0
43;47600;ASH_COATED_OSMIUM;9998;14;9996;29;9994;23;10014;10;10015;13;10017;15;10006.5;0.0
43;47600;INTARIAN_PEPPER_ROOT;56039;3;56036;11;;;56052;18;56054;10;;;56046.0;0.0
43;47700;ASH_COATED_OSMIUM;9995;14;9992;27;;;10005;14;10008;14;;;10000.5;0.0
43;47700;INTARIAN_PEPPER_ROOT;56036;22;56034;11;;;56052;10;56053;11;;;56044.0;0.0
43;47800;ASH_COATED_OSMIUM;9995;23;;;;;10014;12;;;;;10004.5;0.0
43;47800;INTARIAN_PEPPER_ROOT;56046;10;;;;;56058;10;;;;;56052.0;0.0
43;47900;ASH_COATED_OSMIUM;9994;12;9991;11;9990;14;10010;15;10013;23;10015;14;10002.5;0.0
43;47900;INTARIAN_PEPPER_ROOT;56039;12;56036;10;;;56056;17;56058;24;;;56048.0;0.0
43;48000;ASH_COATED_OSMIUM;9996;13;9994;15;9993;12;10012;5;10014;15;10016;11;10004.5;0.0
43;48000;INTARIAN_PEPPER_ROOT;56036;21;56033;12;56032;24;56053;8;56055;12;56058;11;56045.0;0.0
43;48100;ASH_COATED_OSMIUM;9997;11;9994;14;9993;15;10013;11;10014;20;10017;13;10005.5;0.0
43;48100;INTARIAN_PEPPER_ROOT;56044;9;56042;12;;;56058;11;56061;12;;;56051.0;0.0
43;48200;ASH_COATED_OSMIUM;10000;15;9997;10;;;10018;10;10019;14;;;10009.0;0.0
43;48200;INTARIAN_PEPPER_ROOT;56042;18;56039;17;56037;10;56056;12;56059;9;56061;25;56049.0;0.0
43;48300;ASH_COATED_OSMIUM;9997;11;9994;30;9993;10;10013;10;10015;13;10018;29;10005.5;0.0
43;48300;INTARIAN_PEPPER_ROOT;56042;12;;;;;56059;3;;;;;56050.5;0.0
43;48400;ASH_COATED_OSMIUM;9991;14;;;;;10007;15;;;;;9999.0;0.0
43;48400;INTARIAN_PEPPER_ROOT;56039;8;56037;9;;;56056;16;56059;12;;;56047.5;0.0
43;48500;ASH_COATED_OSMIUM;9987;13;9986;13;;;10003;10;10005;15;;;9995.0;0.0
43;48500;INTARIAN_PEPPER_ROOT;56044;8;56042;12;;;56056;11;56057;10;;;56050.0;0.0
43;48600;ASH_COATED_OSMIUM;9994;14;;;;;10003;15;;;;;9999.0;0.0
43;48600;INTARIAN_PEPPER_ROOT;56044;10;56042;10;;;56057;12;56059;9;;;56051.0;0.0
43;48700;ASH_COATED_OSMIUM;9988;10;9987;26;;;10004;20;10005;14;;;9996.5;0.0
43;48700;INTARIAN_PEPPER_ROOT;56043;10;56040;12;;;56056;9;56059;8;;;56049.5;0.0
43;48800;ASH_COATED_OSMIUM;9991;25;9988;14;9985;15;10007;14;10010;11;10011;12;9999.0;0.0
43;48800;INTARIAN_PEPPER_ROOT;56041;15;;;;;56055;11;;;;;56048.0;0.0
43;48900;ASH_COATED_OSMIUM;9989;27;9986;14;9984;14;10007;15;10009;27;10011;27;9998.5;0.0
43;48900;INTARIAN_PEPPER_ROOT;56040;21;;;;;56053;10;;;;;56046.5;0.0
43;49000;ASH_COATED_OSMIUM;9992;10;9991;11;;;10011;14;10012;11;;;10002.0;0.0
43;49000;INTARIAN_PEPPER_ROOT;56044;10;56043;12;56041;23;56056;11;56057;8;56059;10;56050.5;0.0
43;49100;ASH_COATED_OSMIUM;9988;15;9987;13;;;10009;13;10012;13;;;9998.5;0.0
43;49100;INTARIAN_PEPPER_ROOT;56040;24;56039;12;;;56054;12;56056;11;;;56047.5;0.0
43;49200;ASH_COATED_OSMIUM;9993;5;9992;13;;;10009;15;10012;15;;;10001.5;0.0
43;49200;INTARIAN_PEPPER_ROOT;56043;10;56042;8;;;56057;11;56060;9;;;56050.5;0.0
43;49300;ASH_COATED_OSMIUM;9986;20;;;;;10005;26;;;;;9995.5;0.0
43;49300;INTARIAN_PEPPER_ROOT;56046;10;;;;;56059;10;;;;;56053.0;0.0
43;49400;ASH_COATED_OSMIUM;9984;13;9982;10;;;10003;15;10005;11;;;9994.0;0.0
43;49400;INTARIAN_PEPPER_ROOT;56041;12;;;;;56053;8;;;;;56047.0;0.0
43;49500;ASH_COATED_OSMIUM;9987;12;;;;;10006;14;;;;;9996.5;0.0
43;49500;INTARIAN_PEPPER_ROOT;56045;10;;;;;56061;17;;;;;56053.0;0.0
43;49600;ASH_COATED_OSMIUM;9984;14;;;;;10000;11;;;;;9992.5;0.0
43;49600;INTARIAN_PEPPER_ROOT;56045;9;56044;21;56043;10;56060;11;56062;8;56064;8;56052.5;0.0
43;49700;ASH_COATED_OSMIUM;9987;14;9984;10;;;10003;11;10004;10;;;9995.5;0.0
43;49700;INTARIAN_PEPPER_ROOT;56042;10;56040;12;56039;10;56056;24;56058;8;56059;8;56049.0;0.0
43;49800;ASH_COATED_OSMIUM;9991;13;9988;6;9985;11;10007;20;10009;3;10012;10;9999.0;0.0
43;49800;INTARIAN_PEPPER_ROOT;56041;17;56040;12;;;56056;11;56059;9;;;56048.5;0.0
43;49900;ASH_COATED_OSMIUM;9985;11;9984;12;;;10001;14;10003;10;;;9993.5;0.0
43;49900;INTARIAN_PEPPER_ROOT;56040;11;56039;12;;;56057;18;56059;12;;;56049.0;0.0
43;50000;ASH_COATED_OSMIUM;9991;14;;;;;10010;11;;;;;10000.5;0.0
43;50000;INTARIAN_PEPPER_ROOT;56046;21;;;;;56057;8;;;;;56051.5;0.0
43;50100;ASH_COATED_OSMIUM;9994;13;9991;15;9989;13;10010;26;10012;11;10013;12;10002.0;0.0
43;50100;INTARIAN_PEPPER_ROOT;56045;9;56044;11;;;56059;11;56062;12;;;56052.5;0.0
43;50200;ASH_COATED_OSMIUM;9993;12;9991;30;;;10009;10;10012;10;;;10001.0;0.0
43;50200;INTARIAN_PEPPER_ROOT;56042;12;56039;10;;;56055;9;56058;11;;;56048.5;0.0
43;50300;ASH_COATED_OSMIUM;9997;13;9994;20;9991;27;10013;12;10016;13;10019;13;10005.5;0.0
43;50300;INTARIAN_PEPPER_ROOT;56042;12;;;;;56056;22;;;;;56049.5;0.0
43;50400;ASH_COATED_OSMIUM;9996;10;9993;10;9992;14;10014;11;10017;13;10019;14;10005.5;0.0
43;50400;INTARIAN_PEPPER_ROOT;56046;9;56044;8;56041;9;56058;25;56059;10;56061;8;56052.0;0.0
43;50500;ASH_COATED_OSMIUM;9999;14;9996;13;;;10015;14;10017;15;;;10007.0;0.0
43;50500;INTARIAN_PEPPER_ROOT;56047;8;56044;9;;;56058;12;56060;10;;;56053.0;0.0
43;50600;ASH_COATED_OSMIUM;9996;13;9993;24;;;10012;10;10013;15;;;10004.5;0.0
43;50600;INTARIAN_PEPPER_ROOT;56045;9;56044;9;;;56057;9;56060;9;;;56051.0;0.0
43;50700;ASH_COATED_OSMIUM;9999;15;9996;23;;;10015;13;10017;13;;;10007.0;0.0
43;50700;INTARIAN_PEPPER_ROOT;56050;9;56049;12;;;56063;12;56066;10;;;56057.0;0.0
43;50800;ASH_COATED_OSMIUM;10000;15;9999;23;;;10016;5;10018;14;;;10008.5;0.0
43;50800;INTARIAN_PEPPER_ROOT;56046;8;56044;12;;;56058;11;56061;12;;;56052.5;0.0
43;50900;ASH_COATED_OSMIUM;9994;13;9993;12;9992;11;10010;13;10013;11;10016;13;10002.0;0.0
43;50900;INTARIAN_PEPPER_ROOT;56044;20;56043;9;;;56057;11;56059;10;;;56051.0;0.0
43;51000;ASH_COATED_OSMIUM;9990;13;9988;11;9986;13;10006;15;10007;8;10010;13;9998.5;0.0
43;51000;INTARIAN_PEPPER_ROOT;56042;11;56039;11;;;56055;11;56056;11;;;56049.0;0.0
43;51100;ASH_COATED_OSMIUM;10000;11;;;;;10016;12;;;;;10008.5;0.0
43;51100;INTARIAN_PEPPER_ROOT;56040;12;56037;10;;;56054;12;56057;11;;;56047.5;0.0
43;51200;ASH_COATED_OSMIUM;9989;11;;;;;10005;14;;;;;9997.5;0.0
43;51200;INTARIAN_PEPPER_ROOT;56049;10;;;;;56060;15;;;;;56055.0;0.0
43;51300;ASH_COATED_OSMIUM;9988;12;9987;12;9986;14;10004;12;10005;11;10006;12;9996.0;0.0
43;51300;INTARIAN_PEPPER_ROOT;56043;8;56041;8;;;56058;9;56060;12;;;56050.5;0.0
43;51400;ASH_COATED_OSMIUM;9983;15;9981;11;;;10002;14;10005;13;;;9993.0;0.0
43;51400;INTARIAN_PEPPER_ROOT;56042;10;56041;12;56039;25;56056;9;56058;9;56061;9;56049.5;0.0
43;51500;ASH_COATED_OSMIUM;9987;12;9986;12;9983;12;10003;12;10004;12;10007;21;9995.0;0.0
43;51500;INTARIAN_PEPPER_ROOT;56046;11;56044;11;;;56057;11;56058;8;;;56051.5;0.0
43;51600;ASH_COATED_OSMIUM;9987;15;;;;;10003;20;;;;;9995.0;0.0
43;51600;INTARIAN_PEPPER_ROOT;56047;12;56046;8;;;56059;9;56062;12;;;56053.0;0.0
43;51700;ASH_COATED_OSMIUM;9984;20;9981;13;;;10000;10;10001;12;;;9992.0;0.0
43;51700;INTARIAN_PEPPER_ROOT;56045;11;56042;12;;;56059;10;56062;9;;;56052.0;0.0
43;51800;ASH_COATED_OSMIUM;9989;11;9987;11;9986;10;10005;10;10008;15;10011;3;9997.0;0.0
43;51800;INTARIAN_PEPPER_ROOT;56045;12;;;;;56060;12;;;;;56052.5;0.0
43;51900;ASH_COATED_OSMIUM;9994;12;9991;12;;;10007;14;10008;15;;;10000.5;0.0
43;51900;INTARIAN_PEPPER_ROOT;56045;8;56043;19;56041;19;56056;9;56057;8;56058;12;56051.0;0.0
43;52000;ASH_COATED_OSMIUM;9991;12;9990;11;9988;23;10009;14;10012;11;10015;26;10000.5;0.0
43;52000;INTARIAN_PEPPER_ROOT;56046;24;56044;25;56041;12;56058;17;56059;11;56060;20;56052.5;0.0
43;52100;ASH_COATED_OSMIUM;9997;30;;;;;10015;12;;;;;10006.5;0.0
43;52100;INTARIAN_PEPPER_ROOT;56044;12;;;;;56059;12;;;;;56051.5;0.0
43;52200;ASH_COATED_OSMIUM;9995;13;;;;;10011;14;;;;;10003.0;0.0
43;52200;INTARIAN_PEPPER_ROOT;56043;12;56041;12;56039;8;56059;10;56060;22;56061;11;56051.5;0.0
43;52300;ASH_COATED_OSMIUM;9992;11;9991;15;9990;12;10008;14;10010;11;10012;21;10000.0;0.0
43;52300;INTARIAN_PEPPER_ROOT;56047;11;;;;;56058;12;;;;;56052.5;0.0
43;52400;ASH_COATED_OSMIUM;9992;15;9989;14;;;10008;14;10011;28;;;10000.0;0.0
43;52400;INTARIAN_PEPPER_ROOT;56041;10;;;;;56056;25;;;;;56048.5;0.0
43;52500;ASH_COATED_OSMIUM;9990;4;9988;14;9987;27;10006;11;10008;12;10009;14;9998.0;0.0
43;52500;INTARIAN_PEPPER_ROOT;56047;12;;;;;56059;9;;;;;56053.0;0.0
43;52600;ASH_COATED_OSMIUM;9991;13;9990;12;9987;13;10010;14;10012;13;10013;11;10000.5;0.0
43;52600;INTARIAN_PEPPER_ROOT;56043;15;56041;12;;;56057;8;56059;8;;;56050.0;0.0
43;52700;ASH_COATED_OSMIUM;9990;12;9989;15;;;10006;10;10009;13;;;9998.5;0.0
43;52700;INTARIAN_PEPPER_ROOT;56046;9;56045;16;;;56060;11;56062;23;;;56053.5;0.0
43;52800;ASH_COATED_OSMIUM;9995;21;9992;15;9990;14;10011;11;10013;10;10016;15;10003.5;0.0
43;52800;INTARIAN_PEPPER_ROOT;56045;12;56044;9;56042;9;56056;11;56057;10;56058;12;56051.0;0.0
43;52900;ASH_COATED_OSMIUM;9990;15;;;;;10008;10;;;;;9999.0;0.0
43;52900;INTARIAN_PEPPER_ROOT;56046;10;56043;11;56041;10;56058;9;56061;10;56062;19;56052.5;0.0
43;53000;ASH_COATED_OSMIUM;9996;10;;;;;10014;22;;;;;10005.0;0.0
43;53000;INTARIAN_PEPPER_ROOT;56048;12;56045;9;;;56063;12;56064;17;;;56055.5;0.0
43;53100;ASH_COATED_OSMIUM;9995;13;9992;10;;;10011;15;10014;11;;;10003.0;0.0
43;53100;INTARIAN_PEPPER_ROOT;56047;23;56046;8;56045;8;56060;11;56062;10;56065;8;56054.0;0.0
43;53200;ASH_COATED_OSMIUM;9993;15;9990;11;9989;14;10009;29;10012;10;10013;10;10001.0;0.0
43;53200;INTARIAN_PEPPER_ROOT;56047;9;56045;11;;;56063;19;56066;11;;;56055.0;0.0
43;53300;ASH_COATED_OSMIUM;9985;14;9983;11;9980;24;10001;13;10003;2;10006;13;9993.0;0.0
43;53300;INTARIAN_PEPPER_ROOT;56044;10;;;;;56058;8;;;;;56051.0;0.0
43;53400;ASH_COATED_OSMIUM;9985;13;9984;14;9981;15;10001;10;10003;10;10004;14;9993.0;0.0
43;53400;INTARIAN_PEPPER_ROOT;56050;11;;;;;56065;11;;;;;56057.5;0.0
43;53500;ASH_COATED_OSMIUM;9987;10;9985;15;9982;14;10006;11;10007;15;10008;10;9996.5;0.0
43;53500;INTARIAN_PEPPER_ROOT;56047;12;56046;11;;;56061;9;56064;9;;;56054.5;0.0
43;53600;ASH_COATED_OSMIUM;9988;15;;;;;10006;13;;;;;9997.5;0.0
43;53600;INTARIAN_PEPPER_ROOT;56046;9;56045;11;;;56060;11;56063;8;;;56053.0;0.0
43;53700;ASH_COATED_OSMIUM;9989;14;9988;14;9985;11;10005;12;10007;15;10008;3;9997.5;0.0
43;53700;INTARIAN_PEPPER_ROOT;56051;8;56049;11;56048;11;56057;11;56059;10;56061;24;56054.0;0.0
43;53800;ASH_COATED_OSMIUM;9996;12;9993;24;9992;15;10012;10;10013;15;10016;10;10004.0;0.0
43;53800;INTARIAN_PEPPER_ROOT;56042;8;56041;11;;;56059;8;56060;9;;;56050.5;0.0
43;53900;ASH_COATED_OSMIUM;9997;3;9994;8;;;10016;13;10018;15;;;10006.5;0.0
43;53900;INTARIAN_PEPPER_ROOT;56043;10;;;;;56057;15;;;;;56050.0;0.0
43;54000;ASH_COATED_OSMIUM;9998;12;9996;11;;;10014;12;10015;13;;;10006.0;0.0
43;54000;INTARIAN_PEPPER_ROOT;56051;9;56049;12;;;56063;9;56066;8;;;56057.0;0.0
43;54100;ASH_COATED_OSMIUM;10004;11;10001;27;9998;12;10020;15;10022;12;10025;12;10012.0;0.0
43;54100;INTARIAN_PEPPER_ROOT;56045;8;;;;;56061;12;;;;;56053.0;0.0
43;54200;ASH_COATED_OSMIUM;10004;15;10002;12;10001;15;10011;12;10012;13;10015;15;10008.0;0.0
43;54200;INTARIAN_PEPPER_ROOT;56047;12;56046;8;56043;12;56059;11;56060;10;56061;11;56053.5;0.0
43;54300;ASH_COATED_OSMIUM;9995;12;;;;;10011;10;;;;;10003.5;0.0
43;54300;INTARIAN_PEPPER_ROOT;56045;9;56043;9;56042;12;56057;6;56058;22;56061;12;56051.5;0.0
43;54400;ASH_COATED_OSMIUM;9997;15;9995;14;9992;24;10013;11;10015;14;10016;14;10005.5;0.0
43;54400;INTARIAN_PEPPER_ROOT;56045;12;56042;12;;;56059;12;56060;10;;;56052.0;0.0
43;54500;ASH_COATED_OSMIUM;9995;15;9993;10;9990;14;10011;14;10013;12;10016;12;10003.0;0.0
43;54500;INTARIAN_PEPPER_ROOT;56050;11;56047;12;;;56061;12;56063;9;;;56055.5;0.0
43;54600;ASH_COATED_OSMIUM;9992;10;;;;;10008;14;;;;;10000.5;0.0
43;54600;INTARIAN_PEPPER_ROOT;56051;16;;;;;56063;11;;;;;56057.5;0.0
43;54700;ASH_COATED_OSMIUM;9990;14;;;;;10009;13;;;;;9999.5;0.0
43;54700;INTARIAN_PEPPER_ROOT;56052;17;56050;10;56047;11;56063;11;56066;19;56067;17;56057.5;0.0
43;54800;ASH_COATED_OSMIUM;9992;11;9989;12;9988;13;10008;12;10011;13;10014;11;10000.5;0.0
43;54800;INTARIAN_PEPPER_ROOT;56049;9;56048;9;;;56062;16;56065;8;;;56055.5;0.0
43;54900;ASH_COATED_OSMIUM;9994;15;9992;26;9991;10;10010;10;10013;21;10016;13;10002.5;0.0
43;54900;INTARIAN_PEPPER_ROOT;56045;8;56042;11;;;56059;11;56060;12;;;56052.5;0.0
43;55000;ASH_COATED_OSMIUM;9992;11;9989;10;;;10008;10;10010;15;;;10000.5;0.0
43;55000;INTARIAN_PEPPER_ROOT;56046;11;;;;;56057;9;;;;;56052.0;0.0
43;55100;ASH_COATED_OSMIUM;9989;23;;;;;10005;11;;;;;9997.5;0.0
43;55100;INTARIAN_PEPPER_ROOT;56052;10;56051;8;;;56068;8;56071;11;;;56060.5;0.0
43;55200;ASH_COATED_OSMIUM;9990;14;;;;;10006;11;;;;;9998.5;0.0
43;55200;INTARIAN_PEPPER_ROOT;56050;8;56047;9;56046;8;56062;24;56065;18;56068;22;56056.0;0.0
43;55300;ASH_COATED_OSMIUM;9987;11;9984;11;9982;10;10003;14;10005;11;10007;11;9995.5;0.0
43;55300;INTARIAN_PEPPER_ROOT;56047;10;;;;;56061;25;;;;;56054.0;0.0
43;55400;ASH_COATED_OSMIUM;9987;10;;;;;10003;10;;;;;9995.5;0.0
43;55400;INTARIAN_PEPPER_ROOT;56050;11;56047;9;;;56061;19;56064;9;;;56055.5;0.0
43;55500;ASH_COATED_OSMIUM;9979;10;9977;4;;;9997;14;10000;11;;;9988.5;0.0
43;55500;INTARIAN_PEPPER_ROOT;56047;11;;;;;56061;11;;;;;56054.5;0.0
43;55600;ASH_COATED_OSMIUM;9985;10;;;;;10001;12;;;;;9993.0;0.0
43;55600;INTARIAN_PEPPER_ROOT;56046;11;;;;;56063;10;;;;;56054.5;0.0
43;55700;ASH_COATED_OSMIUM;9988;25;9986;10;9985;11;10004;14;10005;12;10007;14;9996.0;0.0
43;55700;INTARIAN_PEPPER_ROOT;56053;22;;;;;56066;10;;;;;56060.0;0.0
43;55800;ASH_COATED_OSMIUM;9989;13;9986;10;;;10005;14;10008;24;;;9997.0;0.0
43;55800;INTARIAN_PEPPER_ROOT;56049;24;;;;;56066;8;;;;;56058.0;0.0
43;55900;ASH_COATED_OSMIUM;9985;11;;;;;10003;23;;;;;9994.5;0.0
43;55900;INTARIAN_PEPPER_ROOT;56047;24;;;;;56061;12;;;;;56054.5;0.0
43;56000;ASH_COATED_OSMIUM;9988;15;;;;;10004;15;;;;;9996.5;0.0
43;56000;INTARIAN_PEPPER_ROOT;56048;12;;;;;56060;9;;;;;56054.5;0.0
43;56100;ASH_COATED_OSMIUM;9987;14;9984;28;;;10003;10;10006;11;;;9995.0;0.0
43;56100;INTARIAN_PEPPER_ROOT;56054;11;56053;12;56052;11;56065;20;56066;11;56069;11;56059.5;0.0
43;56200;ASH_COATED_OSMIUM;9984;15;;;;;10000;14;;;;;9992.5;0.0
43;56200;INTARIAN_PEPPER_ROOT;56046;9;56044;8;56043;10;56062;8;56064;11;56066;8;56054.0;0.0
43;56300;ASH_COATED_OSMIUM;9982;20;9980;3;9978;14;9998;13;9999;14;10002;12;9990.5;0.0
43;56300;INTARIAN_PEPPER_ROOT;56047;8;56045;8;;;56064;12;56067;12;;;56056.0;0.0
43;56400;ASH_COATED_OSMIUM;9976;13;9975;15;9972;13;9992;10;9994;15;9997;14;9984.0;0.0
43;56400;INTARIAN_PEPPER_ROOT;56048;11;56046;11;56043;11;56061;10;56064;10;56066;25;56054.5;0.0
43;56500;ASH_COATED_OSMIUM;9977;14;9975;2;;;9993;26;9994;11;;;9985.5;0.0
43;56500;INTARIAN_PEPPER_ROOT;56049;11;;;;;56063;8;;;;;56056.5;0.0
43;56600;ASH_COATED_OSMIUM;9981;14;9978;10;9977;10;9999;2;10002;29;10003;22;9990.5;0.0
43;56600;INTARIAN_PEPPER_ROOT;56049;10;;;;;56065;9;;;;;56057.5;0.0
43;56700;ASH_COATED_OSMIUM;9980;14;;;;;9996;12;;;;;9988.5;0.0
43;56700;INTARIAN_PEPPER_ROOT;56048;12;56047;24;;;56059;8;56062;8;;;56054.0;0.0
43;56800;ASH_COATED_OSMIUM;9984;10;9982;11;;;10000;13;10003;10;;;9992.0;0.0
43;56800;INTARIAN_PEPPER_ROOT;56050;11;;;;;56063;11;;;;;56056.5;0.0
43;56900;ASH_COATED_OSMIUM;9982;14;9979;13;;;9998;11;10001;11;;;9990.5;0.0
43;56900;INTARIAN_PEPPER_ROOT;56051;8;56049;8;;;56064;12;56067;11;;;56057.5;0.0
43;57000;ASH_COATED_OSMIUM;9982;13;9980;11;;;9998;5;10001;23;;;9990.0;0.0
43;57000;INTARIAN_PEPPER_ROOT;56052;12;56051;8;;;56064;12;56065;11;;;56058.0;0.0
43;57100;ASH_COATED_OSMIUM;9987;14;9984;14;;;10003;11;10006;21;;;9995.0;0.0
43;57100;INTARIAN_PEPPER_ROOT;56046;22;56045;8;56042;10;56062;10;56064;9;56065;12;56054.5;0.0
43;57200;ASH_COATED_OSMIUM;9989;12;9987;15;9984;23;10005;13;10008;12;10009;11;9997.5;0.0
43;57200;INTARIAN_PEPPER_ROOT;56049;12;;;;;56060;8;;;;;56054.5;0.0
43;57300;ASH_COATED_OSMIUM;9996;13;;;;;10012;15;;;;;10004.0;0.0
43;57300;INTARIAN_PEPPER_ROOT;56052;12;56051;12;;;56063;11;56064;8;;;56057.5;0.0
43;57400;ASH_COATED_OSMIUM;9994;20;;;;;10015;10;;;;;10005.0;0.0
43;57400;INTARIAN_PEPPER_ROOT;56055;19;56052;8;;;56064;9;56066;11;;;56059.5;0.0
43;57500;ASH_COATED_OSMIUM;9994;13;9991;14;9990;11;10010;10;10013;12;10016;12;10002.5;0.0
43;57500;INTARIAN_PEPPER_ROOT;56048;12;;;;;56060;11;;;;;56054.0;0.0
43;57600;ASH_COATED_OSMIUM;9991;15;9990;30;;;10007;12;10008;15;;;9999.0;0.0
43;57600;INTARIAN_PEPPER_ROOT;56051;11;;;;;56063;8;;;;;56057.5;0.0
43;57700;ASH_COATED_OSMIUM;9992;14;;;;;10008;10;;;;;10000.5;0.0
43;57700;INTARIAN_PEPPER_ROOT;56056;9;56053;10;;;56068;11;56071;11;;;56062.5;0.0
43;57800;ASH_COATED_OSMIUM;9993;21;;;;;10012;15;;;;;10003.0;0.0
43;57800;INTARIAN_PEPPER_ROOT;56050;12;;;;;56064;16;;;;;56057.5;0.0
43;57900;ASH_COATED_OSMIUM;9994;3;9993;14;;;10010;10;10013;12;;;10002.0;0.0
43;57900;INTARIAN_PEPPER_ROOT;56052;12;56051;17;;;56065;12;56066;9;;;56059.0;0.0
43;58000;ASH_COATED_OSMIUM;9995;28;;;;;10014;10;;;;;10004.5;0.0
43;58000;INTARIAN_PEPPER_ROOT;56051;10;56050;9;56049;10;56062;21;56065;17;56067;16;56057.0;0.0
43;58100;ASH_COATED_OSMIUM;9990;11;9987;11;;;10006;12;10009;15;;;9998.0;0.0
43;58100;INTARIAN_PEPPER_ROOT;56052;12;56050;8;;;56068;11;56070;12;;;56060.0;0.0
43;58200;ASH_COATED_OSMIUM;9988;11;9986;11;9985;12;10004;10;10005;13;10008;10;9996.5;0.0
43;58200;INTARIAN_PEPPER_ROOT;56054;11;56053;21;;;56067;11;56069;9;;;56061.0;0.0
43;58300;ASH_COATED_OSMIUM;9993;21;;;;;10009;11;;;;;10001.5;0.0
43;58300;INTARIAN_PEPPER_ROOT;56053;8;;;;;56066;10;;;;;56059.5;0.0
43;58400;ASH_COATED_OSMIUM;9991;13;9989;14;;;10007;10;10009;11;;;9999.0;0.0
43;58400;INTARIAN_PEPPER_ROOT;56055;12;56053;12;;;56066;10;56067;9;;;56061.0;0.0
43;58500;ASH_COATED_OSMIUM;9986;12;9983;14;9981;15;10002;12;10005;13;10007;15;9994.0;0.0
43;58500;INTARIAN_PEPPER_ROOT;56047;8;;;;;56062;9;;;;;56055.0;0.0
43;58600;ASH_COATED_OSMIUM;9981;10;9980;13;;;9999;28;10001;27;;;9990.5;0.0
43;58600;INTARIAN_PEPPER_ROOT;56051;9;;;;;56064;9;;;;;56058.0;0.0
43;58700;ASH_COATED_OSMIUM;9978;12;;;;;9997;28;;;;;9988.0;0.0
43;58700;INTARIAN_PEPPER_ROOT;56054;10;;;;;56070;12;;;;;56062.0;0.0
43;58800;ASH_COATED_OSMIUM;9986;8;9985;12;;;9996;10;9998;30;;;9991.0;0.0
43;58800;INTARIAN_PEPPER_ROOT;56053;8;56051;12;;;56066;11;56068;10;;;56059.5;0.0
43;58900;ASH_COATED_OSMIUM;9980;12;9978;12;;;10001;13;10003;11;;;9990.5;0.0
43;58900;INTARIAN_PEPPER_ROOT;56050;10;56048;16;56046;12;56064;10;56067;11;56069;10;56057.0;0.0
43;59000;ASH_COATED_OSMIUM;9991;14;;;;;10009;22;;;;;10000.0;0.0
43;59000;INTARIAN_PEPPER_ROOT;56049;9;56046;9;;;56066;8;56069;25;;;56058.0;0.0
43;59100;ASH_COATED_OSMIUM;9993;14;9992;14;;;10009;11;10011;11;;;10001.5;0.0
43;59100;INTARIAN_PEPPER_ROOT;56054;11;;;;;56066;21;;;;;56060.5;0.0
43;59200;ASH_COATED_OSMIUM;9989;7;;;;;10005;20;;;;;9997.0;0.0
43;59200;INTARIAN_PEPPER_ROOT;56051;8;56049;11;;;56064;9;56067;12;;;56057.5;0.0
43;59300;ASH_COATED_OSMIUM;9989;15;9987;22;;;10005;10;10008;10;;;9997.0;0.0
43;59300;INTARIAN_PEPPER_ROOT;56051;10;56050;12;56047;12;56064;11;56065;10;56067;12;56058.0;0.0
43;59400;ASH_COATED_OSMIUM;9989;13;;;;;10005;12;;;;;9997.5;0.0
43;59400;INTARIAN_PEPPER_ROOT;56054;10;56052;11;56050;11;56067;9;56070;8;56072;9;56061.0;0.0
43;59500;ASH_COATED_OSMIUM;9993;12;9991;14;9989;11;10009;12;10010;15;10011;15;10001.5;0.0
43;59500;INTARIAN_PEPPER_ROOT;56055;8;56054;12;;;56068;8;56070;10;;;56062.0;0.0
43;59600;ASH_COATED_OSMIUM;9986;10;9984;10;9983;25;10004;10;10006;12;10007;10;9995.0;0.0
43;59600;INTARIAN_PEPPER_ROOT;56052;9;;;;;56066;9;;;;;56059.5;0.0
43;59700;ASH_COATED_OSMIUM;9987;20;9985;11;9982;22;10003;15;10004;11;10007;12;9995.5;0.0
43;59700;INTARIAN_PEPPER_ROOT;56050;9;;;;;56064;10;;;;;56057.5;0.0
43;59800;ASH_COATED_OSMIUM;9989;12;9986;14;9984;15;10008;15;10010;11;10013;10;9998.5;0.0
43;59800;INTARIAN_PEPPER_ROOT;56050;7;;;;;56062;12;;;;;56056.5;0.0
43;59900;ASH_COATED_OSMIUM;9983;13;9981;12;;;10002;11;10004;4;;;9993.0;0.0
43;59900;INTARIAN_PEPPER_ROOT;56052;11;56050;22;;;56063;10;56066;11;;;56058.0;0.0
43;60000;ASH_COATED_OSMIUM;9994;10;9991;15;9989;21;10010;29;10011;15;10014;21;10002.5;0.0
43;60000;INTARIAN_PEPPER_ROOT;56058;24;56056;12;;;56070;9;56073;10;;;56064.0;0.0
43;60100;ASH_COATED_OSMIUM;9995;10;9992;11;;;10011;13;10013;12;;;10003.5;0.0
43;60100;INTARIAN_PEPPER_ROOT;56062;12;56061;9;;;56064;15;56067;12;;;56063.0;0.0
43;60200;ASH_COATED_OSMIUM;9999;10;9998;11;;;10015;29;10018;13;;;10007.5;0.0
43;60200;INTARIAN_PEPPER_ROOT;56055;10;;;;;56069;12;;;;;56062.0;0.0
43;60300;ASH_COATED_OSMIUM;10000;15;9998;15;9996;13;10016;12;10018;14;10020;13;10008.5;0.0
43;60300;INTARIAN_PEPPER_ROOT;56051;11;56048;10;;;56065;11;56067;9;;;56058.5;0.0
43;60400;ASH_COATED_OSMIUM;10001;23;;;;;10017;10;;;;;10009.5;0.0
43;60400;INTARIAN_PEPPER_ROOT;56053;9;56052;4;;;56066;12;56067;10;;;56060.0;0.0
43;60500;ASH_COATED_OSMIUM;10000;15;;;;;10010;15;;;;;10005.0;0.0
43;60500;INTARIAN_PEPPER_ROOT;56056;10;56053;24;;;56070;9;56071;15;;;56063.0;0.0
43;60600;ASH_COATED_OSMIUM;9999;11;9998;10;9995;14;10015;25;10017;14;10020;14;10007.0;0.0
43;60600;INTARIAN_PEPPER_ROOT;56052;11;56050;9;;;56066;17;56067;18;;;56059.0;0.0
43;60700;ASH_COATED_OSMIUM;9995;14;9992;11;9990;22;10013;13;10016;24;10019;13;10004.0;0.0
43;60700;INTARIAN_PEPPER_ROOT;56057;12;;;;;56071;23;;;;;56064.0;0.0
43;60800;ASH_COATED_OSMIUM;9991;15;9989;20;;;10007;11;10008;9;;;9999.0;0.0
43;60800;INTARIAN_PEPPER_ROOT;56054;17;56051;12;;;56066;10;56068;22;;;56060.5;0.0
43;60900;ASH_COATED_OSMIUM;9993;13;9991;10;;;10004;14;10007;10;;;9999.0;0.0
43;60900;INTARIAN_PEPPER_ROOT;56047;11;56046;11;;;56064;8;56065;23;;;56055.5;0.0
43;61000;ASH_COATED_OSMIUM;9988;10;;;;;10004;10;;;;;9996.5;0.0
43;61000;INTARIAN_PEPPER_ROOT;56056;11;;;;;56068;8;;;;;56062.0;0.0
43;61100;ASH_COATED_OSMIUM;9981;13;;;;;9997;13;;;;;9989.0;0.0
43;61100;INTARIAN_PEPPER_ROOT;56060;10;56059;12;;;56063;10;56064;9;;;56061.5;0.0
43;61200;ASH_COATED_OSMIUM;9988;15;9985;11;;;10004;13;10007;11;;;9996.0;0.0
43;61200;INTARIAN_PEPPER_ROOT;56054;22;;;;;56069;8;;;;;56061.5;0.0
43;61300;ASH_COATED_OSMIUM;9988;14;9986;15;;;10004;14;10007;11;;;9996.0;0.0
43;61300;INTARIAN_PEPPER_ROOT;56056;4;56055;12;;;56067;9;56069;10;;;56061.5;0.0
43;61400;ASH_COATED_OSMIUM;9984;11;;;;;10000;12;;;;;9992.0;0.0
43;61400;INTARIAN_PEPPER_ROOT;56057;12;56056;10;56054;9;56071;9;56074;11;56076;10;56064.0;0.0
43;61500;ASH_COATED_OSMIUM;9983;11;9981;8;9978;11;10002;13;10003;11;10006;11;9992.5;0.0
43;61500;INTARIAN_PEPPER_ROOT;56057;11;56056;9;;;56070;12;56073;12;;;56063.5;0.0
43;61600;ASH_COATED_OSMIUM;9986;13;9984;13;;;10002;12;10004;12;;;9994.0;0.0
43;61600;INTARIAN_PEPPER_ROOT;56056;8;;;;;56067;9;;;;;56062.0;0.0
43;61700;ASH_COATED_OSMIUM;9992;12;9989;10;;;10008;13;10009;13;;;10000.5;0.0
43;61700;INTARIAN_PEPPER_ROOT;56054;25;56052;11;56049;17;56067;11;56068;10;56070;10;56061.0;0.0
43;61800;ASH_COATED_OSMIUM;9996;10;9994;10;;;10012;12;10015;9;;;10004.0;0.0
43;61800;INTARIAN_PEPPER_ROOT;56054;11;;;;;56069;8;;;;;56061.5;0.0
43;61900;ASH_COATED_OSMIUM;9992;28;;;;;10008;13;;;;;10000.5;0.0
43;61900;INTARIAN_PEPPER_ROOT;56056;19;56054;12;;;56069;22;56070;20;;;56062.5;0.0
43;62000;ASH_COATED_OSMIUM;9991;28;9988;27;;;10012;23;10015;11;;;10001.5;0.0
43;62000;INTARIAN_PEPPER_ROOT;56054;10;56052;10;;;56066;9;56068;22;;;56060.5;0.0
43;62100;ASH_COATED_OSMIUM;9996;15;;;;;10012;15;;;;;10004.5;0.0
43;62100;INTARIAN_PEPPER_ROOT;56058;8;56056;8;56054;12;56070;11;56073;12;56074;10;56064.5;0.0
43;62200;ASH_COATED_OSMIUM;10001;15;9998;11;9996;14;10019;12;10022;10;10025;14;10010.5;0.0
43;62200;INTARIAN_PEPPER_ROOT;56056;8;;;;;56070;9;;;;;56063.5;0.0
43;62300;ASH_COATED_OSMIUM;10003;12;;;;;10022;14;;;;;10012.5;0.0
43;62300;INTARIAN_PEPPER_ROOT;56052;25;56050;8;;;56064;10;56066;11;;;56058.5;0.0
43;62400;ASH_COATED_OSMIUM;10002;20;;;;;10018;13;;;;;10010.0;0.0
43;62400;INTARIAN_PEPPER_ROOT;56052;12;56051;11;56048;11;56066;17;56069;20;56072;22;56059.0;0.0
43;62500;ASH_COATED_OSMIUM;9993;14;9992;12;;;10011;2;10012;14;;;10002.0;0.0
43;62500;INTARIAN_PEPPER_ROOT;56055;11;;;;;56070;8;;;;;56063.0;0.0
43;62600;ASH_COATED_OSMIUM;9993;15;9990;12;9987;10;10011;12;10013;12;10014;23;10002.5;0.0
43;62600;INTARIAN_PEPPER_ROOT;56054;25;56052;10;;;56068;8;56071;5;;;56061.5;0.0
43;62700;ASH_COATED_OSMIUM;9994;15;9991;12;;;10010;21;10012;15;;;10002.0;0.0
43;62700;INTARIAN_PEPPER_ROOT;56059;8;56058;24;56055;9;56070;11;56073;11;56076;8;56065.0;0.0
43;62800;ASH_COATED_OSMIUM;9994;13;9993;10;9992;10;10009;12;10012;12;10014;10;10002.0;0.0
43;62800;INTARIAN_PEPPER_ROOT;56058;10;;;;;56070;10;;;;;56064.0;0.0
43;62900;ASH_COATED_OSMIUM;9994;15;;;;;10010;12;;;;;10002.5;0.0
43;62900;INTARIAN_PEPPER_ROOT;56055;10;56052;11;56050;23;56068;12;56071;11;56074;12;56062.0;0.0
43;63000;ASH_COATED_OSMIUM;9995;12;;;;;10013;14;;;;;10004.5;0.0
43;63000;INTARIAN_PEPPER_ROOT;56056;18;56053;10;;;56069;18;56071;10;;;56063.0;0.0
43;63100;ASH_COATED_OSMIUM;9996;14;9995;25;9992;10;10015;11;10016;12;10017;12;10005.5;0.0
43;63100;INTARIAN_PEPPER_ROOT;56054;9;56052;9;56051;12;56066;8;56067;12;56068;12;56060.5;0.0
43;63200;ASH_COATED_OSMIUM;9999;10;9996;14;;;10015;11;10017;11;;;10007.5;0.0
43;63200;INTARIAN_PEPPER_ROOT;56057;12;56056;12;56053;8;56069;10;56072;9;56075;10;56063.0;0.0
43;63300;ASH_COATED_OSMIUM;9992;11;9990;30;;;10011;12;10014;14;;;10001.5;0.0
43;63300;INTARIAN_PEPPER_ROOT;56056;12;56054;12;;;56070;11;56071;12;;;56063.0;0.0
43;63400;ASH_COATED_OSMIUM;9995;12;9992;15;9989;15;10013;13;10016;20;10017;14;10004.0;0.0
43;63400;INTARIAN_PEPPER_ROOT;56055;8;;;;;56069;12;;;;;56062.5;0.0
43;63500;ASH_COATED_OSMIUM;9996;14;;;;;10015;10;;;;;10005.5;0.0
43;63500;INTARIAN_PEPPER_ROOT;56060;21;56059;21;56057;18;56071;11;56072;9;56073;9;56065.5;0.0
43;63600;ASH_COATED_OSMIUM;9997;14;9995;12;;;10007;14;10010;14;;;10002.5;0.0
43;63600;INTARIAN_PEPPER_ROOT;56059;9;56056;9;;;56070;8;56073;15;;;56064.5;0.0
43;63700;ASH_COATED_OSMIUM;9992;14;9990;23;;;10008;11;10011;11;;;10000.0;0.0
43;63700;INTARIAN_PEPPER_ROOT;56056;22;56054;23;56051;19;56069;10;56070;8;56071;11;56062.5;0.0
43;63800;ASH_COATED_OSMIUM;9999;13;;;;;10015;10;;;;;10007.5;0.0
43;63800;INTARIAN_PEPPER_ROOT;56057;12;56055;19;;;56070;12;56073;10;;;56064.0;0.0
43;63900;ASH_COATED_OSMIUM;9999;13;9997;13;9995;12;10015;15;10018;15;10019;26;10007.0;0.0
43;63900;INTARIAN_PEPPER_ROOT;56059;8;56058;16;;;56075;12;56077;12;;;56067.5;0.0
43;64000;ASH_COATED_OSMIUM;9997;10;;;;;10016;15;;;;;10006.5;0.0
43;64000;INTARIAN_PEPPER_ROOT;56059;9;56057;11;56056;9;56070;12;56072;10;56074;10;56065.0;0.0
