day;timestamp;product;bid_price_1;bid_volume_1;bid_price_2;bid_volume_2;bid_price_3;bid_volume_3;ask_price_1;ask_volume_1;ask_price_2;ask_volume_2;ask_price_3;ask_volume_3;mid_price;profit_and_loss
10;0;ASH_COATED_OSMIUM;9995;11;9993;14;;;10011;11;10012;10;;;10003.0;0.0
10;0;INTARIAN_PEPPER_ROOT;22994;8;22993;10;;;23005;11;23007;9;;;23000.0;0.0
10;100;ASH_COATED_OSMIUM;9988;11;;;;;10007;11;;;;;9998.0;0.0
10;100;INTARIAN_PEPPER_ROOT;22994;9;;;;;23007;10;;;;;23000.5;0.0
10;200;ASH_COATED_OSMIUM;9990;10;;;;;10006;15;;;;;9998.5;0.0
10;200;INTARIAN_PEPPER_ROOT;22995;11;22993;11;;;23007;10;23008;15;;;23001.5;0.0
10;300;ASH_COATED_OSMIUM;9990;14;;;;;10006;14;;;;;9998.0;0.0
10;300;INTARIAN_PEPPER_ROOT;22993;9;;;;;23005;24;;;;;22999.5;0.0
10;400;ASH_COATED_OSMIUM;9990;15;9989;14;;;10006;13;10007;13;;;9998.5;0.0
10;400;INTARIAN_PEPPER_ROOT;22994;12;;;;;23005;10;;;;;22999.5;0.0
10;500;ASH_COATED_OSMIUM;9993;12;;;;;10014;29;;;;;10004.0;0.0
10;500;INTARIAN_PEPPER_ROOT;22996;20;22994;24;22993;8;23008;3;23009;8;23010;10;23002.5;0.0
10;600;ASH_COATED_OSMIUM;9989;13;9986;14;;;10008;5;10009;12;;;9998.5;0.0
10;600;INTARIAN_PEPPER_ROOT;22990;9;;;;;23007;15;;;;;22998.5;0.0
10;700;ASH_COATED_OSMIUM;9990;11;9989;15;;;10006;14;10008;14;;;9998.5;0.0
10;700;INTARIAN_PEPPER_ROOT;22992;10;;;;;23006;8;;;;;22999.0;0.0
10;800;ASH_COATED_OSMIUM;9996;14;9995;12;9994;12;10012;11;10013;11;10016;13;10004.0;0.0
10;800;INTARIAN_PEPPER_ROOT;22991;8;22990;9;;;23008;25;23010;18;;;22999.5;0.0
10;900;ASH_COATED_OSMIUM;9990;11;9989;12;;;10006;13;10008;13;;;9998.5;0.0
10;900;INTARIAN_PEPPER_ROOT;22996;23;22993;10;;;23010;18;23012;12;;;23003.5;0.0
10;1000;ASH_COATED_OSMIUM;9996;14;;;;;10012;13;;;;;10004.0;0.0
10;1000;INTARIAN_PEPPER_ROOT;22994;10;22991;11;;;23008;10;23009;9;;;23001.0;0.0
10;1100;ASH_COATED_OSMIUM;9989;12;;;;;10007;15;;;;;9998.5;0.0
10;1100;INTARIAN_PEPPER_ROOT;22991;9;22989;8;22987;9;23005;15;23008;11;23009;22;22998.0;0.0
10;1200;ASH_COATED_OSMIUM;9998;15;;;;;10008;11;;;;;10003.5;0.0
10;1200;INTARIAN_PEPPER_ROOT;22994;25;22992;8;;;23007;8;23009;8;;;23001.0;0.0
10;1300;ASH_COATED_OSMIUM;9995;13;9994;14;9992;13;10011;14;10012;15;10013;13;10003.0;0.0
10;1300;INTARIAN_PEPPER_ROOT;22995;9;;;;;23008;10;;;;;23002.0;0.0
10;1400;ASH_COATED_OSMIUM;9995;13;9993;14;9990;15;10011;14;10014;15;10015;28;10003.0;0.0
10;1400;INTARIAN_PEPPER_ROOT;22998;10;22996;20;;;23011;8;23014;12;;;23005.0;0.0
10;1500;ASH_COATED_OSMIUM;9989;14;9986;15;;;10007;22;10010;15;;;9998.0;0.0
10;1500;INTARIAN_PEPPER_ROOT;22995;11;;;;;23003;12;;;;;22999.5;0.0
10;1600;ASH_COATED_OSMIUM;9995;13;;;;;10011;10;;;;;10003.0;0.0
10;1600;INTARIAN_PEPPER_ROOT;22994;11;22991;10;22989;9;23006;20;23008;8;23009;3;23000.5;0.0
10;1700;ASH_COATED_OSMIUM;9995;10;;;;;10011;27;;;;;10003.0;0.0
10;1700;INTARIAN_PEPPER_ROOT;22996;12;22993;10;22991;9;22999;10;23002;25;23004;10;22997.5;0.0
10;1800;ASH_COATED_OSMIUM;9989;12;9988;30;;;10005;14;10007;15;;;9997.5;0.0
10;1800;INTARIAN_PEPPER_ROOT;22994;10;22991;9;;;23006;8;23009;10;;;23000.5;0.0
10;1900;ASH_COATED_OSMIUM;9989;12;;;;;10005;25;;;;;9997.5;0.0
10;1900;INTARIAN_PEPPER_ROOT;22996;10;22994;10;22993;9;23008;12;23011;12;23012;9;23002.0;0.0
10;2000;ASH_COATED_OSMIUM;9989;12;9986;13;9983;10;10005;30;10007;11;10009;11;9997.5;0.0
10;2000;INTARIAN_PEPPER_ROOT;22992;10;22989;9;;;23005;11;23006;11;;;22998.5;0.0
10;2100;ASH_COATED_OSMIUM;9989;12;9987;14;;;10005;26;10007;3;;;9997.5;0.0
10;2100;INTARIAN_PEPPER_ROOT;22995;12;22992;16;22990;12;23009;11;23010;20;23012;20;23002.5;0.0
10;2200;ASH_COATED_OSMIUM;9988;12;9986;14;;;10006;12;10008;15;;;9997.5;0.0
10;2200;INTARIAN_PEPPER_ROOT;22994;12;22991;12;22990;12;23009;16;23011;9;23014;17;23002.0;0.0
10;2300;ASH_COATED_OSMIUM;9989;12;;;;;10005;14;;;;;9997.0;0.0
10;2300;INTARIAN_PEPPER_ROOT;22992;9;22990;11;;;23010;11;23012;11;;;23001.5;0.0
10;2400;ASH_COATED_OSMIUM;9988;15;9985;11;;;10004;11;10005;12;;;9996.5;0.0
10;2400;INTARIAN_PEPPER_ROOT;22993;11;;;;;23006;24;;;;;23000.0;0.0
10;2500;ASH_COATED_OSMIUM;9986;13;;;;;10007;15;;;;;9997.0;0.0
10;2500;INTARIAN_PEPPER_ROOT;22997;18;;;;;23009;11;;;;;23003.0;0.0
10;2600;ASH_COATED_OSMIUM;9988;11;9985;12;9982;14;10006;12;10009;14;10012;25;9997.0;0.0
10;2600;INTARIAN_PEPPER_ROOT;22993;10;;;;;23004;8;;;;;22999.0;0.0
10;2700;ASH_COATED_OSMIUM;9987;29;9984;11;;;10005;11;10008;15;;;9996.0;0.0
10;2700;INTARIAN_PEPPER_ROOT;22995;8;22992;12;22991;9;23006;10;23009;11;23012;12;23001.0;0.0
10;2800;ASH_COATED_OSMIUM;9993;22;9992;12;9990;14;10009;14;10010;15;10013;10;10001.0;0.0
10;2800;INTARIAN_PEPPER_ROOT;22997;25;22995;12;22993;11;22999;10;23000;8;23003;17;22998.5;0.0
10;2900;ASH_COATED_OSMIUM;9985;12;9984;11;9982;10;10006;25;10007;10;10008;11;9995.5;0.0
10;2900;INTARIAN_PEPPER_ROOT;22996;11;;;;;23009;9;;;;;23003.0;0.0
10;3000;ASH_COATED_OSMIUM;9995;15;9993;12;9991;12;10006;11;10009;13;10010;10;10001.0;0.0
10;3000;INTARIAN_PEPPER_ROOT;22996;9;22994;9;22991;9;23009;9;23010;9;23013;10;23003.0;0.0
10;3100;ASH_COATED_OSMIUM;9987;14;9984;11;9983;28;10005;13;10006;12;10007;11;9996.0;0.0
10;3100;INTARIAN_PEPPER_ROOT;22999;10;22997;10;;;23011;12;23013;4;;;23005.0;0.0
10;3200;ASH_COATED_OSMIUM;9987;15;;;;;10003;12;;;;;9995.5;0.0
10;3200;INTARIAN_PEPPER_ROOT;22996;10;;;;;23008;22;;;;;23002.0;0.0
10;3300;ASH_COATED_OSMIUM;9986;10;9985;12;;;10005;4;10008;13;;;9995.5;0.0
10;3300;INTARIAN_PEPPER_ROOT;22995;9;;;;;23008;11;;;;;23002.0;0.0
10;3400;ASH_COATED_OSMIUM;9991;11;9989;15;9987;11;10009;11;10012;11;10013;21;10000.5;0.0
10;3400;INTARIAN_PEPPER_ROOT;22996;20;22994;8;22991;12;23010;8;23013;19;23014;10;23003.5;0.0
10;3500;ASH_COATED_OSMIUM;9991;10;9990;12;9989;13;10009;13;10011;10;10012;11;10000.0;0.0
10;3500;INTARIAN_PEPPER_ROOT;22998;25;22995;12;22994;12;23011;8;23012;19;23013;11;23005.0;0.0
10;3600;ASH_COATED_OSMIUM;9991;12;9990;10;;;10010;13;10012;26;;;10000.5;0.0
10;3600;INTARIAN_PEPPER_ROOT;22997;12;;;;;23008;11;;;;;23003.0;0.0
10;3700;ASH_COATED_OSMIUM;9987;15;9984;13;9981;20;10003;12;10004;10;10006;14;9995.0;0.0
10;3700;INTARIAN_PEPPER_ROOT;22997;12;;;;;23009;9;;;;;23003.0;0.0
10;3800;ASH_COATED_OSMIUM;9992;24;;;;;10008;14;;;;;10000.5;0.0
10;3800;INTARIAN_PEPPER_ROOT;22998;11;22997;11;;;23010;8;23012;12;;;23004.0;0.0
10;3900;ASH_COATED_OSMIUM;9997;12;;;;;10003;15;;;;;10000.5;0.0
10;3900;INTARIAN_PEPPER_ROOT;22998;12;22995;11;;;23013;12;23015;11;;;23005.5;0.0
10;4000;ASH_COATED_OSMIUM;9985;13;9984;10;;;10004;10;10007;12;;;9995.0;0.0
10;4000;INTARIAN_PEPPER_ROOT;22999;9;22998;18;22997;23;23016;24;23017;10;23019;11;23007.5;0.0
10;4100;ASH_COATED_OSMIUM;9987;14;9985;11;;;10003;14;10006;10;;;9995.0;0.0
10;4100;INTARIAN_PEPPER_ROOT;22996;11;22993;12;22990;11;23004;10;23006;11;23007;9;23000.0;0.0
10;4200;ASH_COATED_OSMIUM;9986;15;;;;;10002;15;;;;;9994.5;0.0
10;4200;INTARIAN_PEPPER_ROOT;22996;12;22993;8;;;23008;10;23011;11;;;23002.5;0.0
10;4300;ASH_COATED_OSMIUM;9989;11;9987;13;9986;15;10007;8;10008;22;10010;13;9998.5;0.0
10;4300;INTARIAN_PEPPER_ROOT;22997;10;22996;10;22993;18;23011;12;23014;9;23016;12;23004.5;0.0
10;4400;ASH_COATED_OSMIUM;9985;15;9983;13;9980;10;10001;10;10004;11;10007;11;9993.5;0.0
10;4400;INTARIAN_PEPPER_ROOT;22999;8;;;;;23013;12;;;;;23006.5;0.0
10;4500;ASH_COATED_OSMIUM;9990;13;;;;;10006;11;;;;;9998.5;0.0
10;4500;INTARIAN_PEPPER_ROOT;22999;11;22996;12;22994;16;23012;12;23013;19;23016;12;23006.0;0.0
10;4600;ASH_COATED_OSMIUM;9984;13;9982;11;9981;14;10002;14;10004;12;10007;11;9993.0;0.0
10;4600;INTARIAN_PEPPER_ROOT;23001;9;22999;11;;;23017;8;23020;9;;;23009.0;0.0
10;4700;ASH_COATED_OSMIUM;9986;13;9983;12;9980;13;10002;12;10004;12;10005;26;9994.0;0.0
10;4700;INTARIAN_PEPPER_ROOT;23003;9;23000;11;22999;9;23005;12;23006;7;23009;11;23004.5;0.0
10;4800;ASH_COATED_OSMIUM;9986;14;;;;;10002;14;;;;;9994.0;0.0
10;4800;INTARIAN_PEPPER_ROOT;23004;7;23001;11;;;23007;10;23008;10;;;23006.0;0.0
10;4900;ASH_COATED_OSMIUM;9984;26;;;;;10003;2;;;;;9993.5;0.0
10;4900;INTARIAN_PEPPER_ROOT;22996;8;22993;12;;;23013;11;23014;10;;;23005.0;0.0
10;5000;ASH_COATED_OSMIUM;9984;10;;;;;10002;12;;;;;9993.5;0.0
10;5000;INTARIAN_PEPPER_ROOT;22998;8;22995;11;22994;24;23011;8;23012;9;23013;12;23005.0;0.0
10;5100;ASH_COATED_OSMIUM;9992;11;;;;;10005;11;;;;;9998.5;0.0
10;5100;INTARIAN_PEPPER_ROOT;23001;9;22998;11;;;23004;11;23007;9;;;23003.0;0.0
10;5200;ASH_COATED_OSMIUM;9990;14;9988;15;;;10006;14;10007;13;;;9998.0;0.0
10;5200;INTARIAN_PEPPER_ROOT;22996;12;;;;;23012;8;;;;;23004.5;0.0
10;5300;ASH_COATED_OSMIUM;9992;12;9991;13;;;10005;12;10006;12;;;9998.5;0.0
10;5300;INTARIAN_PEPPER_ROOT;22999;11;;;;;23010;12;;;;;23004.5;0.0
10;5400;ASH_COATED_OSMIUM;9982;14;9981;15;;;10003;14;10004;15;;;9993.0;0.0
10;5400;INTARIAN_PEPPER_ROOT;22996;11;22995;10;;;23009;12;23011;9;;;23003.0;0.0
10;5500;ASH_COATED_OSMIUM;9990;10;;;;;10006;5;;;;;9998.0;0.0
10;5500;INTARIAN_PEPPER_ROOT;22998;9;22997;9;;;23010;10;23013;11;;;23004.5;0.0
10;5600;ASH_COATED_OSMIUM;9989;12;;;;;10008;7;;;;;9998.5;0.0
10;5600;INTARIAN_PEPPER_ROOT;23001;18;22999;12;22998;8;23013;8;23015;8;23017;12;23007.5;0.0
10;5700;ASH_COATED_OSMIUM;9990;12;9989;10;;;10006;13;10008;11;;;9998.5;0.0
10;5700;INTARIAN_PEPPER_ROOT;22998;10;22995;9;;;23006;12;23007;10;;;23002.5;0.0
10;5800;ASH_COATED_OSMIUM;9990;10;9987;29;;;10006;10;10007;10;;;9998.5;0.0
10;5800;INTARIAN_PEPPER_ROOT;22996;10;;;;;23008;10;;;;;23002.0;0.0
10;5900;ASH_COATED_OSMIUM;9989;13;9987;14;;;10007;13;10008;14;;;9998.5;0.0
10;5900;INTARIAN_PEPPER_ROOT;22996;9;22994;10;22993;11;23009;21;23012;12;23013;9;23003.0;0.0
10;6000;ASH_COATED_OSMIUM;9990;10;;;;;10008;12;;;;;9999.5;0.0
10;6000;INTARIAN_PEPPER_ROOT;22997;10;22994;11;22992;12;23010;9;23012;10;23014;11;23003.5;0.0
10;6100;ASH_COATED_OSMIUM;9985;14;9982;14;;;10003;10;10004;14;;;9994.5;0.0
10;6100;INTARIAN_PEPPER_ROOT;23002;9;22999;11;22998;18;23016;12;23018;12;23021;12;23009.0;0.0
10;6200;ASH_COATED_OSMIUM;9990;12;9987;12;;;10006;11;10008;11;;;9998.5;0.0
10;6200;INTARIAN_PEPPER_ROOT;22997;12;;;;;23012;10;;;;;23005.0;0.0
10;6300;ASH_COATED_OSMIUM;9990;11;9987;12;9986;15;10006;12;10008;10;10010;11;9998.5;0.0
10;6300;INTARIAN_PEPPER_ROOT;23002;11;23000;20;;;23004;4;23005;8;;;23003.0;0.0
10;6400;ASH_COATED_OSMIUM;9993;15;;;;;10004;14;;;;;9999.0;0.0
10;6400;INTARIAN_PEPPER_ROOT;23001;10;;;;;23014;8;;;;;23007.5;0.0
10;6500;ASH_COATED_OSMIUM;9990;15;;;;;10006;10;;;;;9998.5;0.0
10;6500;INTARIAN_PEPPER_ROOT;22998;17;;;;;23009;8;;;;;23003.5;0.0
10;6600;ASH_COATED_OSMIUM;9985;28;;;;;10001;10;;;;;9993.0;0.0
10;6600;INTARIAN_PEPPER_ROOT;23002;11;23001;9;;;23015;12;23016;11;;;23008.5;0.0
10;6700;ASH_COATED_OSMIUM;9989;11;9988;29;9986;13;10007;14;10010;13;10013;13;9998.5;0.0
10;6700;INTARIAN_PEPPER_ROOT;23000;8;;;;;23015;9;;;;;23008.0;0.0
10;6800;ASH_COATED_OSMIUM;9985;12;9982;30;;;10001;15;10004;10;;;9993.5;0.0
10;6800;INTARIAN_PEPPER_ROOT;22998;10;22997;11;;;23011;17;23012;9;;;23005.0;0.0
10;6900;ASH_COATED_OSMIUM;9991;11;9988;13;;;10007;13;10010;4;;;9999.5;0.0
10;6900;INTARIAN_PEPPER_ROOT;22999;9;22998;20;22995;9;23013;12;23014;8;23016;10;23006.5;0.0
10;7000;ASH_COATED_OSMIUM;9984;10;9982;13;;;10005;13;10007;13;;;9994.5;0.0
10;7000;INTARIAN_PEPPER_ROOT;23003;9;23002;8;;;23015;24;23016;9;;;23009.5;0.0
10;7100;ASH_COATED_OSMIUM;9991;14;9989;22;;;10007;11;10010;15;;;9999.5;0.0
10;7100;INTARIAN_PEPPER_ROOT;22995;8;22993;20;;;23012;8;23013;11;;;23003.5;0.0
10;7200;ASH_COATED_OSMIUM;9991;12;;;;;10007;15;;;;;9999.5;0.0
10;7200;INTARIAN_PEPPER_ROOT;22999;19;;;;;23010;9;;;;;23004.5;0.0
10;7300;ASH_COATED_OSMIUM;9986;11;;;;;10002;11;;;;;9994.0;0.0
10;7300;INTARIAN_PEPPER_ROOT;22999;9;22998;17;22995;11;23015;8;23018;6;23019;8;23007.0;0.0
10;7400;ASH_COATED_OSMIUM;9985;13;9984;12;;;10001;13;10002;13;;;9993.5;0.0
10;7400;INTARIAN_PEPPER_ROOT;23000;10;22999;9;;;23014;8;23015;10;;;23007.5;0.0
10;7500;ASH_COATED_OSMIUM;9984;13;;;;;10002;22;;;;;9993.5;0.0
10;7500;INTARIAN_PEPPER_ROOT;23002;8;;;;;23016;8;;;;;23009.0;0.0
10;7600;ASH_COATED_OSMIUM;9990;15;9987;28;9984;14;10008;11;10010;10;10012;14;9999.0;0.0
10;7600;INTARIAN_PEPPER_ROOT;23005;17;;;;;23017;8;;;;;23011.0;0.0
10;7700;ASH_COATED_OSMIUM;9991;13;;;;;10007;10;;;;;9999.5;0.0
10;7700;INTARIAN_PEPPER_ROOT;23000;12;;;;;23017;12;;;;;23008.5;0.0
10;7800;ASH_COATED_OSMIUM;9986;12;9985;15;9983;24;10002;13;10003;10;10004;10;9994.5;0.0
10;7800;INTARIAN_PEPPER_ROOT;22996;12;22994;24;22992;11;23011;10;23014;8;23015;8;23003.5;0.0
10;7900;ASH_COATED_OSMIUM;9986;12;;;;;10002;14;;;;;9994.5;0.0
10;7900;INTARIAN_PEPPER_ROOT;23006;9;;;;;23019;12;;;;;23013.0;0.0
10;8000;ASH_COATED_OSMIUM;9985;14;;;;;10003;12;;;;;9994.0;0.0
10;8000;INTARIAN_PEPPER_ROOT;22998;9;;;;;23014;15;;;;;23006.5;0.0
10;8100;ASH_COATED_OSMIUM;9984;11;;;;;10003;13;;;;;9993.5;0.0
10;8100;INTARIAN_PEPPER_ROOT;23002;10;;;;;23016;10;;;;;23009.0;0.0
10;8200;ASH_COATED_OSMIUM;9989;11;9986;24;;;10008;10;10010;11;;;9998.5;0.0
10;8200;INTARIAN_PEPPER_ROOT;22997;12;;;;;23011;10;;;;;23004.0;0.0
10;8300;ASH_COATED_OSMIUM;9984;13;9982;14;;;10002;11;10003;10;;;9993.0;0.0
10;8300;INTARIAN_PEPPER_ROOT;23001;12;22998;11;22995;12;23014;12;23017;11;23018;8;23007.5;0.0
10;8400;ASH_COATED_OSMIUM;9985;29;;;;;10001;13;;;;;9993.0;0.0
10;8400;INTARIAN_PEPPER_ROOT;23005;8;23003;10;;;23017;8;23019;10;;;23011.5;0.0
10;8500;ASH_COATED_OSMIUM;9985;13;;;;;10001;14;;;;;9993.0;0.0
10;8500;INTARIAN_PEPPER_ROOT;22998;8;22995;12;22992;8;23014;9;23017;10;23018;11;23006.5;0.0
10;8600;ASH_COATED_OSMIUM;9989;10;9988;15;9986;13;10007;12;10009;10;10011;15;9998.0;0.0
10;8600;INTARIAN_PEPPER_ROOT;23004;9;23002;8;22999;21;23017;9;23018;16;23021;11;23010.5;0.0
10;8700;ASH_COATED_OSMIUM;9985;26;9984;15;;;10001;11;10004;14;;;9993.5;0.0
10;8700;INTARIAN_PEPPER_ROOT;23003;12;;;;;23016;9;;;;;23009.5;0.0
10;8800;ASH_COATED_OSMIUM;9986;12;9985;24;;;10002;13;10004;29;;;9994.5;0.0
10;8800;INTARIAN_PEPPER_ROOT;23003;16;23000;9;;;23014;12;23015;11;;;23008.5;0.0
10;8900;ASH_COATED_OSMIUM;9986;14;9984;12;;;10002;15;10004;27;;;9994.5;0.0
10;8900;INTARIAN_PEPPER_ROOT;22999;10;;;;;23014;12;;;;;23007.0;0.0
10;9000;ASH_COATED_OSMIUM;9991;12;9989;3;9987;14;10007;22;10009;12;10011;15;9999.5;0.0
10;9000;INTARIAN_PEPPER_ROOT;23003;8;;;;;23015;10;;;;;23009.0;0.0
10;9100;ASH_COATED_OSMIUM;9985;10;9983;12;9980;11;10004;25;10007;15;10009;10;9994.5;0.0
10;9100;INTARIAN_PEPPER_ROOT;23003;9;;;;;23015;22;;;;;23009.0;0.0
10;9200;ASH_COATED_OSMIUM;9985;11;9982;11;;;10003;13;10005;13;;;9994.5;0.0
10;9200;INTARIAN_PEPPER_ROOT;23003;8;23001;10;23000;8;23015;11;23018;12;23019;9;23009.0;0.0
10;9300;ASH_COATED_OSMIUM;9992;14;;;;;10008;12;;;;;10000.0;0.0
10;9300;INTARIAN_PEPPER_ROOT;22998;10;22995;11;;;23015;9;23018;12;;;23006.5;0.0
10;9400;ASH_COATED_OSMIUM;9992;12;9989;2;;;10008;13;10009;11;;;10000.5;0.0
10;9400;INTARIAN_PEPPER_ROOT;23005;12;23003;8;23000;9;23017;8;23019;10;23022;12;23011.0;0.0
10;9500;ASH_COATED_OSMIUM;9992;12;9991;12;;;10008;10;10009;14;;;10000.5;0.0
10;9500;INTARIAN_PEPPER_ROOT;23004;9;;;;;23015;25;;;;;23010.0;0.0
10;9600;ASH_COATED_OSMIUM;9991;15;9990;29;;;10009;15;10012;10;;;10000.5;0.0
10;9600;INTARIAN_PEPPER_ROOT;23002;8;22999;11;;;23019;11;23022;19;;;23010.5;0.0
10;9700;ASH_COATED_OSMIUM;9987;15;;;;;10003;14;;;;;9995.5;0.0
10;9700;INTARIAN_PEPPER_ROOT;23006;10;23005;12;23004;25;23017;8;23019;22;23021;10;23011.5;0.0
10;9800;ASH_COATED_OSMIUM;9993;10;9991;11;9990;11;10009;4;10012;13;10013;22;10001.0;0.0
10;9800;INTARIAN_PEPPER_ROOT;23004;8;23001;10;22998;11;23017;23;23018;3;23019;11;23011.0;0.0
10;9900;ASH_COATED_OSMIUM;9987;13;;;;;10003;10;;;;;9995.5;0.0
10;9900;INTARIAN_PEPPER_ROOT;23004;12;23001;23;23000;11;23015;9;23017;10;23018;8;23010.0;0.0
10;10000;ASH_COATED_OSMIUM;9992;13;;;;;10010;11;;;;;10001.0;0.0
10;10000;INTARIAN_PEPPER_ROOT;23005;17;23003;12;;;23017;9;23020;11;;;23011.0;0.0
10;10100;ASH_COATED_OSMIUM;9987;4;;;;;10003;14;;;;;9995.5;0.0
10;10100;INTARIAN_PEPPER_ROOT;23005;9;;;;;23017;12;;;;;23011.5;0.0
10;10200;ASH_COATED_OSMIUM;9987;13;9985;11;;;10003;11;10006;15;;;9995.5;0.0
10;10200;INTARIAN_PEPPER_ROOT;23001;10;;;;;23013;12;;;;;23007.5;0.0
10;10300;ASH_COATED_OSMIUM;9993;15;9992;15;;;10009;14;10012;14;;;10001.0;0.0
10;10300;INTARIAN_PEPPER_ROOT;23008;10;23005;10;;;23020;8;23023;10;;;23014.5;0.0
10;10400;ASH_COATED_OSMIUM;9992;30;;;;;9999;13;;;;;9996.0;0.0
10;10400;INTARIAN_PEPPER_ROOT;23004;8;23002;11;23001;9;23016;11;23019;10;23021;10;23010.0;0.0
10;10500;ASH_COATED_OSMIUM;9993;11;9992;15;9989;12;10009;13;10011;13;10014;25;10001.0;0.0
10;10500;INTARIAN_PEPPER_ROOT;23006;12;23005;8;23004;11;23018;10;23020;12;23021;12;23012.0;0.0
10;10600;ASH_COATED_OSMIUM;9987;10;9986;10;;;10003;15;10005;15;;;9995.5;0.0
10;10600;INTARIAN_PEPPER_ROOT;23005;8;23003;8;23002;22;23017;18;23020;9;23023;9;23011.0;0.0
10;10700;ASH_COATED_OSMIUM;9991;14;9989;14;;;10009;12;10012;11;;;10000.0;0.0
10;10700;INTARIAN_PEPPER_ROOT;23004;9;23003;25;;;23018;10;23020;16;;;23011.5;0.0
10;10800;ASH_COATED_OSMIUM;9987;15;;;;;10003;10;;;;;9995.0;0.0
10;10800;INTARIAN_PEPPER_ROOT;23004;11;23003;8;;;23017;9;23019;8;;;23010.5;0.0
10;10900;ASH_COATED_OSMIUM;9991;10;9990;13;;;10009;5;10010;4;;;10000.0;0.0
10;10900;INTARIAN_PEPPER_ROOT;23006;12;;;;;23019;17;;;;;23012.5;0.0
10;11000;ASH_COATED_OSMIUM;9991;15;9989;13;9988;10;10009;15;10012;15;10015;13;10000.5;0.0
10;11000;INTARIAN_PEPPER_ROOT;23003;10;23000;11;;;23016;8;23017;11;;;23009.5;0.0
10;11100;ASH_COATED_OSMIUM;9987;13;;;;;10003;20;;;;;9995.0;0.0
10;11100;INTARIAN_PEPPER_ROOT;23004;9;23002;12;;;23016;8;23017;9;;;23010.0;0.0
10;11200;ASH_COATED_OSMIUM;9992;15;9989;14;;;10008;14;10009;11;;;10000.5;0.0
10;11200;INTARIAN_PEPPER_ROOT;23003;23;;;;;23014;9;;;;;23008.5;0.0
10;11300;ASH_COATED_OSMIUM;9985;14;9983;29;9982;29;10004;21;10005;5;10007;14;9994.5;0.0
10;11300;INTARIAN_PEPPER_ROOT;23002;9;22999;9;;;23022;12;23024;10;;;23012.0;0.0
10;11400;ASH_COATED_OSMIUM;9986;10;9985;10;;;10002;12;10005;12;;;9994.5;0.0
10;11400;INTARIAN_PEPPER_ROOT;23005;9;;;;;23018;11;;;;;23011.5;0.0
10;11500;ASH_COATED_OSMIUM;9985;2;9982;14;9981;15;10003;11;10005;13;10006;14;9994.5;0.0
10;11500;INTARIAN_PEPPER_ROOT;23004;19;;;;;23019;11;;;;;23012.0;0.0
10;11600;ASH_COATED_OSMIUM;9985;13;;;;;10003;4;;;;;9994.5;0.0
10;11600;INTARIAN_PEPPER_ROOT;23008;10;23006;9;;;23020;11;23021;10;;;23014.0;0.0
10;11700;ASH_COATED_OSMIUM;9992;15;;;;;10008;13;;;;;10000.0;0.0
10;11700;INTARIAN_PEPPER_ROOT;23008;19;;;;;23022;11;;;;;23015.0;0.0
10;11800;ASH_COATED_OSMIUM;9987;11;;;;;10003;14;;;;;9995.0;0.0
10;11800;INTARIAN_PEPPER_ROOT;23007;11;;;;;23020;22;;;;;23014.0;0.0
10;11900;ASH_COATED_OSMIUM;9985;11;9984;10;;;10004;12;10005;10;;;9995.0;0.0
10;11900;INTARIAN_PEPPER_ROOT;23006;8;23004;10;;;23018;25;23020;17;;;23012.5;0.0
10;12000;ASH_COATED_OSMIUM;9992;10;9989;14;;;10008;14;10010;14;;;10000.0;0.0
10;12000;INTARIAN_PEPPER_ROOT;23003;11;23000;12;22999;8;23019;10;23020;22;23021;12;23011.5;0.0
10;12100;ASH_COATED_OSMIUM;9992;10;;;;;10008;10;;;;;10000.0;0.0
10;12100;INTARIAN_PEPPER_ROOT;23006;12;23005;12;;;23017;8;23019;8;;;23012.0;0.0
10;12200;ASH_COATED_OSMIUM;9986;27;;;;;10003;13;;;;;9995.0;0.0
10;12200;INTARIAN_PEPPER_ROOT;23005;9;;;;;23022;12;;;;;23013.5;0.0
10;12300;ASH_COATED_OSMIUM;9987;12;9985;25;9983;13;10003;3;10004;27;10006;2;9995.0;0.0
10;12300;INTARIAN_PEPPER_ROOT;23007;12;23006;11;;;23021;8;23022;10;;;23014.0;0.0
10;12400;ASH_COATED_OSMIUM;9990;12;9988;12;;;10009;10;10011;12;;;10000.0;0.0
10;12400;INTARIAN_PEPPER_ROOT;23007;12;23005;10;23004;9;23020;9;23023;22;23024;8;23013.5;0.0
10;12500;ASH_COATED_OSMIUM;9991;15;9989;10;;;10009;12;10012;10;;;10000.0;0.0
10;12500;INTARIAN_PEPPER_ROOT;23007;11;23005;8;;;23018;23;23019;12;;;23012.5;0.0
10;12600;ASH_COATED_OSMIUM;9987;27;9986;12;;;10003;15;10005;14;;;9995.0;0.0
10;12600;INTARIAN_PEPPER_ROOT;23006;11;23004;9;;;23019;10;23022;12;;;23012.5;0.0
10;12700;ASH_COATED_OSMIUM;9987;29;9984;14;;;10003;26;10006;14;;;9995.0;0.0
10;12700;INTARIAN_PEPPER_ROOT;23005;10;23004;12;;;23019;11;23020;12;;;23012.5;0.0
10;12800;ASH_COATED_OSMIUM;9984;11;9983;13;9980;11;10002;14;10004;26;10005;15;9993.5;0.0
10;12800;INTARIAN_PEPPER_ROOT;23007;10;;;;;23019;9;;;;;23013.5;0.0
10;12900;ASH_COATED_OSMIUM;9986;15;9983;30;9982;10;10002;12;10004;13;10006;14;9994.0;0.0
10;12900;INTARIAN_PEPPER_ROOT;23009;19;23007;9;;;23022;9;23025;12;;;23015.5;0.0
10;13000;ASH_COATED_OSMIUM;9986;15;;;;;10002;15;;;;;9994.0;0.0
10;13000;INTARIAN_PEPPER_ROOT;23007;9;23004;8;;;23020;9;23023;11;;;23013.5;0.0
10;13100;ASH_COATED_OSMIUM;9990;12;9987;12;;;10006;11;10009;14;;;9998.5;0.0
10;13100;INTARIAN_PEPPER_ROOT;23006;11;;;;;23023;11;;;;;23014.5;0.0
10;13200;ASH_COATED_OSMIUM;9983;11;9980;11;;;10001;13;10002;30;;;9992.5;0.0
10;13200;INTARIAN_PEPPER_ROOT;23005;11;;;;;23017;8;;;;;23011.5;0.0
10;13300;ASH_COATED_OSMIUM;9990;14;9988;11;9985;13;10006;13;10008;10;10011;25;9998.0;0.0
10;13300;INTARIAN_PEPPER_ROOT;23004;9;;;;;23017;12;;;;;23010.5;0.0
10;13400;ASH_COATED_OSMIUM;9989;14;9987;3;;;10005;14;10007;11;;;9997.5;0.0
10;13400;INTARIAN_PEPPER_ROOT;23009;10;23007;8;;;23021;10;23023;25;;;23015.0;0.0
10;13500;ASH_COATED_OSMIUM;9984;13;9983;15;;;10000;24;10003;12;;;9992.0;0.0
10;13500;INTARIAN_PEPPER_ROOT;23009;12;23007;8;23004;21;23023;8;23024;22;23025;8;23016.5;0.0
10;13600;ASH_COATED_OSMIUM;9989;14;9986;12;9984;22;10005;14;10006;30;10009;13;9997.5;0.0
10;13600;INTARIAN_PEPPER_ROOT;23010;8;23008;11;;;23026;9;23028;12;;;23018.0;0.0
10;13700;ASH_COATED_OSMIUM;9987;14;9984;10;9981;13;10008;15;10009;10;10010;14;9997.5;0.0
10;13700;INTARIAN_PEPPER_ROOT;23006;10;;;;;23023;11;;;;;23015.0;0.0
10;13800;ASH_COATED_OSMIUM;9984;11;9983;23;9982;15;10000;24;10003;24;10004;10;9992.5;0.0
10;13800;INTARIAN_PEPPER_ROOT;23005;12;23004;11;;;23021;8;23024;10;;;23013.5;0.0
10;13900;ASH_COATED_OSMIUM;9984;13;;;;;10000;10;;;;;9992.5;0.0
10;13900;INTARIAN_PEPPER_ROOT;23003;10;23001;10;;;23020;8;23023;8;;;23011.5;0.0
10;14000;ASH_COATED_OSMIUM;9983;21;9980;11;9978;14;10001;10;10004;14;10006;30;9992.0;0.0
10;14000;INTARIAN_PEPPER_ROOT;23003;12;23000;9;;;23014;11;23016;12;;;23009.0;0.0
10;14100;ASH_COATED_OSMIUM;9983;30;9982;14;9979;11;10002;13;10003;21;10006;13;9992.5;0.0
10;14100;INTARIAN_PEPPER_ROOT;23006;10;23003;11;23000;19;23023;9;23026;11;23029;8;23015.0;0.0
10;14200;ASH_COATED_OSMIUM;9983;10;9982;24;;;10001;11;10002;12;;;9992.5;0.0
10;14200;INTARIAN_PEPPER_ROOT;23009;10;23007;8;;;23026;10;23028;9;;;23017.5;0.0
10;14300;ASH_COATED_OSMIUM;9989;11;;;;;10005;15;;;;;9997.5;0.0
10;14300;INTARIAN_PEPPER_ROOT;23005;8;23002;10;;;23018;12;23019;8;;;23012.0;0.0
10;14400;ASH_COATED_OSMIUM;9984;13;9982;13;;;10000;15;10002;14;;;9992.0;0.0
10;14400;INTARIAN_PEPPER_ROOT;23002;8;;;;;23017;12;;;;;23010.0;0.0
10;14500;ASH_COATED_OSMIUM;9982;10;9981;10;9978;3;10001;11;10004;14;10007;13;9992.0;0.0
10;14500;INTARIAN_PEPPER_ROOT;23007;10;;;;;23022;11;;;;;23015.0;0.0
10;14600;ASH_COATED_OSMIUM;9990;10;9987;10;;;10006;15;10007;29;;;9998.0;0.0
10;14600;INTARIAN_PEPPER_ROOT;23007;11;23005;24;23002;11;23024;25;23026;11;23029;9;23016.0;0.0
10;14700;ASH_COATED_OSMIUM;9985;11;9983;10;;;10001;12;10002;26;;;9993.0;0.0
10;14700;INTARIAN_PEPPER_ROOT;23011;23;23008;9;;;23027;9;23030;15;;;23019.0;0.0
10;14800;ASH_COATED_OSMIUM;9990;20;9988;26;;;10006;20;10008;12;;;9998.0;0.0
10;14800;INTARIAN_PEPPER_ROOT;23008;11;23006;20;;;23020;12;23023;11;;;23014.5;0.0
10;14900;ASH_COATED_OSMIUM;9985;14;;;;;10001;14;;;;;9993.0;0.0
10;14900;INTARIAN_PEPPER_ROOT;23008;11;23006;12;;;23021;21;23022;8;;;23015.0;0.0
10;15000;ASH_COATED_OSMIUM;9985;13;9982;15;9980;13;10001;14;10004;10;10006;13;9993.0;0.0
10;15000;INTARIAN_PEPPER_ROOT;23007;9;23006;10;23004;9;23021;10;23022;11;23024;5;23014.5;0.0
10;15100;ASH_COATED_OSMIUM;9985;15;;;;;10001;28;;;;;9993.0;0.0
10;15100;INTARIAN_PEPPER_ROOT;23008;12;23005;8;;;23021;10;23022;10;;;23015.0;0.0
10;15200;ASH_COATED_OSMIUM;9984;14;9982;27;;;10002;21;10005;12;;;9993.5;0.0
10;15200;INTARIAN_PEPPER_ROOT;23006;11;23004;10;;;23020;9;23021;11;;;23013.0;0.0
10;15300;ASH_COATED_OSMIUM;9985;13;9982;27;9979;15;10001;12;10002;11;10005;11;9993.5;0.0
10;15300;INTARIAN_PEPPER_ROOT;23010;9;;;;;23021;8;;;;;23016.0;0.0
10;15400;ASH_COATED_OSMIUM;9985;14;9982;22;;;10001;30;10002;12;;;9993.0;0.0
10;15400;INTARIAN_PEPPER_ROOT;23008;10;23005;11;;;23022;8;23024;18;;;23015.5;0.0
10;15500;ASH_COATED_OSMIUM;9985;10;;;;;10001;13;;;;;9993.5;0.0
10;15500;INTARIAN_PEPPER_ROOT;23011;23;23009;9;23006;9;23024;11;23026;9;23029;9;23018.0;0.0
10;15600;ASH_COATED_OSMIUM;9990;30;9987;12;;;10006;12;10009;12;;;9998.5;0.0
10;15600;INTARIAN_PEPPER_ROOT;23007;11;;;;;23022;9;;;;;23014.5;0.0
10;15700;ASH_COATED_OSMIUM;9994;10;9993;12;;;10003;14;10004;11;;;9999.0;0.0
10;15700;INTARIAN_PEPPER_ROOT;23011;10;23010;18;23007;12;23023;10;23026;12;23029;8;23017.5;0.0
10;15800;ASH_COATED_OSMIUM;9984;10;9983;10;9982;13;10002;12;10004;15;10005;15;9993.5;0.0
10;15800;INTARIAN_PEPPER_ROOT;23009;11;23006;8;23003;9;23023;9;23026;11;23029;12;23016.5;0.0
10;15900;ASH_COATED_OSMIUM;9985;12;9983;14;9980;28;10001;13;10004;15;10006;13;9993.0;0.0
10;15900;INTARIAN_PEPPER_ROOT;23008;19;;;;;23021;5;;;;;23015.0;0.0
10;16000;ASH_COATED_OSMIUM;9990;11;9987;13;9985;8;10006;11;10009;12;10012;5;9998.0;0.0
10;16000;INTARIAN_PEPPER_ROOT;23008;8;23005;16;23004;10;23021;8;23024;12;23025;9;23014.5;0.0
10;16100;ASH_COATED_OSMIUM;9984;4;9982;10;9979;5;10000;10;10003;12;10004;11;9992.5;0.0
10;16100;INTARIAN_PEPPER_ROOT;23008;5;;;;;23022;11;;;;;23015.0;0.0
10;16200;ASH_COATED_OSMIUM;9990;14;9989;4;9986;10;10006;12;10007;10;10008;4;9998.0;0.0
10;16200;INTARIAN_PEPPER_ROOT;23010;8;23009;10;;;23026;9;23027;9;;;23018.0;0.0
10;16300;ASH_COATED_OSMIUM;9989;15;9986;22;;;10005;30;10006;24;;;9997.0;0.0
10;16300;INTARIAN_PEPPER_ROOT;23009;8;23007;10;;;23023;9;23025;7;;;23016.5;0.0
10;16400;ASH_COATED_OSMIUM;9992;13;9989;11;;;10003;15;10004;14;;;9998.0;0.0
10;16400;INTARIAN_PEPPER_ROOT;23009;11;23008;9;23005;10;23025;12;23027;19;23030;10;23017.5;0.0
10;16500;ASH_COATED_OSMIUM;9984;11;9982;14;;;10000;14;10003;15;;;9992.0;0.0
10;16500;INTARIAN_PEPPER_ROOT;23009;12;;;;;23022;9;;;;;23016.0;0.0
10;16600;ASH_COATED_OSMIUM;9984;3;9982;21;9981;12;10000;15;10002;12;10003;14;9992.0;0.0
10;16600;INTARIAN_PEPPER_ROOT;23010;10;23008;10;;;23024;11;23027;18;;;23017.5;0.0
10;16700;ASH_COATED_OSMIUM;9984;10;9981;11;9978;5;10000;15;10001;10;10002;13;9992.5;0.0
10;16700;INTARIAN_PEPPER_ROOT;23008;11;23007;8;;;23020;24;23022;10;;;23014.5;0.0
10;16800;ASH_COATED_OSMIUM;9987;10;9984;12;;;9996;24;9998;14;;;9992.0;0.0
10;16800;INTARIAN_PEPPER_ROOT;23009;9;;;;;23022;12;;;;;23016.0;0.0
10;16900;ASH_COATED_OSMIUM;9989;15;;;;;10005;13;;;;;9997.5;0.0
10;16900;INTARIAN_PEPPER_ROOT;23011;11;23010;11;;;23026;11;23028;12;;;23018.5;0.0
10;17000;ASH_COATED_OSMIUM;9984;13;;;;;10000;14;;;;;9992.0;0.0
10;17000;INTARIAN_PEPPER_ROOT;23011;11;23008;8;;;23024;9;23025;9;;;23018.0;0.0
10;17100;ASH_COATED_OSMIUM;9990;12;9987;13;;;10003;12;10006;10;;;9997.0;0.0
10;17100;INTARIAN_PEPPER_ROOT;23007;11;;;;;23020;9;;;;;23013.5;0.0
10;17200;ASH_COATED_OSMIUM;9989;12;9988;15;9985;10;10005;14;10007;15;10009;11;9997.5;0.0
10;17200;INTARIAN_PEPPER_ROOT;23012;11;23011;8;;;23024;18;23027;11;;;23018.5;0.0
10;17300;ASH_COATED_OSMIUM;9989;13;;;;;10005;12;;;;;9997.0;0.0
10;17300;INTARIAN_PEPPER_ROOT;23011;8;;;;;23024;11;;;;;23017.5;0.0
10;17400;ASH_COATED_OSMIUM;9987;10;;;;;9997;12;;;;;9992.0;0.0
10;17400;INTARIAN_PEPPER_ROOT;23013;10;23010;11;;;23024;11;23025;9;;;23019.0;0.0
10;17500;ASH_COATED_OSMIUM;9984;15;9982;13;9979;27;10000;13;10002;11;10004;15;9992.0;0.0
10;17500;INTARIAN_PEPPER_ROOT;23009;17;23008;10;;;23022;11;23024;10;;;23015.5;0.0
10;17600;ASH_COATED_OSMIUM;9989;29;;;;;10005;26;;;;;9997.0;0.0
10;17600;INTARIAN_PEPPER_ROOT;23008;10;23006;9;;;23027;12;23028;9;;;23017.5;0.0
10;17700;ASH_COATED_OSMIUM;9989;15;9988;22;9986;13;10005;12;10008;11;10011;11;9997.5;0.0
10;17700;INTARIAN_PEPPER_ROOT;23011;25;23010;17;23008;10;23028;11;23029;8;23030;9;23019.5;0.0
10;17800;ASH_COATED_OSMIUM;9983;10;;;;;10001;11;;;;;9992.0;0.0
10;17800;INTARIAN_PEPPER_ROOT;23013;10;23011;8;;;23024;11;23025;22;;;23018.5;0.0
10;17900;ASH_COATED_OSMIUM;9988;13;9987;28;;;10007;14;10008;12;;;9998.0;0.0
10;17900;INTARIAN_PEPPER_ROOT;23011;8;;;;;23023;11;;;;;23017.0;0.0
10;18000;ASH_COATED_OSMIUM;9990;30;9988;14;;;10006;15;10007;25;;;9998.5;0.0
10;18000;INTARIAN_PEPPER_ROOT;23010;10;23007;9;23006;10;23023;11;23025;10;23026;11;23017.0;0.0
10;18100;ASH_COATED_OSMIUM;9990;21;9987;14;;;10006;12;10008;10;;;9998.5;0.0
10;18100;INTARIAN_PEPPER_ROOT;23011;12;23010;11;;;23027;11;23028;8;;;23019.0;0.0
10;18200;ASH_COATED_OSMIUM;9985;13;9984;11;;;10001;11;10003;12;;;9993.5;0.0
10;18200;INTARIAN_PEPPER_ROOT;23009;10;;;;;23025;11;;;;;23017.5;0.0
10;18300;ASH_COATED_OSMIUM;9985;10;;;;;10001;13;;;;;9993.5;0.0
10;18300;INTARIAN_PEPPER_ROOT;23010;8;23008;25;23005;9;23025;12;23027;11;23029;9;23017.5;0.0
10;18400;ASH_COATED_OSMIUM;9984;12;;;;;10002;12;;;;;9993.5;0.0
10;18400;INTARIAN_PEPPER_ROOT;23014;12;23011;11;23010;10;23025;16;23026;9;23028;11;23020.0;0.0
10;18500;ASH_COATED_OSMIUM;9983;12;9982;22;9979;21;10002;11;10005;23;10007;11;9993.0;0.0
10;18500;INTARIAN_PEPPER_ROOT;23013;6;23011;10;;;23026;8;23029;21;;;23019.5;0.0
10;18600;ASH_COATED_OSMIUM;9985;11;9983;10;;;10001;13;10002;14;;;9993.0;0.0
10;18600;INTARIAN_PEPPER_ROOT;23008;11;;;;;23023;22;;;;;23015.5;0.0
10;18700;ASH_COATED_OSMIUM;9985;15;;;;;10001;15;;;;;9993.0;0.0
10;18700;INTARIAN_PEPPER_ROOT;23012;21;;;;;23026;12;;;;;23019.5;0.0
10;18800;ASH_COATED_OSMIUM;9984;14;9983;30;9981;12;10000;7;10002;20;10003;10;9992.5;0.0
10;18800;INTARIAN_PEPPER_ROOT;23011;8;;;;;23022;23;;;;;23017.0;0.0
10;18900;ASH_COATED_OSMIUM;9984;12;9983;11;9980;14;10000;10;10003;14;10004;29;9992.0;0.0
10;18900;INTARIAN_PEPPER_ROOT;23011;8;;;;;23028;10;;;;;23020.0;0.0
10;19000;ASH_COATED_OSMIUM;9990;12;;;;;10006;5;;;;;9998.0;0.0
10;19000;INTARIAN_PEPPER_ROOT;23010;8;23009;9;23008;18;23026;10;23028;12;23029;12;23018.5;0.0
10;19100;ASH_COATED_OSMIUM;9988;10;9985;15;;;10007;10;10009;11;;;9997.5;0.0
10;19100;INTARIAN_PEPPER_ROOT;23012;8;;;;;23028;8;;;;;23020.0;0.0
10;19200;ASH_COATED_OSMIUM;9988;10;;;;;10006;10;;;;;9997.5;0.0
10;19200;INTARIAN_PEPPER_ROOT;23012;9;23011;8;;;23026;8;23029;8;;;23019.5;0.0
10;19300;ASH_COATED_OSMIUM;9988;25;9986;15;9983;12;10006;10;10007;5;10010;12;9997.0;0.0
10;19300;INTARIAN_PEPPER_ROOT;23014;9;23013;8;23010;12;23025;23;23026;12;23028;12;23019.5;0.0
10;19400;ASH_COATED_OSMIUM;9982;14;;;;;10000;23;;;;;9991.5;0.0
10;19400;INTARIAN_PEPPER_ROOT;23012;22;23011;12;;;23024;10;23026;10;;;23018.0;0.0
10;19500;ASH_COATED_OSMIUM;9988;4;;;;;10004;14;;;;;9996.0;0.0
10;19500;INTARIAN_PEPPER_ROOT;23011;9;23010;11;;;23025;11;23027;16;;;23018.0;0.0
10;19600;ASH_COATED_OSMIUM;9988;12;;;;;10004;15;;;;;9996.0;0.0
10;19600;INTARIAN_PEPPER_ROOT;23014;11;23011;11;23009;12;23025;23;23026;8;23028;9;23020.0;0.0
10;19700;ASH_COATED_OSMIUM;9988;11;9986;24;;;10004;14;10006;15;;;9996.5;0.0
10;19700;INTARIAN_PEPPER_ROOT;23014;8;23013;9;23010;8;23026;9;23027;12;23029;21;23020.5;0.0
10;19800;ASH_COATED_OSMIUM;9988;13;9986;13;9985;10;10004;13;10006;13;10007;12;9996.0;0.0
10;19800;INTARIAN_PEPPER_ROOT;23013;9;23012;12;23010;6;23028;9;23030;9;23033;12;23021.0;0.0
10;19900;ASH_COATED_OSMIUM;9988;14;9986;10;;;10004;11;10007;28;;;9996.0;0.0
10;19900;INTARIAN_PEPPER_ROOT;23016;8;23013;10;;;23028;21;23029;24;;;23022.5;0.0
10;20000;ASH_COATED_OSMIUM;9983;25;9980;12;9979;12;9999;12;10002;29;10005;23;9991.0;0.0
10;20000;INTARIAN_PEPPER_ROOT;23012;8;23010;9;;;23026;11;23029;12;;;23019.5;0.0
10;20100;ASH_COATED_OSMIUM;9982;13;9980;15;;;10000;11;10002;12;;;9991.0;0.0
10;20100;INTARIAN_PEPPER_ROOT;23008;9;;;;;23020;11;;;;;23014.5;0.0
10;20200;ASH_COATED_OSMIUM;9982;14;9979;11;;;10000;11;10001;14;;;9991.0;0.0
10;20200;INTARIAN_PEPPER_ROOT;23012;16;23011;11;23009;11;23027;10;23029;9;23031;9;23019.5;0.0
10;20300;ASH_COATED_OSMIUM;9983;15;9981;14;9979;10;9999;29;10000;13;10001;12;9991.0;0.0
10;20300;INTARIAN_PEPPER_ROOT;23011;9;23009;9;;;23022;9;23023;8;;;23017.0;0.0
10;20400;ASH_COATED_OSMIUM;9988;13;9986;14;9985;10;10004;12;10005;14;10007;15;9996.5;0.0
10;20400;INTARIAN_PEPPER_ROOT;23020;10;23017;10;;;23022;11;23023;9;;;23021.0;0.0
10;20500;ASH_COATED_OSMIUM;9987;20;;;;;10006;3;;;;;9997.0;0.0
10;20500;INTARIAN_PEPPER_ROOT;23018;9;23017;10;;;23030;9;23031;17;;;23024.0;0.0
10;20600;ASH_COATED_OSMIUM;9983;12;9981;12;;;9999;12;10000;14;;;9991.5;0.0
10;20600;INTARIAN_PEPPER_ROOT;23010;8;23009;12;;;23023;9;23024;22;;;23016.5;0.0
10;20700;ASH_COATED_OSMIUM;9983;20;9980;29;;;9999;25;10002;15;;;9991.0;0.0
10;20700;INTARIAN_PEPPER_ROOT;23014;11;;;;;23025;11;;;;;23019.5;0.0
10;20800;ASH_COATED_OSMIUM;9983;23;9982;14;;;9999;11;10001;22;;;9991.0;0.0
10;20800;INTARIAN_PEPPER_ROOT;23013;18;23011;9;;;23026;10;23027;8;;;23019.5;0.0
10;20900;ASH_COATED_OSMIUM;9988;15;9987;29;;;10004;14;10005;10;;;9996.5;0.0
10;20900;INTARIAN_PEPPER_ROOT;23016;9;23015;11;;;23029;9;23032;16;;;23022.5;0.0
10;21000;ASH_COATED_OSMIUM;9989;10;;;;;10005;14;;;;;9997.0;0.0
10;21000;INTARIAN_PEPPER_ROOT;23015;12;23014;19;;;23031;10;23033;12;;;23023.0;0.0
10;21100;ASH_COATED_OSMIUM;9989;10;9986;15;;;10005;11;10006;14;;;9997.5;0.0
10;21100;INTARIAN_PEPPER_ROOT;23016;22;23015;12;;;23030;11;23033;10;;;23023.5;0.0
10;21200;ASH_COATED_OSMIUM;9983;28;9980;29;9977;14;10002;12;10003;10;10004;11;9992.5;0.0
10;21200;INTARIAN_PEPPER_ROOT;23014;10;23013;4;23012;10;23026;8;23028;8;23029;11;23020.0;0.0
10;21300;ASH_COATED_OSMIUM;9989;15;9987;14;;;10005;13;10007;13;;;9997.5;0.0
10;21300;INTARIAN_PEPPER_ROOT;23012;11;23011;9;23009;19;23028;9;23031;20;23032;8;23020.5;0.0
10;21400;ASH_COATED_OSMIUM;9987;11;9984;14;;;10006;21;10007;4;;;9997.0;0.0
10;21400;INTARIAN_PEPPER_ROOT;23017;10;;;;;23028;8;;;;;23023.0;0.0
10;21500;ASH_COATED_OSMIUM;9984;10;;;;;10000;12;;;;;9992.0;0.0
10;21500;INTARIAN_PEPPER_ROOT;23016;12;23015;9;;;23030;9;23032;10;;;23023.5;0.0
10;21600;ASH_COATED_OSMIUM;9983;12;9981;20;;;10001;12;10002;10;;;9992.0;0.0
10;21600;INTARIAN_PEPPER_ROOT;23015;11;;;;;23029;12;;;;;23022.5;0.0
10;21700;ASH_COATED_OSMIUM;9989;12;9988;13;;;10005;25;10006;21;;;9997.5;0.0
10;21700;INTARIAN_PEPPER_ROOT;23012;8;23011;8;23010;11;23025;11;23026;22;23029;9;23019.0;0.0
10;21800;ASH_COATED_OSMIUM;9984;10;;;;;10000;13;;;;;9992.0;0.0
10;21800;INTARIAN_PEPPER_ROOT;23013;9;23012;9;;;23025;12;23026;8;;;23019.0;0.0
10;21900;ASH_COATED_OSMIUM;9989;15;;;;;10005;14;;;;;9997.0;0.0
10;21900;INTARIAN_PEPPER_ROOT;23015;21;;;;;23030;11;;;;;23022.5;0.0
10;22000;ASH_COATED_OSMIUM;9981;30;9980;10;;;10000;13;10003;13;;;9991.0;0.0
10;22000;INTARIAN_PEPPER_ROOT;23022;19;23021;11;;;23032;8;23035;8;;;23027.5;0.0
10;22100;ASH_COATED_OSMIUM;9983;15;;;;;9999;10;;;;;9991.5;0.0
10;22100;INTARIAN_PEPPER_ROOT;23019;7;23016;10;;;23034;12;23036;11;;;23027.0;0.0
10;22200;ASH_COATED_OSMIUM;9988;12;9986;13;;;10004;20;10006;26;;;9996.5;0.0
10;22200;INTARIAN_PEPPER_ROOT;23011;18;23010;12;;;23023;9;23026;10;;;23017.5;0.0
10;22300;ASH_COATED_OSMIUM;9988;13;;;;;10004;12;;;;;9996.5;0.0
10;22300;INTARIAN_PEPPER_ROOT;23016;10;;;;;23027;10;;;;;23021.5;0.0
10;22400;ASH_COATED_OSMIUM;9989;9;9986;11;;;10005;14;10008;13;;;9997.0;0.0
10;22400;INTARIAN_PEPPER_ROOT;23014;8;23011;19;23010;12;23028;10;23030;8;23031;25;23021.5;0.0
10;22500;ASH_COATED_OSMIUM;9983;30;9981;11;9978;13;9999;14;10002;11;10005;27;9991.0;0.0
10;22500;INTARIAN_PEPPER_ROOT;23018;11;23017;10;23016;23;23031;19;23032;10;23033;8;23025.0;0.0
10;22600;ASH_COATED_OSMIUM;9987;12;9986;28;;;10005;13;10008;10;;;9996.0;0.0
10;22600;INTARIAN_PEPPER_ROOT;23012;11;;;;;23027;15;;;;;23020.0;0.0
10;22700;ASH_COATED_OSMIUM;9982;14;9980;10;;;9998;14;9999;14;;;9990.5;0.0
10;22700;INTARIAN_PEPPER_ROOT;23016;8;23014;11;;;23028;11;23031;8;;;23022.0;0.0
10;22800;ASH_COATED_OSMIUM;9981;13;9978;14;;;10000;20;10003;11;;;9991.0;0.0
10;22800;INTARIAN_PEPPER_ROOT;23020;10;23018;10;;;23031;9;23034;10;;;23025.5;0.0
10;22900;ASH_COATED_OSMIUM;9988;14;;;;;10004;12;;;;;9996.5;0.0
10;22900;INTARIAN_PEPPER_ROOT;23021;15;23020;12;23017;8;23023;12;23024;11;23027;16;23022.5;0.0
10;23000;ASH_COATED_OSMIUM;9982;13;9979;22;9978;12;10000;11;10002;10;10003;26;9991.5;0.0
10;23000;INTARIAN_PEPPER_ROOT;23013;8;;;;;23024;12;;;;;23019.0;0.0
10;23100;ASH_COATED_OSMIUM;9988;14;9986;10;9985;13;10004;13;10006;14;10008;15;9996.0;0.0
10;23100;INTARIAN_PEPPER_ROOT;23018;22;23017;10;23014;9;23030;8;23031;11;23032;9;23024.5;0.0
10;23200;ASH_COATED_OSMIUM;9980;10;9977;10;;;10001;13;10002;25;;;9991.0;0.0
10;23200;INTARIAN_PEPPER_ROOT;23011;10;23010;11;23009;12;23028;10;23031;10;23033;9;23020.0;0.0
10;23300;ASH_COATED_OSMIUM;9988;11;9987;23;9986;15;10004;12;10006;15;10009;14;9996.5;0.0
10;23300;INTARIAN_PEPPER_ROOT;23011;11;23008;8;;;23028;10;23030;10;;;23020.0;0.0
10;23400;ASH_COATED_OSMIUM;9986;21;;;;;10007;12;;;;;9996.5;0.0
10;23400;INTARIAN_PEPPER_ROOT;23017;12;23016;19;23015;23;23029;9;23030;10;23033;10;23023.0;0.0
10;23500;ASH_COATED_OSMIUM;9983;11;9982;12;9980;2;9999;26;10002;15;10005;20;9991.0;0.0
10;23500;INTARIAN_PEPPER_ROOT;23019;22;23016;8;;;23031;12;23034;15;;;23025.0;0.0
10;23600;ASH_COATED_OSMIUM;9988;13;;;;;10004;13;;;;;9996.0;0.0
10;23600;INTARIAN_PEPPER_ROOT;23024;8;23023;12;;;23035;10;23036;12;;;23029.5;0.0
10;23700;ASH_COATED_OSMIUM;9982;27;9981;10;;;9998;11;10000;13;;;9990.0;0.0
10;23700;INTARIAN_PEPPER_ROOT;23015;9;23014;8;;;23029;8;23030;10;;;23022.0;0.0
10;23800;ASH_COATED_OSMIUM;9987;11;9986;30;;;10003;23;10004;15;;;9995.5;0.0
10;23800;INTARIAN_PEPPER_ROOT;23012;11;;;;;23031;22;;;;;23021.5;0.0
10;23900;ASH_COATED_OSMIUM;9982;13;9981;11;;;9998;13;10001;26;;;9990.0;0.0
10;23900;INTARIAN_PEPPER_ROOT;23022;10;23021;10;23019;8;23034;11;23037;24;23039;11;23028.0;0.0
10;24000;ASH_COATED_OSMIUM;9987;14;9985;13;;;10003;10;10005;10;;;9995.5;0.0
10;24000;INTARIAN_PEPPER_ROOT;23018;11;23015;10;23013;17;23035;12;23038;9;23040;8;23026.5;0.0
10;24100;ASH_COATED_OSMIUM;9987;27;9986;14;9985;13;10003;15;10004;29;10007;12;9995.5;0.0
10;24100;INTARIAN_PEPPER_ROOT;23022;12;;;;;23035;10;;;;;23029.0;0.0
10;24200;ASH_COATED_OSMIUM;9981;24;9979;12;9978;13;10000;21;10002;14;10005;29;9990.5;0.0
10;24200;INTARIAN_PEPPER_ROOT;23024;9;23023;24;23020;8;23027;10;23029;12;23031;11;23025.5;0.0
10;24300;ASH_COATED_OSMIUM;9986;25;;;;;10005;15;;;;;9996.0;0.0
10;24300;INTARIAN_PEPPER_ROOT;23017;8;;;;;23034;23;;;;;23026.0;0.0
10;24400;ASH_COATED_OSMIUM;9982;15;9981;12;;;9998;13;9999;22;;;9990.0;0.0
10;24400;INTARIAN_PEPPER_ROOT;23017;9;23014;11;23013;9;23031;8;23034;10;23035;9;23024.0;0.0
10;24500;ASH_COATED_OSMIUM;9980;10;9979;14;;;9998;10;10000;15;;;9989.5;0.0
10;24500;INTARIAN_PEPPER_ROOT;23019;11;23018;9;;;23033;11;23036;25;;;23026.0;0.0
10;24600;ASH_COATED_OSMIUM;9987;11;;;;;10003;20;;;;;9995.5;0.0
10;24600;INTARIAN_PEPPER_ROOT;23014;10;23011;8;;;23017;11;23019;11;;;23016.0;0.0
10;24700;ASH_COATED_OSMIUM;9987;11;9984;14;9981;10;10003;12;10005;10;10007;11;9995.5;0.0
10;24700;INTARIAN_PEPPER_ROOT;23016;12;23015;10;;;23031;17;23034;8;;;23024.0;0.0
10;24800;ASH_COATED_OSMIUM;9980;10;9977;15;;;9999;14;10002;13;;;9990.0;0.0
10;24800;INTARIAN_PEPPER_ROOT;23016;9;23014;11;;;23030;10;23032;8;;;23023.5;0.0
10;24900;ASH_COATED_OSMIUM;9985;15;9983;10;9982;30;10006;15;10007;20;10010;13;9995.5;0.0
10;24900;INTARIAN_PEPPER_ROOT;23021;8;23020;8;23017;12;23034;9;23037;11;23040;10;23028.0;0.0
10;25000;ASH_COATED_OSMIUM;9988;13;9985;11;9982;11;10004;15;10005;11;10007;12;9996.0;0.0
10;25000;INTARIAN_PEPPER_ROOT;23016;9;23015;11;23014;9;23030;5;23033;12;23036;12;23023.0;0.0
10;25100;ASH_COATED_OSMIUM;9988;13;9985;14;9984;10;10003;13;10004;4;10007;28;9996.0;0.0
10;25100;INTARIAN_PEPPER_ROOT;23016;11;23015;9;23012;10;23028;8;23030;9;23032;8;23022.0;0.0
10;25200;ASH_COATED_OSMIUM;9982;10;9981;30;;;9998;22;10000;10;;;9990.0;0.0
10;25200;INTARIAN_PEPPER_ROOT;23022;8;23020;12;;;23035;12;23037;24;;;23028.5;0.0
10;25300;ASH_COATED_OSMIUM;9986;27;9985;21;9982;11;10002;15;10003;13;10004;14;9994.0;0.0
10;25300;INTARIAN_PEPPER_ROOT;23020;8;23019;24;23017;10;23033;11;23034;8;23036;23;23026.5;0.0
10;25400;ASH_COATED_OSMIUM;9984;15;9981;15;;;10003;15;10006;11;;;9994.0;0.0
10;25400;INTARIAN_PEPPER_ROOT;23017;10;23016;8;;;23031;19;23032;10;;;23024.0;0.0
10;25500;ASH_COATED_OSMIUM;9983;14;9982;11;9980;13;10004;23;10005;14;10008;13;9994.0;0.0
10;25500;INTARIAN_PEPPER_ROOT;23022;10;23019;9;;;23035;12;23038;11;;;23028.5;0.0
10;25600;ASH_COATED_OSMIUM;9985;15;;;;;10004;12;;;;;9994.5;0.0
10;25600;INTARIAN_PEPPER_ROOT;23020;8;23019;18;23017;12;23032;9;23035;12;23036;10;23026.0;0.0
10;25700;ASH_COATED_OSMIUM;9989;28;;;;;9999;12;;;;;9994.5;0.0
10;25700;INTARIAN_PEPPER_ROOT;23017;12;23016;12;;;23031;11;23032;10;;;23024.0;0.0
10;25800;ASH_COATED_OSMIUM;9981;29;9980;13;9978;13;9997;28;9999;22;10000;14;9989.0;0.0
10;25800;INTARIAN_PEPPER_ROOT;23023;11;;;;;23033;12;;;;;23028.5;0.0
10;25900;ASH_COATED_OSMIUM;9986;10;9985;10;;;10002;25;10005;11;;;9994.5;0.0
10;25900;INTARIAN_PEPPER_ROOT;23020;10;;;;;23032;12;;;;;23026.0;0.0
10;26000;ASH_COATED_OSMIUM;9987;15;;;;;10003;10;;;;;9995.0;0.0
10;26000;INTARIAN_PEPPER_ROOT;23022;10;23020;11;;;23036;9;23039;8;;;23029.5;0.0
10;26100;ASH_COATED_OSMIUM;9981;2;9978;3;9976;5;9997;27;10000;2;10003;15;9989.5;0.0
10;26100;INTARIAN_PEPPER_ROOT;23016;9;23015;10;;;23030;9;23031;12;;;23023.5;0.0
10;26200;ASH_COATED_OSMIUM;9987;13;9984;13;;;10003;10;10006;11;;;9995.0;0.0
10;26200;INTARIAN_PEPPER_ROOT;23021;16;;;;;23032;11;;;;;23026.5;0.0
10;26300;ASH_COATED_OSMIUM;9987;29;9985;10;9982;11;10003;14;10006;12;10007;23;9995.0;0.0
10;26300;INTARIAN_PEPPER_ROOT;23019;12;23018;8;;;23032;12;23033;10;;;23026.0;0.0
10;26400;ASH_COATED_OSMIUM;9987;11;;;;;10003;13;;;;;9995.0;0.0
10;26400;INTARIAN_PEPPER_ROOT;23019;11;23017;18;;;23034;16;23036;11;;;23026.5;0.0
10;26500;ASH_COATED_OSMIUM;9987;10;;;;;10003;13;;;;;9995.0;0.0
10;26500;INTARIAN_PEPPER_ROOT;23017;11;23015;9;;;23030;10;23031;9;;;23023.5;0.0
10;26600;ASH_COATED_OSMIUM;9980;11;9979;11;;;9998;11;10000;24;;;9989.5;0.0
10;26600;INTARIAN_PEPPER_ROOT;23014;9;;;;;23029;11;;;;;23021.5;0.0
10;26700;ASH_COATED_OSMIUM;9980;13;9979;13;;;9998;15;10001;13;;;9989.5;0.0
10;26700;INTARIAN_PEPPER_ROOT;23020;12;;;;;23033;10;;;;;23027.0;0.0
10;26800;ASH_COATED_OSMIUM;9986;12;9983;23;;;10002;14;10004;15;;;9994.5;0.0
10;26800;INTARIAN_PEPPER_ROOT;23018;10;23016;18;;;23030;10;23032;10;;;23024.5;0.0
10;26900;ASH_COATED_OSMIUM;9982;14;9979;12;9976;10;9995;30;9997;15;9999;14;9989.0;0.0
10;26900;INTARIAN_PEPPER_ROOT;23015;9;23014;10;23013;9;23032;22;23035;8;23038;8;23024.0;0.0
10;27000;ASH_COATED_OSMIUM;9985;14;9982;12;;;10001;20;10004;14;;;9993.0;0.0
10;27000;INTARIAN_PEPPER_ROOT;23018;17;23017;10;;;23031;25;23033;9;;;23024.5;0.0
10;27100;ASH_COATED_OSMIUM;9986;15;;;;;10002;10;;;;;9994.0;0.0
10;27100;INTARIAN_PEPPER_ROOT;23018;10;;;;;23035;10;;;;;23026.5;0.0
10;27200;ASH_COATED_OSMIUM;9979;12;9978;15;9977;13;9997;13;9998;12;10000;15;9988.0;0.0
10;27200;INTARIAN_PEPPER_ROOT;23020;10;23017;12;23016;10;23038;10;23039;12;23042;10;23029.5;0.0
10;27300;ASH_COATED_OSMIUM;9985;11;9982;29;;;10003;15;10004;13;;;9994.0;0.0
10;27300;INTARIAN_PEPPER_ROOT;23022;9;23019;12;;;23034;8;23036;19;;;23028.0;0.0
10;27400;ASH_COATED_OSMIUM;9979;27;9976;12;;;9998;14;10001;11;;;9989.0;0.0
10;27400;INTARIAN_PEPPER_ROOT;23023;8;23020;8;23019;20;23035;11;23038;10;23040;9;23029.0;0.0
10;27500;ASH_COATED_OSMIUM;9981;14;9980;15;9977;13;9997;14;9998;11;9999;22;9989.5;0.0
10;27500;INTARIAN_PEPPER_ROOT;23020;11;23018;12;;;23031;8;23033;11;;;23025.5;0.0
10;27600;ASH_COATED_OSMIUM;9981;26;9980;24;9977;10;9997;14;9998;27;9999;21;9989.5;0.0
10;27600;INTARIAN_PEPPER_ROOT;23023;25;23020;10;23019;11;23035;7;23038;12;23041;9;23029.5;0.0
10;27700;ASH_COATED_OSMIUM;9981;14;;;;;9997;14;;;;;9989.5;0.0
10;27700;INTARIAN_PEPPER_ROOT;23020;10;23017;9;;;23032;16;23035;24;;;23026.0;0.0
10;27800;ASH_COATED_OSMIUM;9986;13;;;;;10005;11;;;;;9995.5;0.0
10;27800;INTARIAN_PEPPER_ROOT;23021;12;23018;12;;;23032;12;23033;8;;;23026.5;0.0
10;27900;ASH_COATED_OSMIUM;9980;11;9978;14;;;9999;30;10002;10;;;9990.0;0.0
10;27900;INTARIAN_PEPPER_ROOT;23022;10;23021;12;23019;10;23034;9;23037;10;23039;10;23028.0;0.0
10;28000;ASH_COATED_OSMIUM;9980;14;9979;15;9976;15;9998;12;9999;12;10001;13;9989.5;0.0
10;28000;INTARIAN_PEPPER_ROOT;23018;8;23015;9;;;23031;11;23034;12;;;23025.0;0.0
10;28100;ASH_COATED_OSMIUM;9987;15;9984;5;;;10003;15;10006;14;;;9995.5;0.0
10;28100;INTARIAN_PEPPER_ROOT;23021;8;23020;11;;;23033;11;23035;23;;;23027.5;0.0
10;28200;ASH_COATED_OSMIUM;9982;13;;;;;9998;14;;;;;9990.0;0.0
10;28200;INTARIAN_PEPPER_ROOT;23022;11;23019;12;;;23038;9;23039;11;;;23030.5;0.0
10;28300;ASH_COATED_OSMIUM;9981;10;;;;;10000;11;;;;;9990.5;0.0
10;28300;INTARIAN_PEPPER_ROOT;23024;8;23022;11;23020;12;23036;9;23038;11;23041;12;23030.5;0.0
10;28400;ASH_COATED_OSMIUM;9982;11;9981;11;;;9998;15;10001;10;;;9990.0;0.0
10;28400;INTARIAN_PEPPER_ROOT;23022;10;23019;9;;;23033;8;23036;10;;;23027.5;0.0
10;28500;ASH_COATED_OSMIUM;9980;15;;;;;9999;28;;;;;9990.0;0.0
10;28500;INTARIAN_PEPPER_ROOT;23021;12;23019;8;;;23034;12;23035;19;;;23027.5;0.0
10;28600;ASH_COATED_OSMIUM;9981;11;9979;15;;;9997;13;9999;22;;;9989.5;0.0
10;28600;INTARIAN_PEPPER_ROOT;23018;10;23016;12;;;23038;11;23041;8;;;23028.0;0.0
10;28700;ASH_COATED_OSMIUM;9985;24;9983;30;9980;23;10003;12;10004;25;10005;15;9994.0;0.0
10;28700;INTARIAN_PEPPER_ROOT;23023;9;23020;9;23018;12;23036;11;23039;10;23042;10;23029.5;0.0
10;28800;ASH_COATED_OSMIUM;9986;25;9984;13;;;10002;12;10003;13;;;9994.0;0.0
10;28800;INTARIAN_PEPPER_ROOT;23024;9;23021;23;23018;12;23037;19;23039;25;23042;11;23030.5;0.0
10;28900;ASH_COATED_OSMIUM;9980;10;;;;;9996;14;;;;;9988.5;0.0
10;28900;INTARIAN_PEPPER_ROOT;23021;12;;;;;23032;8;;;;;23027.0;0.0
10;29000;ASH_COATED_OSMIUM;9979;15;9977;3;;;9995;15;9997;11;;;9987.5;0.0
10;29000;INTARIAN_PEPPER_ROOT;23030;8;23029;10;23028;8;23034;9;23035;21;23037;8;23032.0;0.0
10;29100;ASH_COATED_OSMIUM;9979;10;9976;13;;;9995;13;9996;14;;;9987.5;0.0
10;29100;INTARIAN_PEPPER_ROOT;23024;11;23023;12;;;23037;9;23040;10;;;23030.5;0.0
10;29200;ASH_COATED_OSMIUM;9980;10;9979;15;;;9996;28;9999;15;;;9988.5;0.0
10;29200;INTARIAN_PEPPER_ROOT;23025;9;23024;9;23023;12;23036;9;23038;12;23041;8;23031.0;0.0
10;29300;ASH_COATED_OSMIUM;9985;11;9983;11;;;10001;10;10004;12;;;9993.5;0.0
10;29300;INTARIAN_PEPPER_ROOT;23019;9;;;;;23036;11;;;;;23028.0;0.0
10;29400;ASH_COATED_OSMIUM;9986;12;9985;15;9983;13;10002;13;10003;15;10005;14;9994.0;0.0
10;29400;INTARIAN_PEPPER_ROOT;23023;10;23021;12;;;23036;20;23037;11;;;23030.0;0.0
10;29500;ASH_COATED_OSMIUM;9985;15;;;;;10001;13;;;;;9993.5;0.0
10;29500;INTARIAN_PEPPER_ROOT;23021;8;23019;9;;;23035;23;23036;8;;;23028.0;0.0
10;29600;ASH_COATED_OSMIUM;9983;28;;;;;10002;30;;;;;9993.0;0.0
10;29600;INTARIAN_PEPPER_ROOT;23019;8;23018;8;23015;9;23037;15;23039;11;23040;9;23028.0;0.0
10;29700;ASH_COATED_OSMIUM;9980;13;;;;;9996;15;;;;;9988.5;0.0
10;29700;INTARIAN_PEPPER_ROOT;23027;10;23025;9;;;23031;10;23033;15;;;23029.5;0.0
10;29800;ASH_COATED_OSMIUM;9990;11;9989;14;9988;2;9995;14;9996;15;9997;14;9993.0;0.0
10;29800;INTARIAN_PEPPER_ROOT;23020;8;23019;11;23016;11;23037;18;23038;9;23039;12;23028.5;0.0
10;29900;ASH_COATED_OSMIUM;9979;15;9978;11;;;9995;10;9997;12;;;9987.5;0.0
10;29900;INTARIAN_PEPPER_ROOT;23026;10;23023;16;;;23031;11;23034;10;;;23029.0;0.0
10;30000;ASH_COATED_OSMIUM;9983;14;9981;14;;;10002;15;10005;11;;;9993.0;0.0
10;30000;INTARIAN_PEPPER_ROOT;23022;8;;;;;23035;15;;;;;23028.5;0.0
10;30100;ASH_COATED_OSMIUM;9980;21;;;;;9996;12;;;;;9988.0;0.0
10;30100;INTARIAN_PEPPER_ROOT;23025;10;;;;;23033;10;;;;;23029.5;0.0
10;30200;ASH_COATED_OSMIUM;9980;14;9977;11;9975;26;9996;10;9997;9;9999;23;9988.5;0.0
10;30200;INTARIAN_PEPPER_ROOT;23023;9;23020;12;23019;9;23036;10;23038;8;23041;9;23030.0;0.0
10;30300;ASH_COATED_OSMIUM;9978;13;;;;;9999;10;;;;;9989.0;0.0
10;30300;INTARIAN_PEPPER_ROOT;23022;10;;;;;23036;9;;;;;23029.5;0.0
10;30400;ASH_COATED_OSMIUM;9978;11;9977;15;9974;10;9999;13;10002;12;10005;25;9989.0;0.0
10;30400;INTARIAN_PEPPER_ROOT;23021;9;23019;9;;;23033;10;23034;11;;;23027.5;0.0
10;30500;ASH_COATED_OSMIUM;9981;13;9979;30;9976;10;9997;15;9998;27;9999;15;9989.0;0.0
10;30500;INTARIAN_PEPPER_ROOT;23028;9;23025;12;23024;10;23041;17;23043;12;23044;17;23035.0;0.0
10;30600;ASH_COATED_OSMIUM;9981;14;9979;30;;;9997;11;9999;15;;;9989.0;0.0
10;30600;INTARIAN_PEPPER_ROOT;23021;22;23020;20;23019;12;23032;17;23035;10;23038;8;23027.0;0.0
10;30700;ASH_COATED_OSMIUM;9986;14;9985;21;9983;10;10002;11;10005;15;10007;25;9994.5;0.0
10;30700;INTARIAN_PEPPER_ROOT;23025;8;23024;11;;;23039;16;23040;11;;;23032.0;0.0
10;30800;ASH_COATED_OSMIUM;9986;12;9984;13;9982;11;10004;28;10007;14;10010;12;9995.0;0.0
10;30800;INTARIAN_PEPPER_ROOT;23026;9;23024;9;23021;18;23038;18;23039;10;23040;12;23032.0;0.0
10;30900;ASH_COATED_OSMIUM;9987;10;9986;12;9984;15;10003;14;10006;10;10007;13;9995.5;0.0
10;30900;INTARIAN_PEPPER_ROOT;23023;24;;;;;23038;10;;;;;23030.5;0.0
10;31000;ASH_COATED_OSMIUM;9982;13;9979;11;;;9998;15;10000;12;;;9990.0;0.0
10;31000;INTARIAN_PEPPER_ROOT;23025;12;23023;12;23021;11;23036;11;23037;8;23038;10;23030.5;0.0
10;31100;ASH_COATED_OSMIUM;9987;12;9986;25;9985;15;10003;15;10005;15;10006;12;9995.5;0.0
10;31100;INTARIAN_PEPPER_ROOT;23024;12;23022;15;;;23039;9;23040;23;;;23031.5;0.0
10;31200;ASH_COATED_OSMIUM;9980;13;9979;14;9978;13;9999;14;10001;23;10003;13;9990.0;0.0
10;31200;INTARIAN_PEPPER_ROOT;23023;17;23022;10;;;23036;8;23038;12;;;23030.0;0.0
10;31300;ASH_COATED_OSMIUM;9987;30;9986;13;;;10003;14;10005;10;;;9995.5;0.0
10;31300;INTARIAN_PEPPER_ROOT;23026;9;23023;12;;;23040;12;23042;11;;;23033.0;0.0
10;31400;ASH_COATED_OSMIUM;9982;10;;;;;9998;12;;;;;9990.5;0.0
10;31400;INTARIAN_PEPPER_ROOT;23027;12;23025;9;23022;25;23038;8;23040;8;23041;10;23033.0;0.0
10;31500;ASH_COATED_OSMIUM;9982;4;;;;;9998;10;;;;;9990.5;0.0
10;31500;INTARIAN_PEPPER_ROOT;23030;9;23028;11;;;23042;19;23044;12;;;23036.0;0.0
10;31600;ASH_COATED_OSMIUM;9986;13;;;;;10004;12;;;;;9995.5;0.0
10;31600;INTARIAN_PEPPER_ROOT;23024;19;;;;;23038;12;;;;;23031.0;0.0
10;31700;ASH_COATED_OSMIUM;9982;12;9979;11;;;9998;4;9999;21;;;9990.0;0.0
10;31700;INTARIAN_PEPPER_ROOT;23023;9;23022;12;;;23036;10;23037;10;;;23029.5;0.0
10;31800;ASH_COATED_OSMIUM;9982;11;9981;12;9978;14;9998;12;10001;14;10004;13;9990.5;0.0
10;31800;INTARIAN_PEPPER_ROOT;23024;8;23023;10;;;23040;23;23041;9;;;23032.0;0.0
10;31900;ASH_COATED_OSMIUM;9982;29;;;;;9998;14;;;;;9990.0;0.0
10;31900;INTARIAN_PEPPER_ROOT;23022;9;;;;;23035;9;;;;;23028.5;0.0
10;32000;ASH_COATED_OSMIUM;9987;12;9986;5;9984;11;10003;10;10005;12;10006;12;9995.0;0.0
10;32000;INTARIAN_PEPPER_ROOT;23029;8;23027;11;23025;10;23033;9;23035;12;23037;8;23031.5;0.0
10;32100;ASH_COATED_OSMIUM;9987;11;;;;;10003;15;;;;;9995.5;0.0
10;32100;INTARIAN_PEPPER_ROOT;23027;11;23024;9;;;23039;9;23042;9;;;23033.0;0.0
10;32200;ASH_COATED_OSMIUM;9982;13;9979;15;;;9998;15;9999;10;;;9990.5;0.0
10;32200;INTARIAN_PEPPER_ROOT;23029;11;23026;10;;;23043;11;23046;9;;;23036.5;0.0
10;32300;ASH_COATED_OSMIUM;9987;22;9986;12;;;10003;15;10006;8;;;9995.5;0.0
10;32300;INTARIAN_PEPPER_ROOT;23025;11;23024;11;23023;10;23038;9;23041;9;23043;8;23031.5;0.0
10;32400;ASH_COATED_OSMIUM;9982;11;9981;10;9978;11;9998;13;9999;12;10001;14;9990.5;0.0
10;32400;INTARIAN_PEPPER_ROOT;23027;11;23026;10;23025;12;23039;9;23040;8;23042;12;23033.0;0.0
10;32500;ASH_COATED_OSMIUM;9982;4;9981;14;;;9998;10;10000;13;;;9990.5;0.0
10;32500;INTARIAN_PEPPER_ROOT;23027;22;;;;;23041;20;;;;;23034.5;0.0
10;32600;ASH_COATED_OSMIUM;9988;13;9986;10;;;10004;10;10005;11;;;9996.0;0.0
10;32600;INTARIAN_PEPPER_ROOT;23026;10;23025;8;;;23039;24;23042;11;;;23032.5;0.0
10;32700;ASH_COATED_OSMIUM;9987;15;9984;12;;;10003;10;10005;28;;;9995.5;0.0
10;32700;INTARIAN_PEPPER_ROOT;23027;11;23024;9;23022;12;23039;12;23042;12;23044;11;23033.5;0.0
10;32800;ASH_COATED_OSMIUM;9991;15;9988;24;;;10001;11;10002;14;;;9996.0;0.0
10;32800;INTARIAN_PEPPER_ROOT;23029;19;23027;9;;;23040;12;23042;10;;;23035.0;0.0
10;32900;ASH_COATED_OSMIUM;9981;11;;;;;10000;14;;;;;9990.5;0.0
10;32900;INTARIAN_PEPPER_ROOT;23020;9;23018;9;23017;8;23036;20;23038;9;23040;12;23028.0;0.0
10;33000;ASH_COATED_OSMIUM;9980;13;;;;;10001;20;;;;;9991.0;0.0
10;33000;INTARIAN_PEPPER_ROOT;23027;12;23025;10;;;23041;12;23042;11;;;23034.0;0.0
10;33100;ASH_COATED_OSMIUM;9986;14;;;;;10005;15;;;;;9996.0;0.0
10;33100;INTARIAN_PEPPER_ROOT;23029;11;;;;;23041;10;;;;;23035.5;0.0
10;33200;ASH_COATED_OSMIUM;9982;10;;;;;9998;12;;;;;9990.0;0.0
10;33200;INTARIAN_PEPPER_ROOT;23026;9;23023;12;;;23039;11;23041;12;;;23032.5;0.0
10;33300;ASH_COATED_OSMIUM;9981;10;9980;14;;;9997;24;9998;10;;;9989.5;0.0
10;33300;INTARIAN_PEPPER_ROOT;23032;25;;;;;23044;11;;;;;23038.5;0.0
10;33400;ASH_COATED_OSMIUM;9991;15;9988;11;9986;29;9999;15;10000;13;10003;14;9995.0;0.0
10;33400;INTARIAN_PEPPER_ROOT;23032;10;23031;8;;;23044;8;23045;22;;;23038.0;0.0
10;33500;ASH_COATED_OSMIUM;9986;15;9985;11;;;10002;10;10003;14;;;9994.5;0.0
10;33500;INTARIAN_PEPPER_ROOT;23022;11;;;;;23034;12;;;;;23028.0;0.0
10;33600;ASH_COATED_OSMIUM;9981;10;;;;;9997;15;;;;;9989.5;0.0
10;33600;INTARIAN_PEPPER_ROOT;23026;8;23025;12;;;23041;8;23044;12;;;23034.0;0.0
10;33700;ASH_COATED_OSMIUM;9980;12;;;;;9998;15;;;;;9989.5;0.0
10;33700;INTARIAN_PEPPER_ROOT;23021;12;23018;9;23015;10;23035;12;23038;11;23041;12;23028.0;0.0
10;33800;ASH_COATED_OSMIUM;9982;10;9981;13;;;9998;10;10000;13;;;9990.0;0.0
10;33800;INTARIAN_PEPPER_ROOT;23024;9;23021;11;23019;10;23041;9;23043;9;23046;11;23033.0;0.0
10;33900;ASH_COATED_OSMIUM;9988;8;9987;14;9986;3;10004;10;10007;15;10009;12;9996.0;0.0
10;33900;INTARIAN_PEPPER_ROOT;23027;9;23024;10;23021;12;23041;10;23043;10;23046;20;23034.0;0.0
10;34000;ASH_COATED_OSMIUM;9981;15;9978;15;9975;24;10000;14;10001;12;10002;26;9991.0;0.0
10;34000;INTARIAN_PEPPER_ROOT;23028;8;23026;10;23025;12;23042;8;23044;19;23047;10;23035.0;0.0
10;34100;ASH_COATED_OSMIUM;9988;13;9985;27;9984;11;10004;13;10007;10;10008;20;9996.5;0.0
10;34100;INTARIAN_PEPPER_ROOT;23027;9;23025;8;;;23044;12;23047;11;;;23035.5;0.0
10;34200;ASH_COATED_OSMIUM;9989;15;9986;21;9984;2;10005;14;10007;23;10009;14;9997.5;0.0
10;34200;INTARIAN_PEPPER_ROOT;23029;11;23027;10;;;23045;12;23047;16;;;23037.0;0.0
10;34300;ASH_COATED_OSMIUM;9989;10;9986;5;9985;30;10005;13;10006;14;10008;12;9997.5;0.0
10;34300;INTARIAN_PEPPER_ROOT;23029;11;23028;8;;;23042;10;23045;18;;;23035.5;0.0
10;34400;ASH_COATED_OSMIUM;9987;2;9985;14;9983;10;9996;12;9998;15;10000;15;9992.0;0.0
10;34400;INTARIAN_PEPPER_ROOT;23026;8;23024;8;;;23041;9;23042;12;;;23034.0;0.0
10;34500;ASH_COATED_OSMIUM;9983;22;9981;12;;;10002;12;10003;13;;;9992.5;0.0
10;34500;INTARIAN_PEPPER_ROOT;23028;8;23025;18;23023;9;23040;9;23042;12;23045;10;23034.5;0.0
10;34600;ASH_COATED_OSMIUM;9988;11;;;;;10007;25;;;;;9998.0;0.0
10;34600;INTARIAN_PEPPER_ROOT;23029;8;23028;8;;;23041;9;23042;8;;;23035.0;0.0
10;34700;ASH_COATED_OSMIUM;9985;11;;;;;10001;11;;;;;9993.0;0.0
10;34700;INTARIAN_PEPPER_ROOT;23026;9;23023;12;;;23042;12;23044;21;;;23034.5;0.0
10;34800;ASH_COATED_OSMIUM;9984;10;;;;;10002;10;;;;;9993.5;0.0
10;34800;INTARIAN_PEPPER_ROOT;23028;10;;;;;23039;4;;;;;23033.5;0.0
10;34900;ASH_COATED_OSMIUM;9990;14;9989;12;9987;2;10006;2;10009;10;10012;13;9998.5;0.0
10;34900;INTARIAN_PEPPER_ROOT;23027;17;23026;10;;;23044;10;23047;8;;;23035.5;0.0
10;35000;ASH_COATED_OSMIUM;9990;13;;;;;10006;14;;;;;9998.0;0.0
10;35000;INTARIAN_PEPPER_ROOT;23029;11;23028;11;23026;12;23044;8;23047;10;23050;10;23036.5;0.0
10;35100;ASH_COATED_OSMIUM;9985;14;9982;29;;;10001;20;10003;10;;;9993.0;0.0
10;35100;INTARIAN_PEPPER_ROOT;23030;8;23028;8;;;23043;20;23044;8;;;23037.0;0.0
10;35200;ASH_COATED_OSMIUM;9985;15;9982;15;;;10001;12;10002;25;;;9993.0;0.0
10;35200;INTARIAN_PEPPER_ROOT;23029;8;23027;11;;;23042;24;23043;11;;;23036.0;0.0
10;35300;ASH_COATED_OSMIUM;9990;11;;;;;10006;15;;;;;9998.0;0.0
10;35300;INTARIAN_PEPPER_ROOT;23030;8;23027;18;23024;10;23044;11;23047;11;23050;11;23037.5;0.0
10;35400;ASH_COATED_OSMIUM;9990;24;9989;11;9987;11;10006;11;10008;10;10011;13;9998.5;0.0
10;35400;INTARIAN_PEPPER_ROOT;23030;8;23028;11;;;23042;8;23044;11;;;23036.0;0.0
10;35500;ASH_COATED_OSMIUM;9985;5;;;;;10001;12;;;;;9993.0;0.0
10;35500;INTARIAN_PEPPER_ROOT;23028;10;;;;;23044;9;;;;;23036.5;0.0
10;35600;ASH_COATED_OSMIUM;9990;3;;;;;10006;15;;;;;9998.0;0.0
10;35600;INTARIAN_PEPPER_ROOT;23030;11;23027;9;;;23041;11;23043;11;;;23035.5;0.0
10;35700;ASH_COATED_OSMIUM;9984;20;9983;20;;;10002;11;10004;14;;;9993.0;0.0
10;35700;INTARIAN_PEPPER_ROOT;23027;11;23026;10;;;23041;9;23043;11;;;23034.5;0.0
10;35800;ASH_COATED_OSMIUM;9990;5;9987;2;;;10006;15;10007;30;;;9998.5;0.0
10;35800;INTARIAN_PEPPER_ROOT;23030;9;;;;;23043;10;;;;;23036.5;0.0
10;35900;ASH_COATED_OSMIUM;9989;11;9986;5;;;9998;14;10000;10;;;9993.5;0.0
10;35900;INTARIAN_PEPPER_ROOT;23029;22;;;;;23043;11;;;;;23036.0;0.0
10;36000;ASH_COATED_OSMIUM;9991;10;9989;10;;;10007;12;10008;15;;;9999.0;0.0
10;36000;INTARIAN_PEPPER_ROOT;23023;24;23022;9;23021;9;23036;6;23039;8;23042;12;23029.5;0.0
10;36100;ASH_COATED_OSMIUM;9986;25;9983;12;;;10002;25;10005;14;;;9994.0;0.0
10;36100;INTARIAN_PEPPER_ROOT;23033;24;23030;9;23027;21;23046;11;23048;17;23051;9;23039.5;0.0
10;36200;ASH_COATED_OSMIUM;9990;12;;;;;10008;22;;;;;9999.0;0.0
10;36200;INTARIAN_PEPPER_ROOT;23028;8;;;;;23042;8;;;;;23035.5;0.0
10;36300;ASH_COATED_OSMIUM;9985;10;9984;14;;;10003;12;10004;12;;;9994.0;0.0
10;36300;INTARIAN_PEPPER_ROOT;23030;15;23029;8;;;23045;9;23047;22;;;23037.5;0.0
10;36400;ASH_COATED_OSMIUM;9991;10;9989;13;9987;13;10007;25;10010;12;10012;12;9999.0;0.0
10;36400;INTARIAN_PEPPER_ROOT;23029;11;23026;9;;;23043;12;23046;22;;;23036.0;0.0
10;36500;ASH_COATED_OSMIUM;9986;12;9983;12;9980;12;10002;13;10003;4;10006;10;9994.0;0.0
10;36500;INTARIAN_PEPPER_ROOT;23025;19;23023;10;;;23038;12;23040;8;;;23032.0;0.0
10;36600;ASH_COATED_OSMIUM;9986;29;9984;14;;;10002;2;10004;15;;;9994.0;0.0
10;36600;INTARIAN_PEPPER_ROOT;23032;11;23029;11;;;23043;9;23044;11;;;23037.5;0.0
10;36700;ASH_COATED_OSMIUM;9991;14;9990;12;9988;29;10007;11;10008;11;10010;27;9999.5;0.0
10;36700;INTARIAN_PEPPER_ROOT;23027;11;23024;15;;;23040;19;23041;11;;;23033.5;0.0
10;36800;ASH_COATED_OSMIUM;9991;23;9989;10;;;10007;10;10008;10;;;9999.5;0.0
10;36800;INTARIAN_PEPPER_ROOT;23030;9;;;;;23043;12;;;;;23037.0;0.0
10;36900;ASH_COATED_OSMIUM;9991;24;9990;15;9989;11;10007;12;10008;12;10010;13;9999.0;0.0
10;36900;INTARIAN_PEPPER_ROOT;23029;9;23026;11;;;23044;9;23047;10;;;23037.0;0.0
10;37000;ASH_COATED_OSMIUM;9990;20;9987;12;;;10008;15;10010;14;;;9999.5;0.0
10;37000;INTARIAN_PEPPER_ROOT;23031;12;;;;;23045;12;;;;;23038.0;0.0
10;37100;ASH_COATED_OSMIUM;9985;13;9983;15;;;10003;20;10004;30;;;9994.0;0.0
10;37100;INTARIAN_PEPPER_ROOT;23029;8;;;;;23042;17;;;;;23036.0;0.0
10;37200;ASH_COATED_OSMIUM;9996;12;9995;10;;;10001;13;10002;26;;;9998.5;0.0
10;37200;INTARIAN_PEPPER_ROOT;23035;11;23034;23;23033;17;23047;8;23048;11;23051;9;23041.0;0.0
10;37300;ASH_COATED_OSMIUM;9990;13;9987;12;9986;14;10006;10;10007;15;10009;15;9998.0;0.0
10;37300;INTARIAN_PEPPER_ROOT;23025;9;23023;22;;;23041;23;23043;9;;;23033.5;0.0
10;37400;ASH_COATED_OSMIUM;9990;11;;;;;10006;15;;;;;9998.0;0.0
10;37400;INTARIAN_PEPPER_ROOT;23031;11;23029;12;23026;10;23044;8;23047;11;23048;21;23038.0;0.0
10;37500;ASH_COATED_OSMIUM;9985;14;9984;14;;;10001;11;10003;14;;;9993.0;0.0
10;37500;INTARIAN_PEPPER_ROOT;23029;9;23027;8;;;23045;8;23048;12;;;23037.0;0.0
10;37600;ASH_COATED_OSMIUM;9991;12;9989;10;;;10007;29;10008;13;;;9999.5;0.0
10;37600;INTARIAN_PEPPER_ROOT;23028;12;23026;8;;;23042;11;23043;9;;;23035.0;0.0
10;37700;ASH_COATED_OSMIUM;9989;15;9988;13;9986;13;9998;11;10000;3;10001;12;9994.0;0.0
10;37700;INTARIAN_PEPPER_ROOT;23031;10;23028;9;23026;11;23050;11;23053;12;23054;23;23040.5;0.0
10;37800;ASH_COATED_OSMIUM;9986;10;9985;26;;;10002;10;10005;14;;;9994.0;0.0
10;37800;INTARIAN_PEPPER_ROOT;23033;9;23031;11;;;23047;8;23050;9;;;23040.5;0.0
10;37900;ASH_COATED_OSMIUM;9989;14;9986;6;9985;15;10007;10;10010;13;10011;10;9998.0;0.0
10;37900;INTARIAN_PEPPER_ROOT;23032;8;;;;;23046;16;;;;;23039.0;0.0
10;38000;ASH_COATED_OSMIUM;9990;26;9988;12;;;10006;25;10009;13;;;9998.0;0.0
10;38000;INTARIAN_PEPPER_ROOT;23032;22;;;;;23044;17;;;;;23038.5;0.0
10;38100;ASH_COATED_OSMIUM;9985;25;9984;10;9983;12;10001;12;10003;15;10005;12;9993.5;0.0
10;38100;INTARIAN_PEPPER_ROOT;23031;12;23029;12;;;23047;11;23048;9;;;23039.5;0.0
10;38200;ASH_COATED_OSMIUM;9991;14;9990;12;;;10007;13;10008;5;;;9999.0;0.0
10;38200;INTARIAN_PEPPER_ROOT;23036;19;23035;12;;;23048;7;23049;10;;;23042.5;0.0
10;38300;ASH_COATED_OSMIUM;9991;3;9990;10;;;10007;15;10009;13;;;9999.5;0.0
10;38300;INTARIAN_PEPPER_ROOT;23030;8;23028;12;;;23044;18;23046;11;;;23037.0;0.0
10;38400;ASH_COATED_OSMIUM;9984;12;9983;27;;;10003;13;10006;27;;;9993.5;0.0
10;38400;INTARIAN_PEPPER_ROOT;23031;25;;;;;23044;11;;;;;23037.5;0.0
10;38500;ASH_COATED_OSMIUM;9989;12;9986;11;;;10010;13;10011;13;;;9999.5;0.0
10;38500;INTARIAN_PEPPER_ROOT;23029;11;23026;11;;;23041;10;23042;11;;;23035.5;0.0
10;38600;ASH_COATED_OSMIUM;9989;15;;;;;10000;10;;;;;9994.5;0.0
10;38600;INTARIAN_PEPPER_ROOT;23032;12;23030;10;;;23044;11;23046;22;;;23038.0;0.0
10;38700;ASH_COATED_OSMIUM;9986;26;;;;;10002;12;;;;;9994.0;0.0
10;38700;INTARIAN_PEPPER_ROOT;23032;10;23031;9;;;23044;10;23046;9;;;23038.0;0.0
10;38800;ASH_COATED_OSMIUM;9992;10;9990;13;;;10008;20;10011;10;;;10000.0;0.0
10;38800;INTARIAN_PEPPER_ROOT;23033;21;23030;21;23027;8;23044;15;23045;11;23046;8;23038.5;0.0
10;38900;ASH_COATED_OSMIUM;9986;13;9983;10;;;10002;10;10005;15;;;9994.0;0.0
10;38900;INTARIAN_PEPPER_ROOT;23031;8;23029;8;23028;11;23045;9;23047;9;23048;11;23038.0;0.0
10;39000;ASH_COATED_OSMIUM;9991;13;9989;13;9987;14;10007;12;10008;10;10011;15;9999.5;0.0
10;39000;INTARIAN_PEPPER_ROOT;23030;8;;;;;23043;9;;;;;23036.5;0.0
10;39100;ASH_COATED_OSMIUM;9992;15;9990;13;;;10008;13;10010;15;;;10000.0;0.0
10;39100;INTARIAN_PEPPER_ROOT;23036;8;;;;;23047;10;;;;;23041.5;0.0
10;39200;ASH_COATED_OSMIUM;9994;14;;;;;10005;13;;;;;10000.0;0.0
10;39200;INTARIAN_PEPPER_ROOT;23032;11;;;;;23047;9;;;;;23039.5;0.0
10;39300;ASH_COATED_OSMIUM;9988;10;9985;11;9983;11;10004;10;10007;12;10009;14;9996.5;0.0
10;39300;INTARIAN_PEPPER_ROOT;23027;9;23025;15;23022;25;23044;8;23045;11;23046;24;23035.5;0.0
10;39400;ASH_COATED_OSMIUM;9988;14;9985;14;;;10004;15;10007;13;;;9996.5;0.0
10;39400;INTARIAN_PEPPER_ROOT;23035;8;23034;11;23033;23;23049;9;23051;9;23053;10;23042.5;0.0
10;39500;ASH_COATED_OSMIUM;9994;15;;;;;10010;10;;;;;10002.0;0.0
10;39500;INTARIAN_PEPPER_ROOT;23033;9;23031;9;;;23045;9;23048;25;;;23039.5;0.0
10;39600;ASH_COATED_OSMIUM;9992;10;9990;12;9989;11;10001;12;10004;10;10006;14;9996.5;0.0
10;39600;INTARIAN_PEPPER_ROOT;23031;9;;;;;23042;20;;;;;23037.0;0.0
10;39700;ASH_COATED_OSMIUM;9994;10;9993;12;;;10010;15;10013;11;;;10002.0;0.0
10;39700;INTARIAN_PEPPER_ROOT;23037;9;23036;12;;;23049;12;23052;10;;;23043.5;0.0
10;39800;ASH_COATED_OSMIUM;9992;13;9990;15;9988;15;10011;10;10014;13;10016;13;10001.5;0.0
10;39800;INTARIAN_PEPPER_ROOT;23033;19;23031;11;23029;8;23047;11;23048;10;23051;11;23040.0;0.0
10;39900;ASH_COATED_OSMIUM;9994;13;9992;13;9990;23;10010;13;10011;12;10012;11;10002.0;0.0
10;39900;INTARIAN_PEPPER_ROOT;23031;9;23028;11;;;23044;8;23045;10;;;23037.5;0.0
10;40000;ASH_COATED_OSMIUM;9992;13;9991;11;;;10011;10;10014;13;;;10002.0;0.0
10;40000;INTARIAN_PEPPER_ROOT;23034;12;23031;8;;;23045;8;23048;10;;;23040.0;0.0
10;40100;ASH_COATED_OSMIUM;9993;11;;;;;10000;30;;;;;9996.5;0.0
10;40100;INTARIAN_PEPPER_ROOT;23036;12;23035;11;;;23051;9;23053;9;;;23043.5;0.0
10;40200;ASH_COATED_OSMIUM;9991;13;9988;15;;;10012;12;10013;14;;;10002.0;0.0
10;40200;INTARIAN_PEPPER_ROOT;23035;10;23032;12;;;23048;12;23050;8;;;23042.0;0.0
10;40300;ASH_COATED_OSMIUM;9989;4;9986;13;9985;13;10005;15;10008;12;10011;10;9997.5;0.0
10;40300;INTARIAN_PEPPER_ROOT;23032;9;;;;;23045;8;;;;;23039.0;0.0
10;40400;ASH_COATED_OSMIUM;9994;11;9992;24;9990;14;10010;11;10011;15;10013;12;10002.5;0.0
10;40400;INTARIAN_PEPPER_ROOT;23039;12;;;;;23052;17;;;;;23045.5;0.0
10;40500;ASH_COATED_OSMIUM;9994;12;9991;13;;;10010;11;10012;13;;;10002.5;0.0
10;40500;INTARIAN_PEPPER_ROOT;23031;9;23030;10;23028;8;23048;9;23051;17;23053;8;23040.0;0.0
10;40600;ASH_COATED_OSMIUM;9989;15;;;;;10005;22;;;;;9997.0;0.0
10;40600;INTARIAN_PEPPER_ROOT;23035;25;23034;9;;;23049;10;23052;10;;;23042.5;0.0
10;40700;ASH_COATED_OSMIUM;9994;13;;;;;10010;11;;;;;10002.0;0.0
10;40700;INTARIAN_PEPPER_ROOT;23034;8;;;;;23046;8;;;;;23040.5;0.0
10;40800;ASH_COATED_OSMIUM;9987;10;;;;;10005;11;;;;;9996.5;0.0
10;40800;INTARIAN_PEPPER_ROOT;23036;11;23033;10;;;23048;10;23049;12;;;23042.5;0.0
10;40900;ASH_COATED_OSMIUM;9993;11;;;;;10009;13;;;;;10001.5;0.0
10;40900;INTARIAN_PEPPER_ROOT;23031;10;;;;;23043;9;;;;;23037.5;0.0
10;41000;ASH_COATED_OSMIUM;9992;28;9991;13;;;10001;15;10002;13;;;9996.5;0.0
10;41000;INTARIAN_PEPPER_ROOT;23033;16;23030;11;;;23046;12;23047;21;;;23039.5;0.0
10;41100;ASH_COATED_OSMIUM;9993;13;9991;11;9988;15;10012;28;10014;11;10017;11;10002.5;0.0
10;41100;INTARIAN_PEPPER_ROOT;23035;10;;;;;23046;20;;;;;23041.0;0.0
10;41200;ASH_COATED_OSMIUM;9994;15;9993;12;9992;10;10010;15;10011;11;10012;12;10002.5;0.0
10;41200;INTARIAN_PEPPER_ROOT;23035;10;23034;11;23033;10;23050;9;23053;21;23056;11;23043.0;0.0
10;41300;ASH_COATED_OSMIUM;9987;27;9984;14;;;10008;24;10010;11;;;9997.5;0.0
10;41300;INTARIAN_PEPPER_ROOT;23033;11;23030;12;23027;11;23047;17;23048;10;23051;9;23040.0;0.0
10;41400;ASH_COATED_OSMIUM;9999;15;;;;;10006;14;;;;;10003.0;0.0
10;41400;INTARIAN_PEPPER_ROOT;23031;16;23028;9;;;23044;10;23045;9;;;23037.5;0.0
10;41500;ASH_COATED_OSMIUM;9988;10;9987;13;9984;15;10007;10;10010;14;10013;13;9997.5;0.0
10;41500;INTARIAN_PEPPER_ROOT;23037;11;23035;10;23034;10;23051;10;23054;15;23056;11;23044.0;0.0
10;41600;ASH_COATED_OSMIUM;9994;14;9992;13;9989;12;10012;13;10013;11;10016;15;10003.0;0.0
10;41600;INTARIAN_PEPPER_ROOT;23032;21;23030;11;23028;8;23047;11;23050;8;23051;11;23040.0;0.0
10;41700;ASH_COATED_OSMIUM;9994;10;9993;2;;;10010;14;10012;25;;;10002.5;0.0
10;41700;INTARIAN_PEPPER_ROOT;23035;8;23034;10;;;23048;9;23049;10;;;23042.0;0.0
10;41800;ASH_COATED_OSMIUM;9989;10;9988;15;;;10005;11;10008;12;;;9997.0;0.0
10;41800;INTARIAN_PEPPER_ROOT;23036;8;23035;11;;;23048;24;23051;12;;;23042.5;0.0
10;41900;ASH_COATED_OSMIUM;9994;13;;;;;10010;14;;;;;10002.5;0.0
10;41900;INTARIAN_PEPPER_ROOT;23035;9;23032;9;;;23050;8;23051;18;;;23043.0;0.0
10;42000;ASH_COATED_OSMIUM;9990;28;;;;;10006;12;;;;;9998.0;0.0
10;42000;INTARIAN_PEPPER_ROOT;23033;9;23030;9;23029;8;23046;19;23048;10;23050;12;23040.0;0.0
10;42100;ASH_COATED_OSMIUM;9995;10;;;;;10011;14;;;;;10003.0;0.0
10;42100;INTARIAN_PEPPER_ROOT;23038;11;23037;10;;;23051;9;23053;12;;;23045.0;0.0
10;42200;ASH_COATED_OSMIUM;9989;10;9987;26;;;10005;12;10006;13;;;9997.5;0.0
10;42200;INTARIAN_PEPPER_ROOT;23037;9;23036;9;23034;12;23050;15;23053;10;23056;24;23043.5;0.0
10;42300;ASH_COATED_OSMIUM;9994;15;9993;14;;;10010;15;10011;2;;;10002.0;0.0
10;42300;INTARIAN_PEPPER_ROOT;23035;9;23034;12;;;23048;21;23049;11;;;23041.5;0.0
10;42400;ASH_COATED_OSMIUM;9989;15;9986;11;;;10005;12;10007;13;;;9997.0;0.0
10;42400;INTARIAN_PEPPER_ROOT;23036;12;;;;;23050;21;;;;;23043.0;0.0
10;42500;ASH_COATED_OSMIUM;9989;30;9988;10;;;10005;7;10008;13;;;9997.5;0.0
10;42500;INTARIAN_PEPPER_ROOT;23039;8;23036;10;;;23053;11;23056;8;;;23046.5;0.0
10;42600;ASH_COATED_OSMIUM;9994;15;;;;;10010;23;;;;;10002.0;0.0
10;42600;INTARIAN_PEPPER_ROOT;23036;10;23035;12;;;23048;19;23051;12;;;23042.5;0.0
10;42700;ASH_COATED_OSMIUM;9991;12;9990;12;;;10003;20;10006;12;;;9997.0;0.0
10;42700;INTARIAN_PEPPER_ROOT;23033;11;;;;;23045;9;;;;;23039.5;0.0
10;42800;ASH_COATED_OSMIUM;9987;10;9985;12;;;10005;28;10008;15;;;9996.5;0.0
10;42800;INTARIAN_PEPPER_ROOT;23038;9;;;;;23052;16;;;;;23045.0;0.0
10;42900;ASH_COATED_OSMIUM;9992;28;9990;11;;;10001;12;10002;15;;;9996.5;0.0
10;42900;INTARIAN_PEPPER_ROOT;23034;12;23031;9;23029;8;23048;10;23051;10;23054;22;23041.5;0.0
10;43000;ASH_COATED_OSMIUM;9993;14;9992;12;;;10009;26;10012;14;;;10001.5;0.0
10;43000;INTARIAN_PEPPER_ROOT;23036;10;23034;8;;;23049;18;23051;12;;;23043.0;0.0
10;43100;ASH_COATED_OSMIUM;9986;10;9984;12;;;10005;24;10008;11;;;9996.0;0.0
10;43100;INTARIAN_PEPPER_ROOT;23038;11;23036;8;;;23052;10;23053;10;;;23045.0;0.0
10;43200;ASH_COATED_OSMIUM;9994;10;9992;15;;;9999;12;10000;12;;;9996.5;0.0
10;43200;INTARIAN_PEPPER_ROOT;23038;11;23035;12;23034;9;23054;10;23055;9;23057;16;23046.0;0.0
10;43300;ASH_COATED_OSMIUM;9988;4;9985;15;9984;29;10004;29;10007;14;10009;14;9996.0;0.0
10;43300;INTARIAN_PEPPER_ROOT;23035;11;;;;;23051;12;;;;;23043.5;0.0
10;43400;ASH_COATED_OSMIUM;9993;13;;;;;10009;12;;;;;10001.5;0.0
10;43400;INTARIAN_PEPPER_ROOT;23038;21;23037;21;23035;12;23049;11;23050;11;23052;8;23044.0;0.0
10;43500;ASH_COATED_OSMIUM;9993;14;9991;10;9989;4;10009;14;10011;15;10013;24;10001.5;0.0
10;43500;INTARIAN_PEPPER_ROOT;23035;24;23033;10;23032;12;23049;10;23051;9;23053;11;23042.5;0.0
10;43600;ASH_COATED_OSMIUM;9987;10;;;;;10003;11;;;;;9995.5;0.0
10;43600;INTARIAN_PEPPER_ROOT;23036;11;23033;8;;;23053;18;23054;8;;;23044.5;0.0
10;43700;ASH_COATED_OSMIUM;9987;10;9986;14;9984;14;10003;14;10004;12;10007;14;9995.0;0.0
10;43700;INTARIAN_PEPPER_ROOT;23034;10;23033;20;;;23046;8;23047;9;;;23040.0;0.0
10;43800;ASH_COATED_OSMIUM;9992;15;9990;11;;;10008;13;10011;5;;;10000.0;0.0
10;43800;INTARIAN_PEPPER_ROOT;23040;8;23039;9;;;23053;8;23054;10;;;23046.5;0.0
10;43900;ASH_COATED_OSMIUM;9992;10;;;;;10008;14;;;;;10000.0;0.0
10;43900;INTARIAN_PEPPER_ROOT;23039;8;23038;23;;;23052;8;23055;10;;;23045.5;0.0
10;44000;ASH_COATED_OSMIUM;9987;24;9985;14;9984;14;10003;8;10004;14;10006;12;9995.0;0.0
10;44000;INTARIAN_PEPPER_ROOT;23043;10;23042;8;;;23045;10;23048;11;;;23044.5;0.0
10;44100;ASH_COATED_OSMIUM;9985;14;9982;27;;;10004;13;10005;23;;;9995.0;0.0
10;44100;INTARIAN_PEPPER_ROOT;23040;19;;;;;23054;9;;;;;23047.0;0.0
10;44200;ASH_COATED_OSMIUM;9987;12;9984;27;9982;11;10003;14;10005;24;10007;12;9995.0;0.0
10;44200;INTARIAN_PEPPER_ROOT;23038;11;23036;11;23033;11;23051;12;23052;8;23055;8;23045.0;0.0
10;44300;ASH_COATED_OSMIUM;9985;14;9984;15;;;10001;11;10002;11;;;9993.5;0.0
10;44300;INTARIAN_PEPPER_ROOT;23037;8;23035;3;23032;11;23048;8;23051;9;23054;11;23042.5;0.0
10;44400;ASH_COATED_OSMIUM;9991;11;9988;26;;;10007;14;10010;10;;;9999.0;0.0
10;44400;INTARIAN_PEPPER_ROOT;23037;9;;;;;23051;8;;;;;23044.5;0.0
10;44500;ASH_COATED_OSMIUM;9985;13;9984;14;;;10001;15;10004;13;;;9993.5;0.0
10;44500;INTARIAN_PEPPER_ROOT;23040;12;23038;9;23035;8;23054;11;23057;8;23060;23;23047.0;0.0
10;44600;ASH_COATED_OSMIUM;9985;11;;;;;10001;10;;;;;9993.0;0.0
10;44600;INTARIAN_PEPPER_ROOT;23036;12;23035;11;23033;9;23052;10;23053;11;23054;11;23044.5;0.0
10;44700;ASH_COATED_OSMIUM;9995;10;9994;10;;;10000;24;10002;28;;;9998.0;0.0
10;44700;INTARIAN_PEPPER_ROOT;23034;8;23033;9;;;23048;9;23050;23;;;23041.5;0.0
10;44800;ASH_COATED_OSMIUM;9990;14;;;;;10006;10;;;;;9998.0;0.0
10;44800;INTARIAN_PEPPER_ROOT;23035;23;23032;10;;;23049;10;23051;8;;;23042.5;0.0
10;44900;ASH_COATED_OSMIUM;9985;13;9982;11;;;10001;11;10003;12;;;9993.0;0.0
10;44900;INTARIAN_PEPPER_ROOT;23038;9;;;;;23053;24;;;;;23046.0;0.0
10;45000;ASH_COATED_OSMIUM;9984;11;9982;20;9980;14;10000;15;10001;15;10004;11;9992.5;0.0
10;45000;INTARIAN_PEPPER_ROOT;23038;10;;;;;23052;10;;;;;23045.5;0.0
10;45100;ASH_COATED_OSMIUM;9989;11;;;;;10005;13;;;;;9997.5;0.0
10;45100;INTARIAN_PEPPER_ROOT;23039;10;;;;;23051;11;;;;;23045.0;0.0
10;45200;ASH_COATED_OSMIUM;9994;10;;;;;10003;27;;;;;9998.5;0.0
10;45200;INTARIAN_PEPPER_ROOT;23043;8;23041;11;;;23054;11;23057;12;;;23048.5;0.0
10;45300;ASH_COATED_OSMIUM;9984;14;9981;12;;;10003;10;10006;11;;;9993.5;0.0
10;45300;INTARIAN_PEPPER_ROOT;23040;8;23038;12;;;23051;11;23053;11;;;23045.5;0.0
10;45400;ASH_COATED_OSMIUM;9986;11;;;;;10002;14;;;;;9994.0;0.0
10;45400;INTARIAN_PEPPER_ROOT;23038;10;23036;10;;;23053;8;23054;8;;;23045.5;0.0
10;45500;ASH_COATED_OSMIUM;9983;12;;;;;10002;30;;;;;9993.0;0.0
10;45500;INTARIAN_PEPPER_ROOT;23037;18;;;;;23049;8;;;;;23043.0;0.0
10;45600;ASH_COATED_OSMIUM;9984;10;;;;;10000;14;;;;;9992.5;0.0
10;45600;INTARIAN_PEPPER_ROOT;23040;12;23038;12;23036;10;23054;10;23056;18;23057;10;23047.5;0.0
10;45700;ASH_COATED_OSMIUM;9988;4;9986;11;9983;15;10007;15;10008;15;10009;10;9998.0;0.0
10;45700;INTARIAN_PEPPER_ROOT;23038;11;23036;12;23034;12;23051;9;23054;25;23057;8;23044.5;0.0
10;45800;ASH_COATED_OSMIUM;9986;15;9984;21;9981;14;9999;15;10001;4;10003;13;9992.5;0.0
10;45800;INTARIAN_PEPPER_ROOT;23037;10;23036;9;23034;8;23050;12;23053;8;23056;11;23044.0;0.0
10;45900;ASH_COATED_OSMIUM;9989;2;;;;;10005;12;;;;;9997.5;0.0
10;45900;INTARIAN_PEPPER_ROOT;23040;12;;;;;23054;10;;;;;23047.5;0.0
10;46000;ASH_COATED_OSMIUM;9987;15;9986;10;9984;13;9997;22;10000;12;10002;27;9992.0;0.0
10;46000;INTARIAN_PEPPER_ROOT;23050;9;;;;;23052;21;;;;;23051.5;0.0
10;46100;ASH_COATED_OSMIUM;9984;12;9981;15;;;10000;26;10003;20;;;9992.0;0.0
10;46100;INTARIAN_PEPPER_ROOT;23039;25;;;;;23054;22;;;;;23046.5;0.0
10;46200;ASH_COATED_OSMIUM;9983;23;9982;12;;;10001;11;10002;14;;;9992.0;0.0
10;46200;INTARIAN_PEPPER_ROOT;23039;10;23036;10;23033;10;23050;9;23052;9;23053;9;23045.0;0.0
10;46300;ASH_COATED_OSMIUM;9983;10;;;;;9999;12;;;;;9991.5;0.0
10;46300;INTARIAN_PEPPER_ROOT;23042;10;;;;;23053;20;;;;;23048.0;0.0
10;46400;ASH_COATED_OSMIUM;9989;15;;;;;10005;14;;;;;9997.0;0.0
10;46400;INTARIAN_PEPPER_ROOT;23040;10;23039;11;23037;10;23054;12;23056;10;23057;9;23047.0;0.0
10;46500;ASH_COATED_OSMIUM;9983;15;;;;;9999;15;;;;;9991.5;0.0
10;46500;INTARIAN_PEPPER_ROOT;23043;10;;;;;23054;18;;;;;23049.0;0.0
10;46600;ASH_COATED_OSMIUM;9988;13;9986;10;9984;3;10004;14;10007;20;10009;29;9996.5;0.0
10;46600;INTARIAN_PEPPER_ROOT;23042;15;23041;23;;;23053;9;23054;18;;;23047.5;0.0
10;46700;ASH_COATED_OSMIUM;9989;14;9987;20;;;10005;13;10006;12;;;9997.0;0.0
10;46700;INTARIAN_PEPPER_ROOT;23041;8;23039;9;;;23053;11;23055;10;;;23047.0;0.0
10;46800;ASH_COATED_OSMIUM;9982;11;9979;15;9976;27;10001;14;10003;13;10005;10;9991.5;0.0
10;46800;INTARIAN_PEPPER_ROOT;23039;11;;;;;23053;21;;;;;23046.5;0.0
10;46900;ASH_COATED_OSMIUM;9988;15;;;;;10004;29;;;;;9996.5;0.0
10;46900;INTARIAN_PEPPER_ROOT;23039;9;23036;8;23034;12;23053;9;23055;10;23058;12;23046.0;0.0
10;47000;ASH_COATED_OSMIUM;9988;26;9987;12;;;10004;12;10007;14;;;9996.5;0.0
10;47000;INTARIAN_PEPPER_ROOT;23040;11;23037;9;;;23053;11;23055;12;;;23047.0;0.0
10;47100;ASH_COATED_OSMIUM;9982;15;9981;15;;;10000;13;10002;14;;;9991.0;0.0
10;47100;INTARIAN_PEPPER_ROOT;23038;10;23037;9;23035;11;23052;12;23055;8;23058;8;23045.5;0.0
10;47200;ASH_COATED_OSMIUM;9983;13;9982;12;9979;11;9999;28;10000;14;10003;11;9991.0;0.0
10;47200;INTARIAN_PEPPER_ROOT;23040;11;23039;12;;;23052;19;23055;18;;;23046.0;0.0
10;47300;ASH_COATED_OSMIUM;9988;10;;;;;10004;12;;;;;9996.0;0.0
10;47300;INTARIAN_PEPPER_ROOT;23038;8;;;;;23055;9;;;;;23046.5;0.0
10;47400;ASH_COATED_OSMIUM;9982;13;;;;;9998;15;;;;;9990.5;0.0
10;47400;INTARIAN_PEPPER_ROOT;23031;23;;;;;23047;10;;;;;23039.5;0.0
10;47500;ASH_COATED_OSMIUM;9981;13;;;;;9999;12;;;;;9990.0;0.0
10;47500;INTARIAN_PEPPER_ROOT;23045;10;23043;10;;;23048;11;23050;11;;;23047.0;0.0
10;47600;ASH_COATED_OSMIUM;9982;14;9980;12;;;9998;12;10001;15;;;9990.0;0.0
10;47600;INTARIAN_PEPPER_ROOT;23039;8;23038;17;23037;11;23052;9;23053;10;23054;25;23045.5;0.0
10;47700;ASH_COATED_OSMIUM;9987;25;9985;13;;;10003;12;10005;20;;;9995.5;0.0
10;47700;INTARIAN_PEPPER_ROOT;23044;8;;;;;23060;12;;;;;23052.5;0.0
10;47800;ASH_COATED_OSMIUM;9983;10;9981;14;;;9999;11;10002;30;;;9991.0;0.0
10;47800;INTARIAN_PEPPER_ROOT;23040;8;23039;11;;;23051;12;23053;12;;;23046.0;0.0
10;47900;ASH_COATED_OSMIUM;9983;13;;;;;9999;13;;;;;9991.0;0.0
10;47900;INTARIAN_PEPPER_ROOT;23049;11;23046;21;;;23062;25;23063;15;;;23056.0;0.0
10;48000;ASH_COATED_OSMIUM;9988;25;9985;10;;;10004;25;10007;13;;;9996.5;0.0
10;48000;INTARIAN_PEPPER_ROOT;23040;11;23038;9;;;23054;20;23057;10;;;23047.5;0.0
10;48100;ASH_COATED_OSMIUM;9988;11;9987;14;;;10004;10;10007;11;;;9996.5;0.0
10;48100;INTARIAN_PEPPER_ROOT;23045;12;23044;11;;;23056;10;23059;9;;;23050.5;0.0
10;48200;ASH_COATED_OSMIUM;9988;11;9986;14;9984;15;10004;14;10006;15;10009;12;9996.0;0.0
10;48200;INTARIAN_PEPPER_ROOT;23043;3;23041;12;23040;9;23055;11;23056;10;23057;10;23049.5;0.0
10;48300;ASH_COATED_OSMIUM;9987;11;;;;;10003;15;;;;;9995.5;0.0
10;48300;INTARIAN_PEPPER_ROOT;23042;8;23041;12;23040;8;23054;10;23055;9;23058;8;23048.0;0.0
10;48400;ASH_COATED_OSMIUM;9988;10;9985;15;;;10004;29;10006;15;;;9996.0;0.0
10;48400;INTARIAN_PEPPER_ROOT;23045;11;;;;;23058;9;;;;;23051.5;0.0
10;48500;ASH_COATED_OSMIUM;9988;12;9987;27;;;10004;15;10007;11;;;9996.0;0.0
10;48500;INTARIAN_PEPPER_ROOT;23044;8;;;;;23056;8;;;;;23050.0;0.0
10;48600;ASH_COATED_OSMIUM;9988;11;;;;;10004;11;;;;;9996.0;0.0
10;48600;INTARIAN_PEPPER_ROOT;23045;8;;;;;23060;10;;;;;23053.0;0.0
10;48700;ASH_COATED_OSMIUM;9988;4;9985;10;9983;13;10004;12;10006;12;10007;21;9996.0;0.0
10;48700;INTARIAN_PEPPER_ROOT;23042;12;23040;9;;;23054;24;23056;11;;;23048.0;0.0
10;48800;ASH_COATED_OSMIUM;9988;12;9986;13;9983;11;10004;15;10005;12;10006;13;9996.0;0.0
10;48800;INTARIAN_PEPPER_ROOT;23048;11;23045;18;23044;12;23060;8;23061;10;23063;10;23054.0;0.0
10;48900;ASH_COATED_OSMIUM;9987;15;;;;;10005;10;;;;;9996.0;0.0
10;48900;INTARIAN_PEPPER_ROOT;23040;10;23038;10;23037;8;23054;10;23056;21;23059;25;23047.5;0.0
10;49000;ASH_COATED_OSMIUM;9988;10;9985;13;;;10004;10;10005;15;;;9996.5;0.0
10;49000;INTARIAN_PEPPER_ROOT;23042;12;23040;9;23039;10;23054;10;23056;9;23057;12;23048.5;0.0
10;49100;ASH_COATED_OSMIUM;9982;10;;;;;9998;21;;;;;9990.5;0.0
10;49100;INTARIAN_PEPPER_ROOT;23046;12;23043;21;23040;8;23049;9;23052;10;23055;11;23048.0;0.0
10;49200;ASH_COATED_OSMIUM;9987;25;9986;15;;;10003;15;10006;12;;;9995.5;0.0
10;49200;INTARIAN_PEPPER_ROOT;23041;11;23039;12;;;23054;10;23055;9;;;23048.0;0.0
10;49300;ASH_COATED_OSMIUM;9985;12;9983;13;9981;13;10006;10;10009;24;10011;15;9995.5;0.0
10;49300;INTARIAN_PEPPER_ROOT;23043;8;23040;8;23038;10;23056;12;23057;20;23058;8;23049.5;0.0
10;49400;ASH_COATED_OSMIUM;9988;14;9985;2;;;10004;12;10005;13;;;9996.0;0.0
10;49400;INTARIAN_PEPPER_ROOT;23045;17;23043;12;23041;10;23060;11;23062;11;23064;8;23053.0;0.0
10;49500;ASH_COATED_OSMIUM;9988;15;9985;14;;;10004;28;10005;10;;;9996.0;0.0
10;49500;INTARIAN_PEPPER_ROOT;23038;10;;;;;23053;8;;;;;23045.5;0.0
10;49600;ASH_COATED_OSMIUM;9982;10;;;;;9998;13;;;;;9990.5;0.0
10;49600;INTARIAN_PEPPER_ROOT;23047;8;;;;;23058;12;;;;;23053.0;0.0
10;49700;ASH_COATED_OSMIUM;9986;15;;;;;10005;13;;;;;9995.5;0.0
10;49700;INTARIAN_PEPPER_ROOT;23045;11;;;;;23056;10;;;;;23050.5;0.0
10;49800;ASH_COATED_OSMIUM;9987;10;9986;10;9984;22;9993;15;9995;27;9998;11;9990.0;0.0
10;49800;INTARIAN_PEPPER_ROOT;23043;8;23041;11;23039;9;23057;9;23058;8;23059;8;23050.5;0.0
10;49900;ASH_COATED_OSMIUM;9991;12;9988;10;;;9998;15;9999;14;;;9995.0;0.0
10;49900;INTARIAN_PEPPER_ROOT;23045;8;23044;12;;;23057;25;23060;21;;;23051.5;0.0
10;50000;ASH_COATED_OSMIUM;9987;3;9984;10;;;10003;15;10004;15;;;9995.0;0.0
10;50000;INTARIAN_PEPPER_ROOT;23050;10;23048;9;23045;11;23062;12;23065;8;23067;18;23056.5;0.0
10;50100;ASH_COATED_OSMIUM;9986;11;9985;25;9984;15;10005;28;10008;15;10009;12;9995.5;0.0
10;50100;INTARIAN_PEPPER_ROOT;23041;10;23038;8;23037;9;23057;10;23058;10;23060;8;23049.0;0.0
10;50200;ASH_COATED_OSMIUM;9982;10;9979;10;;;10000;12;10002;15;;;9991.0;0.0
10;50200;INTARIAN_PEPPER_ROOT;23043;9;23042;12;;;23056;11;23057;24;;;23049.5;0.0
10;50300;ASH_COATED_OSMIUM;9984;9;;;;;10000;14;;;;;9992.0;0.0
10;50300;INTARIAN_PEPPER_ROOT;23045;11;23044;10;23041;8;23057;8;23060;11;23063;10;23051.0;0.0
10;50400;ASH_COATED_OSMIUM;9983;12;9981;11;9979;14;9999;13;10000;22;10001;15;9991.5;0.0
10;50400;INTARIAN_PEPPER_ROOT;23043;17;23042;11;23040;10;23054;10;23055;11;23058;12;23049.0;0.0
10;50500;ASH_COATED_OSMIUM;9987;20;;;;;10005;15;;;;;9996.5;0.0
10;50500;INTARIAN_PEPPER_ROOT;23046;10;23043;8;23041;12;23049;12;23050;9;23053;9;23048.0;0.0
10;50600;ASH_COATED_OSMIUM;9987;11;9986;12;;;10006;13;10009;15;;;9996.5;0.0
10;50600;INTARIAN_PEPPER_ROOT;23041;6;23038;9;23037;12;23060;12;23063;9;23066;12;23051.0;0.0
10;50700;ASH_COATED_OSMIUM;9987;11;9984;13;9982;15;10006;11;10009;10;10012;13;9997.0;0.0
10;50700;INTARIAN_PEPPER_ROOT;23044;11;23042;12;23041;9;23060;15;23062;10;23064;12;23052.0;0.0
10;50800;ASH_COATED_OSMIUM;9987;10;;;;;10006;28;;;;;9997.0;0.0
10;50800;INTARIAN_PEPPER_ROOT;23044;12;23042;12;23040;9;23058;12;23061;12;23062;12;23051.5;0.0
10;50900;ASH_COATED_OSMIUM;9988;10;;;;;10004;26;;;;;9996.5;0.0
10;50900;INTARIAN_PEPPER_ROOT;23046;11;23045;12;23042;3;23060;24;23062;9;23064;22;23053.0;0.0
10;51000;ASH_COATED_OSMIUM;9982;13;9981;13;;;9998;11;10001;11;;;9990.5;0.0
10;51000;INTARIAN_PEPPER_ROOT;23042;10;23040;11;;;23059;12;23061;12;;;23050.5;0.0
10;51100;ASH_COATED_OSMIUM;9982;14;9979;12;9976;14;9998;21;9999;15;10001;14;9990.5;0.0
10;51100;INTARIAN_PEPPER_ROOT;23044;9;23042;9;;;23057;12;23058;9;;;23051.0;0.0
10;51200;ASH_COATED_OSMIUM;9988;14;9986;13;;;10004;13;10007;12;;;9996.0;0.0
10;51200;INTARIAN_PEPPER_ROOT;23040;22;23037;12;23036;18;23053;11;23054;10;23057;8;23047.0;0.0
10;51300;ASH_COATED_OSMIUM;9988;10;;;;;10004;12;;;;;9996.5;0.0
10;51300;INTARIAN_PEPPER_ROOT;23045;15;;;;;23057;12;;;;;23051.0;0.0
10;51400;ASH_COATED_OSMIUM;9987;14;9984;13;;;10005;13;10008;6;;;9996.5;0.0
10;51400;INTARIAN_PEPPER_ROOT;23045;22;23043;9;23040;10;23057;12;23060;11;23062;9;23051.0;0.0
10;51500;ASH_COATED_OSMIUM;9988;15;9986;10;9983;12;10004;15;10007;13;10010;8;9996.5;0.0
10;51500;INTARIAN_PEPPER_ROOT;23042;12;23039;10;23037;12;23056;8;23058;16;23061;11;23049.5;0.0
10;51600;ASH_COATED_OSMIUM;9986;11;9985;10;;;10005;24;10006;15;;;9995.5;0.0
10;51600;INTARIAN_PEPPER_ROOT;23049;9;23048;8;23046;12;23052;11;23054;15;23056;11;23051.0;0.0
10;51700;ASH_COATED_OSMIUM;9982;26;;;;;9998;2;;;;;9990.0;0.0
10;51700;INTARIAN_PEPPER_ROOT;23047;10;23045;22;;;23063;8;23066;11;;;23055.5;0.0
10;51800;ASH_COATED_OSMIUM;9985;4;;;;;10004;15;;;;;9995.0;0.0
10;51800;INTARIAN_PEPPER_ROOT;23039;10;23038;11;;;23055;8;23056;15;;;23047.0;0.0
10;51900;ASH_COATED_OSMIUM;9987;24;9986;5;9985;20;10003;15;10005;12;10008;25;9995.0;0.0
10;51900;INTARIAN_PEPPER_ROOT;23040;10;;;;;23056;9;;;;;23048.5;0.0
10;52000;ASH_COATED_OSMIUM;9987;15;;;;;10003;12;;;;;9995.0;0.0
10;52000;INTARIAN_PEPPER_ROOT;23045;10;;;;;23057;11;;;;;23051.0;0.0
10;52100;ASH_COATED_OSMIUM;9982;14;;;;;9998;13;;;;;9990.0;0.0
10;52100;INTARIAN_PEPPER_ROOT;23045;10;23043;9;;;23059;11;23060;12;;;23052.0;0.0
10;52200;ASH_COATED_OSMIUM;9981;11;;;;;9997;11;;;;;9989.5;0.0
10;52200;INTARIAN_PEPPER_ROOT;23046;19;23043;10;;;23058;9;23061;11;;;23052.0;0.0
10;52300;ASH_COATED_OSMIUM;9987;10;;;;;10003;11;;;;;9995.0;0.0
10;52300;INTARIAN_PEPPER_ROOT;23043;10;;;;;23059;12;;;;;23051.5;0.0
10;52400;ASH_COATED_OSMIUM;9981;13;9979;14;;;9997;14;10000;14;;;9989.5;0.0
10;52400;INTARIAN_PEPPER_ROOT;23045;10;23042;10;;;23061;12;23062;9;;;23053.5;0.0
10;52500;ASH_COATED_OSMIUM;9982;10;9979;15;9976;12;9998;11;9999;7;10001;25;9990.0;0.0
10;52500;INTARIAN_PEPPER_ROOT;23046;9;23044;8;;;23058;10;23060;9;;;23052.0;0.0
10;52600;ASH_COATED_OSMIUM;9986;13;9983;15;;;10004;10;10005;10;;;9995.5;0.0
10;52600;INTARIAN_PEPPER_ROOT;23042;10;23040;11;;;23058;12;23061;11;;;23050.5;0.0
10;52700;ASH_COATED_OSMIUM;9982;29;9981;14;;;9998;21;9999;12;;;9990.0;0.0
10;52700;INTARIAN_PEPPER_ROOT;23045;21;23042;24;23039;21;23060;11;23062;19;23064;9;23053.0;0.0
10;52800;ASH_COATED_OSMIUM;9982;14;9981;11;9978;30;9998;10;10001;15;10002;10;9990.0;0.0
10;52800;INTARIAN_PEPPER_ROOT;23043;10;23040;4;;;23056;12;23058;11;;;23050.0;0.0
10;52900;ASH_COATED_OSMIUM;9980;10;;;;;9999;11;;;;;9990.0;0.0
10;52900;INTARIAN_PEPPER_ROOT;23048;10;23046;9;;;23060;9;23061;4;;;23054.5;0.0
10;53000;ASH_COATED_OSMIUM;9980;11;9978;24;;;9999;15;10002;28;;;9990.0;0.0
10;53000;INTARIAN_PEPPER_ROOT;23042;8;;;;;23057;10;;;;;23050.0;0.0
10;53100;ASH_COATED_OSMIUM;9988;10;;;;;10004;26;;;;;9996.0;0.0
10;53100;INTARIAN_PEPPER_ROOT;23044;10;23043;17;;;23058;12;23060;8;;;23051.5;0.0
10;53200;ASH_COATED_OSMIUM;9982;15;9980;14;9977;29;10000;14;10001;10;10004;10;9991.0;0.0
10;53200;INTARIAN_PEPPER_ROOT;23044;8;23043;11;23040;10;23057;8;23059;22;23061;10;23051.0;0.0
10;53300;ASH_COATED_OSMIUM;9991;15;9988;13;9986;15;10001;24;10004;20;10007;15;9996.5;0.0
10;53300;INTARIAN_PEPPER_ROOT;23048;10;23046;11;23044;20;23060;20;23061;21;23062;19;23054.0;0.0
10;53400;ASH_COATED_OSMIUM;9986;5;;;;;10005;11;;;;;9996.0;0.0
10;53400;INTARIAN_PEPPER_ROOT;23040;12;;;;;23055;8;;;;;23048.0;0.0
10;53500;ASH_COATED_OSMIUM;9988;13;9986;15;;;10004;14;10006;10;;;9996.5;0.0
10;53500;INTARIAN_PEPPER_ROOT;23045;10;;;;;23057;8;;;;;23051.5;0.0
10;53600;ASH_COATED_OSMIUM;9983;11;9982;14;;;9999;25;10002;13;;;9991.5;0.0
10;53600;INTARIAN_PEPPER_ROOT;23044;25;23042;11;23040;9;23059;18;23060;9;23063;11;23051.5;0.0
10;53700;ASH_COATED_OSMIUM;9988;28;9985;14;;;10006;11;10008;12;;;9997.0;0.0
10;53700;INTARIAN_PEPPER_ROOT;23045;11;23043;11;;;23058;9;23060;24;;;23051.5;0.0
10;53800;ASH_COATED_OSMIUM;9983;26;9981;12;9979;10;9999;2;10002;14;10005;12;9991.0;0.0
10;53800;INTARIAN_PEPPER_ROOT;23055;10;;;;;23057;9;;;;;23056.5;0.0
10;53900;ASH_COATED_OSMIUM;9983;25;;;;;9999;11;;;;;9991.0;0.0
10;53900;INTARIAN_PEPPER_ROOT;23048;19;23047;12;23044;10;23061;11;23062;12;23065;9;23054.5;0.0
10;54000;ASH_COATED_OSMIUM;9982;11;9981;12;9978;15;10000;30;10001;13;10002;15;9991.0;0.0
10;54000;INTARIAN_PEPPER_ROOT;23049;12;;;;;23060;25;;;;;23054.5;0.0
10;54100;ASH_COATED_OSMIUM;9989;11;9986;10;9984;30;10002;24;10005;11;10007;12;9996.0;0.0
10;54100;INTARIAN_PEPPER_ROOT;23046;12;23045;10;23044;12;23058;10;23060;10;23063;20;23052.0;0.0
10;54200;ASH_COATED_OSMIUM;9983;30;9981;12;;;9999;12;10000;23;;;9991.0;0.0
10;54200;INTARIAN_PEPPER_ROOT;23048;20;23047;10;;;23059;12;23061;9;;;23053.5;0.0
10;54300;ASH_COATED_OSMIUM;9988;4;;;;;10004;20;;;;;9996.5;0.0
10;54300;INTARIAN_PEPPER_ROOT;23057;10;23055;19;;;23061;10;23064;9;;;23059.0;0.0
10;54400;ASH_COATED_OSMIUM;9986;21;9985;12;9984;15;9996;13;9999;15;10002;11;9991.5;0.0
10;54400;INTARIAN_PEPPER_ROOT;23047;9;23045;9;;;23063;8;23065;8;;;23055.5;0.0
10;54500;ASH_COATED_OSMIUM;9988;10;9986;25;9985;23;10004;13;10005;22;10007;10;9996.5;0.0
10;54500;INTARIAN_PEPPER_ROOT;23049;8;23047;11;;;23063;25;23065;8;;;23056.0;0.0
10;54600;ASH_COATED_OSMIUM;9986;30;9985;15;;;9996;12;9997;5;;;9991.5;0.0
10;54600;INTARIAN_PEPPER_ROOT;23053;12;;;;;23055;10;;;;;23054.0;0.0
10;54700;ASH_COATED_OSMIUM;9982;23;9981;12;9978;15;10001;10;10003;10;10006;12;9991.5;0.0
10;54700;INTARIAN_PEPPER_ROOT;23048;21;23045;10;;;23060;8;23062;9;;;23054.5;0.0
10;54800;ASH_COATED_OSMIUM;9984;12;;;;;10000;24;;;;;9992.0;0.0
10;54800;INTARIAN_PEPPER_ROOT;23048;11;;;;;23061;8;;;;;23055.0;0.0
10;54900;ASH_COATED_OSMIUM;9989;15;9987;15;;;10005;10;10007;14;;;9997.0;0.0
10;54900;INTARIAN_PEPPER_ROOT;23050;10;23047;8;;;23061;12;23063;10;;;23055.5;0.0
10;55000;ASH_COATED_OSMIUM;9989;15;9987;13;9986;15;10005;20;10006;25;10007;12;9997.0;0.0
10;55000;INTARIAN_PEPPER_ROOT;23051;10;23049;24;23047;10;23064;11;23067;12;23069;8;23058.0;0.0
10;55100;ASH_COATED_OSMIUM;9989;21;9987;13;;;10005;10;10006;15;;;9997.0;0.0
10;55100;INTARIAN_PEPPER_ROOT;23049;10;23046;10;;;23066;9;23069;10;;;23057.5;0.0
10;55200;ASH_COATED_OSMIUM;9987;14;9984;11;;;10006;22;10009;11;;;9996.5;0.0
10;55200;INTARIAN_PEPPER_ROOT;23055;12;23054;11;;;23058;8;23061;9;;;23056.5;0.0
10;55300;ASH_COATED_OSMIUM;9983;12;;;;;9999;11;;;;;9991.5;0.0
10;55300;INTARIAN_PEPPER_ROOT;23050;8;23047;9;;;23062;12;23063;12;;;23056.0;0.0
10;55400;ASH_COATED_OSMIUM;9982;12;9981;12;;;10001;12;10003;11;;;9991.5;0.0
10;55400;INTARIAN_PEPPER_ROOT;23048;8;23046;10;;;23062;11;23063;10;;;23055.0;0.0
10;55500;ASH_COATED_OSMIUM;9988;10;9986;12;9983;12;10004;13;10007;10;10008;14;9996.5;0.0
10;55500;INTARIAN_PEPPER_ROOT;23055;8;23053;22;;;23068;12;23070;9;;;23062.0;0.0
10;55600;ASH_COATED_OSMIUM;9988;11;9986;13;;;10004;12;10005;14;;;9996.5;0.0
10;55600;INTARIAN_PEPPER_ROOT;23049;9;23048;11;23047;6;23065;10;23066;11;23068;16;23057.5;0.0
10;55700;ASH_COATED_OSMIUM;9980;12;9979;14;9976;15;10001;12;10003;11;10005;10;9991.0;0.0
10;55700;INTARIAN_PEPPER_ROOT;23051;9;23049;11;;;23064;8;23066;6;;;23058.0;0.0
10;55800;ASH_COATED_OSMIUM;9987;13;9986;11;;;10006;14;10009;13;;;9997.0;0.0
10;55800;INTARIAN_PEPPER_ROOT;23046;12;23045;10;;;23058;4;23061;8;;;23052.5;0.0
10;55900;ASH_COATED_OSMIUM;9984;26;;;;;10000;11;;;;;9992.0;0.0
10;55900;INTARIAN_PEPPER_ROOT;23051;9;;;;;23062;10;;;;;23057.0;0.0
10;56000;ASH_COATED_OSMIUM;9983;10;;;;;9999;5;;;;;9991.5;0.0
10;56000;INTARIAN_PEPPER_ROOT;23044;10;23042;6;;;23057;11;23060;11;;;23051.0;0.0
10;56100;ASH_COATED_OSMIUM;9982;12;9981;11;;;10001;21;10003;14;;;9992.0;0.0
10;56100;INTARIAN_PEPPER_ROOT;23051;11;23049;11;23048;11;23063;11;23065;20;23066;10;23057.5;0.0
10;56200;ASH_COATED_OSMIUM;9984;15;;;;;10000;29;;;;;9992.0;0.0
10;56200;INTARIAN_PEPPER_ROOT;23049;12;;;;;23062;11;;;;;23056.0;0.0
10;56300;ASH_COATED_OSMIUM;9983;11;9980;13;;;10001;10;10002;12;;;9992.0;0.0
10;56300;INTARIAN_PEPPER_ROOT;23047;10;23044;9;;;23064;12;23065;16;;;23055.5;0.0
10;56400;ASH_COATED_OSMIUM;9995;10;9993;10;9990;10;10000;11;10001;12;10004;3;9998.0;0.0
10;56400;INTARIAN_PEPPER_ROOT;23041;8;23039;12;23036;12;23054;19;23056;19;23058;9;23047.5;0.0
10;56500;ASH_COATED_OSMIUM;9982;15;9981;11;;;10001;23;10004;12;;;9992.0;0.0
10;56500;INTARIAN_PEPPER_ROOT;23052;11;;;;;23064;9;;;;;23058.0;0.0
10;56600;ASH_COATED_OSMIUM;9986;14;9983;13;9981;14;9996;11;9998;15;10001;11;9991.5;0.0
10;56600;INTARIAN_PEPPER_ROOT;23050;9;23048;9;;;23063;12;23064;12;;;23056.5;0.0
10;56700;ASH_COATED_OSMIUM;9987;11;9986;13;;;10006;22;10008;29;;;9997.0;0.0
10;56700;INTARIAN_PEPPER_ROOT;23050;11;23049;8;23047;8;23064;11;23065;17;23066;9;23057.5;0.0
10;56800;ASH_COATED_OSMIUM;9993;14;9992;23;9989;12;10002;12;10004;13;10006;10;9997.5;0.0
10;56800;INTARIAN_PEPPER_ROOT;23050;22;;;;;23063;11;;;;;23057.0;0.0
10;56900;ASH_COATED_OSMIUM;9989;12;9987;14;9985;11;10005;14;10006;12;10008;15;9997.5;0.0
10;56900;INTARIAN_PEPPER_ROOT;23049;10;23048;9;;;23062;8;23065;11;;;23055.5;0.0
10;57000;ASH_COATED_OSMIUM;9989;13;9987;26;9986;29;10005;3;10007;15;10008;12;9997.5;0.0
10;57000;INTARIAN_PEPPER_ROOT;23050;9;23047;8;23045;8;23062;10;23064;15;23065;12;23056.0;0.0
10;57100;ASH_COATED_OSMIUM;9989;28;9986;12;;;10005;11;10007;11;;;9997.5;0.0
10;57100;INTARIAN_PEPPER_ROOT;23051;9;23050;9;23048;12;23063;12;23064;11;23066;15;23057.0;0.0
10;57200;ASH_COATED_OSMIUM;9988;12;;;;;10006;10;;;;;9997.0;0.0
10;57200;INTARIAN_PEPPER_ROOT;23051;10;23049;12;23046;10;23064;9;23065;9;23067;10;23057.5;0.0
10;57300;ASH_COATED_OSMIUM;9988;11;9986;11;9983;12;10006;13;10009;13;10012;15;9997.5;0.0
10;57300;INTARIAN_PEPPER_ROOT;23056;9;23054;8;23053;10;23067;8;23070;8;23072;10;23061.5;0.0
10;57400;ASH_COATED_OSMIUM;9988;15;9987;24;;;10007;14;10009;23;;;9997.5;0.0
10;57400;INTARIAN_PEPPER_ROOT;23053;10;;;;;23066;19;;;;;23060.0;0.0
10;57500;ASH_COATED_OSMIUM;9989;11;9987;26;;;10005;13;10006;13;;;9997.5;0.0
10;57500;INTARIAN_PEPPER_ROOT;23056;10;23055;10;;;23070;15;23073;12;;;23063.5;0.0
10;57600;ASH_COATED_OSMIUM;9988;15;9985;23;;;10006;3;10009;12;;;9997.5;0.0
10;57600;INTARIAN_PEPPER_ROOT;23052;3;23050;9;;;23057;10;23059;9;;;23055.0;0.0
10;57700;ASH_COATED_OSMIUM;9990;25;9987;30;;;10006;10;10007;11;;;9998.0;0.0
10;57700;INTARIAN_PEPPER_ROOT;23052;11;23051;9;23048;11;23064;22;23065;24;23066;10;23058.0;0.0
10;57800;ASH_COATED_OSMIUM;9984;11;;;;;10000;22;;;;;9992.5;0.0
10;57800;INTARIAN_PEPPER_ROOT;23052;16;;;;;23067;12;;;;;23059.5;0.0
10;57900;ASH_COATED_OSMIUM;9989;14;9988;10;9986;15;10005;30;10008;12;10009;15;9997.5;0.0
10;57900;INTARIAN_PEPPER_ROOT;23050;9;;;;;23066;12;;;;;23058.5;0.0
10;58000;ASH_COATED_OSMIUM;9988;10;9985;14;;;10006;11;10009;12;;;9997.5;0.0
10;58000;INTARIAN_PEPPER_ROOT;23055;10;23054;8;;;23068;10;23069;11;;;23061.5;0.0
10;58100;ASH_COATED_OSMIUM;9989;15;;;;;10005;12;;;;;9997.5;0.0
10;58100;INTARIAN_PEPPER_ROOT;23050;8;23048;10;23047;8;23062;10;23063;11;23066;9;23056.0;0.0
10;58200;ASH_COATED_OSMIUM;9981;27;9979;13;;;10002;10;10004;8;;;9992.0;0.0
10;58200;INTARIAN_PEPPER_ROOT;23051;10;23048;9;;;23066;10;23069;12;;;23059.0;0.0
10;58300;ASH_COATED_OSMIUM;9984;12;9981;14;9978;12;10000;14;10001;15;10002;22;9992.0;0.0
10;58300;INTARIAN_PEPPER_ROOT;23048;12;;;;;23061;15;;;;;23055.0;0.0
10;58400;ASH_COATED_OSMIUM;9988;28;;;;;10004;25;;;;;9996.0;0.0
10;58400;INTARIAN_PEPPER_ROOT;23048;12;23046;10;23044;12;23062;9;23065;12;23068;20;23055.5;0.0
10;58500;ASH_COATED_OSMIUM;9982;14;;;;;9998;12;;;;;9990.0;0.0
10;58500;INTARIAN_PEPPER_ROOT;23056;12;23054;9;;;23068;11;23071;8;;;23062.5;0.0
10;58600;ASH_COATED_OSMIUM;9986;13;9985;15;;;10002;22;10003;12;;;9994.5;0.0
10;58600;INTARIAN_PEPPER_ROOT;23052;11;23051;10;23050;8;23067;11;23070;8;23071;11;23060.0;0.0
10;58700;ASH_COATED_OSMIUM;9986;11;;;;;10004;14;;;;;9995.0;0.0
10;58700;INTARIAN_PEPPER_ROOT;23053;9;;;;;23064;9;;;;;23059.0;0.0
10;58800;ASH_COATED_OSMIUM;9986;23;9985;10;9982;14;10002;15;10003;11;10005;15;9994.0;0.0
10;58800;INTARIAN_PEPPER_ROOT;23051;8;;;;;23062;8;;;;;23057.0;0.0
10;58900;ASH_COATED_OSMIUM;9981;12;;;;;9997;14;;;;;9989.0;0.0
10;58900;INTARIAN_PEPPER_ROOT;23051;12;;;;;23064;9;;;;;23057.5;0.0
10;59000;ASH_COATED_OSMIUM;9986;10;9984;15;;;10002;14;10003;14;;;9994.0;0.0
10;59000;INTARIAN_PEPPER_ROOT;23051;9;23050;8;23048;10;23065;9;23068;11;23069;8;23058.5;0.0
10;59100;ASH_COATED_OSMIUM;9985;27;;;;;10001;11;;;;;9993.5;0.0
10;59100;INTARIAN_PEPPER_ROOT;23047;8;23044;12;23043;12;23064;11;23065;25;23068;10;23056.0;0.0
10;59200;ASH_COATED_OSMIUM;9980;10;9977;10;;;9996;20;9997;20;;;9988.5;0.0
10;59200;INTARIAN_PEPPER_ROOT;23045;8;23044;9;;;23061;8;23062;12;;;23053.0;0.0
10;59300;ASH_COATED_OSMIUM;9979;12;9978;20;;;9997;13;10000;15;;;9988.5;0.0
10;59300;INTARIAN_PEPPER_ROOT;23058;18;;;;;23072;9;;;;;23065.0;0.0
10;59400;ASH_COATED_OSMIUM;9986;14;9983;10;;;10002;15;10004;14;;;9994.0;0.0
10;59400;INTARIAN_PEPPER_ROOT;23050;8;23047;12;;;23063;8;23064;5;;;23057.0;0.0
10;59500;ASH_COATED_OSMIUM;9986;22;9984;11;;;10002;13;10004;10;;;9994.5;0.0
10;59500;INTARIAN_PEPPER_ROOT;23052;12;23051;12;;;23065;16;23066;10;;;23059.0;0.0
10;59600;ASH_COATED_OSMIUM;9985;22;;;;;9995;15;;;;;9990.0;0.0
10;59600;INTARIAN_PEPPER_ROOT;23053;11;23051;9;23050;10;23066;9;23068;10;23071;9;23059.5;0.0
10;59700;ASH_COATED_OSMIUM;9985;10;9982;12;;;9995;13;9996;15;;;9990.0;0.0
10;59700;INTARIAN_PEPPER_ROOT;23051;11;23048;9;;;23064;21;23066;9;;;23058.0;0.0
10;59800;ASH_COATED_OSMIUM;9984;14;;;;;9995;11;;;;;9990.0;0.0
10;59800;INTARIAN_PEPPER_ROOT;23056;12;23054;19;23052;22;23067;12;23069;3;23070;10;23061.5;0.0
10;59900;ASH_COATED_OSMIUM;9980;11;9979;14;;;10001;21;10002;15;;;9990.5;0.0
10;59900;INTARIAN_PEPPER_ROOT;23058;9;23055;12;;;23070;9;23071;8;;;23064.0;0.0
10;60000;ASH_COATED_OSMIUM;9981;12;;;;;9999;14;;;;;9990.0;0.0
10;60000;INTARIAN_PEPPER_ROOT;23054;10;23052;9;;;23067;9;23069;12;;;23060.5;0.0
10;60100;ASH_COATED_OSMIUM;9982;13;9981;15;9978;14;9998;15;9999;10;10001;12;9990.0;0.0
10;60100;INTARIAN_PEPPER_ROOT;23053;12;23052;9;;;23068;9;23071;11;;;23061.0;0.0
10;60200;ASH_COATED_OSMIUM;9981;11;9978;25;9975;2;10000;12;10001;13;10004;10;9990.5;0.0
10;60200;INTARIAN_PEPPER_ROOT;23057;12;23055;12;23052;10;23070;9;23072;8;23074;9;23063.5;0.0
10;60300;ASH_COATED_OSMIUM;9982;2;9979;12;;;9998;15;9999;10;;;9990.5;0.0
10;60300;INTARIAN_PEPPER_ROOT;23050;11;23047;9;;;23064;8;23065;10;;;23057.0;0.0
10;60400;ASH_COATED_OSMIUM;9982;14;;;;;9998;27;;;;;9990.5;0.0
10;60400;INTARIAN_PEPPER_ROOT;23050;11;23047;8;;;23067;9;23070;9;;;23058.5;0.0
10;60500;ASH_COATED_OSMIUM;9981;14;9978;15;9975;11;10000;14;10002;14;10004;14;9991.0;0.0
10;60500;INTARIAN_PEPPER_ROOT;23051;10;23050;9;23047;16;23068;11;23071;10;23072;9;23059.5;0.0
10;60600;ASH_COATED_OSMIUM;9988;15;9986;12;9985;15;10004;12;10006;30;10007;21;9996.0;0.0
10;60600;INTARIAN_PEPPER_ROOT;23052;10;;;;;23064;11;;;;;23058.5;0.0
10;60700;ASH_COATED_OSMIUM;9983;15;;;;;9999;11;;;;;9991.0;0.0
10;60700;INTARIAN_PEPPER_ROOT;23054;25;23053;10;23050;12;23067;11;23068;8;23069;9;23061.0;0.0
10;60800;ASH_COATED_OSMIUM;9986;13;9985;15;;;9996;15;9999;13;;;9991.5;0.0
10;60800;INTARIAN_PEPPER_ROOT;23049;10;23048;11;;;23062;9;23063;11;;;23056.0;0.0
10;60900;ASH_COATED_OSMIUM;9987;21;9985;30;9982;11;10005;10;10008;12;10011;14;9996.5;0.0
10;60900;INTARIAN_PEPPER_ROOT;23052;12;23049;9;;;23066;11;23068;12;;;23059.0;0.0
10;61000;ASH_COATED_OSMIUM;9987;14;9985;30;;;10005;23;10006;15;;;9996.5;0.0
10;61000;INTARIAN_PEPPER_ROOT;23058;9;23056;8;;;23072;9;23074;9;;;23065.0;0.0
10;61100;ASH_COATED_OSMIUM;9984;12;9981;11;9978;15;10000;13;10002;12;10004;13;9992.0;0.0
10;61100;INTARIAN_PEPPER_ROOT;23055;10;;;;;23067;9;;;;;23061.5;0.0
10;61200;ASH_COATED_OSMIUM;9987;21;;;;;10008;13;;;;;9997.5;0.0
10;61200;INTARIAN_PEPPER_ROOT;23055;9;;;;;23068;24;;;;;23062.0;0.0
10;61300;ASH_COATED_OSMIUM;9982;10;9981;25;;;10001;14;10003;14;;;9992.0;0.0
10;61300;INTARIAN_PEPPER_ROOT;23052;22;23050;8;;;23066;10;23069;18;;;23059.0;0.0
10;61400;ASH_COATED_OSMIUM;9984;11;9983;12;9981;14;10000;15;10003;10;10004;15;9992.5;0.0
10;61400;INTARIAN_PEPPER_ROOT;23051;9;23049;12;23047;17;23064;10;23067;9;23069;11;23057.5;0.0
10;61500;ASH_COATED_OSMIUM;9990;29;9988;10;;;10006;10;10007;10;;;9998.5;0.0
10;61500;INTARIAN_PEPPER_ROOT;23059;10;23058;8;;;23062;8;23065;12;;;23060.5;0.0
10;61600;ASH_COATED_OSMIUM;9983;15;;;;;10002;10;;;;;9992.5;0.0
10;61600;INTARIAN_PEPPER_ROOT;23054;8;23051;11;;;23068;11;23071;16;;;23061.0;0.0
10;61700;ASH_COATED_OSMIUM;9984;15;;;;;10000;10;;;;;9992.5;0.0
10;61700;INTARIAN_PEPPER_ROOT;23051;10;;;;;23068;15;;;;;23060.0;0.0
10;61800;ASH_COATED_OSMIUM;9989;12;9987;11;9985;10;10005;15;10007;10;10009;23;9997.5;0.0
10;61800;INTARIAN_PEPPER_ROOT;23060;8;;;;;23068;8;;;;;23064.5;0.0
10;61900;ASH_COATED_OSMIUM;9984;14;9981;14;;;10000;9;10001;14;;;9992.0;0.0
10;61900;INTARIAN_PEPPER_ROOT;23057;9;;;;;23069;8;;;;;23063.0;0.0
10;62000;ASH_COATED_OSMIUM;9983;12;9981;13;9980;26;10001;14;10002;12;10005;11;9992.5;0.0
10;62000;INTARIAN_PEPPER_ROOT;23054;12;23051;12;23048;10;23065;9;23067;12;23068;12;23060.0;0.0
10;62100;ASH_COATED_OSMIUM;9985;21;9983;15;9980;15;10001;15;10003;11;10004;15;9993.0;0.0
10;62100;INTARIAN_PEPPER_ROOT;23057;9;23054;12;;;23071;9;23073;12;;;23064.0;0.0
10;62200;ASH_COATED_OSMIUM;9988;7;;;;;10007;12;;;;;9998.0;0.0
10;62200;INTARIAN_PEPPER_ROOT;23057;11;23054;12;;;23073;23;23075;24;;;23065.0;0.0
10;62300;ASH_COATED_OSMIUM;9988;20;9985;10;;;10007;10;10010;15;;;9998.0;0.0
10;62300;INTARIAN_PEPPER_ROOT;23060;10;23057;9;;;23064;12;23067;12;;;23062.5;0.0
10;62400;ASH_COATED_OSMIUM;9982;13;;;;;10003;11;;;;;9993.0;0.0
10;62400;INTARIAN_PEPPER_ROOT;23055;9;23054;10;;;23069;10;23072;10;;;23062.5;0.0
10;62500;ASH_COATED_OSMIUM;9983;15;9982;15;;;10002;14;10005;13;;;9992.5;0.0
10;62500;INTARIAN_PEPPER_ROOT;23056;19;23054;12;23053;8;23068;11;23071;21;23073;11;23062.0;0.0
10;62600;ASH_COATED_OSMIUM;9990;13;9989;13;9988;20;10006;21;10008;10;10011;10;9998.0;0.0
10;62600;INTARIAN_PEPPER_ROOT;23055;8;23052;10;;;23069;10;23072;10;;;23062.5;0.0
10;62700;ASH_COATED_OSMIUM;9990;29;9987;13;9986;15;10006;14;10009;11;10011;14;9998.0;0.0
10;62700;INTARIAN_PEPPER_ROOT;23057;8;23054;11;;;23070;11;23073;12;;;23063.5;0.0
10;62800;ASH_COATED_OSMIUM;9985;15;;;;;10001;14;;;;;9993.0;0.0
10;62800;INTARIAN_PEPPER_ROOT;23053;11;23052;9;23050;12;23067;12;23070;23;23072;8;23060.5;0.0
10;62900;ASH_COATED_OSMIUM;9982;14;9981;12;;;10003;15;10004;14;;;9993.0;0.0
10;62900;INTARIAN_PEPPER_ROOT;23054;11;23052;9;;;23069;11;23072;9;;;23062.0;0.0
10;63000;ASH_COATED_OSMIUM;9991;11;9990;13;;;10004;14;10007;10;;;9998.0;0.0
10;63000;INTARIAN_PEPPER_ROOT;23055;12;23052;12;;;23068;7;23071;9;;;23062.0;0.0
10;63100;ASH_COATED_OSMIUM;9990;10;9989;15;9987;15;10008;26;10011;12;10013;15;9999.0;0.0
10;63100;INTARIAN_PEPPER_ROOT;23056;11;23054;8;;;23069;10;23071;9;;;23063.0;0.0
10;63200;ASH_COATED_OSMIUM;9993;11;9990;14;9988;11;10005;27;10007;24;10010;13;9999.0;0.0
10;63200;INTARIAN_PEPPER_ROOT;23052;19;;;;;23072;10;;;;;23062.5;0.0
10;63300;ASH_COATED_OSMIUM;9985;14;9983;3;;;10001;13;10002;11;;;9993.5;0.0
10;63300;INTARIAN_PEPPER_ROOT;23056;9;23055;12;23052;19;23069;5;23072;25;23075;9;23063.0;0.0
10;63400;ASH_COATED_OSMIUM;9985;15;;;;;10002;13;;;;;9993.5;0.0
10;63400;INTARIAN_PEPPER_ROOT;23061;9;;;;;23065;11;;;;;23063.0;0.0
10;63500;ASH_COATED_OSMIUM;9983;27;9982;10;;;10004;15;10007;10;;;9993.5;0.0
10;63500;INTARIAN_PEPPER_ROOT;23060;9;23057;25;;;23071;15;23073;9;;;23065.5;0.0
10;63600;ASH_COATED_OSMIUM;9990;4;9988;11;9987;11;10006;14;10007;27;10008;5;9998.5;0.0
10;63600;INTARIAN_PEPPER_ROOT;23058;10;23056;9;;;23071;12;23074;12;;;23065.0;0.0
10;63700;ASH_COATED_OSMIUM;9989;11;9988;10;;;10007;13;10010;13;;;9998.0;0.0
10;63700;INTARIAN_PEPPER_ROOT;23058;12;;;;;23071;8;;;;;23064.5;0.0
10;63800;ASH_COATED_OSMIUM;9988;5;;;;;10006;20;;;;;9997.5;0.0
10;63800;INTARIAN_PEPPER_ROOT;23057;11;23054;19;23051;8;23072;8;23074;12;23075;8;23064.5;0.0
10;63900;ASH_COATED_OSMIUM;9984;12;9981;12;;;10000;12;10001;27;;;9992.5;0.0
