day;timestamp;product;bid_price_1;bid_volume_1;bid_price_2;bid_volume_2;bid_price_3;bid_volume_3;ask_price_1;ask_volume_1;ask_price_2;ask_volume_2;ask_price_3;ask_volume_3;mid_price;profit_and_loss
9;0;ASH_COATED_OSMIUM;9989;14;;;;;10008;8;;;;;9998.5;0.0
9;0;INTARIAN_PEPPER_ROOT;21994;12;21991;11;;;22007;22;22010;12;;;22001.0;0.0
9;100;ASH_COATED_OSMIUM;9996;13;;;;;10012;11;;;;;10004.0;0.0
9;100;INTARIAN_PEPPER_ROOT;21995;9;21994;9;21993;8;22007;11;22009;21;22011;8;22001.5;0.0
9;200;ASH_COATED_OSMIUM;9991;15;;;;;10007;14;;;;;9999.0;0.0
9;200;INTARIAN_PEPPER_ROOT;21993;16;;;;;22009;22;;;;;22001.0;0.0
9;300;ASH_COATED_OSMIUM;9996;13;;;;;10012;11;;;;;10004.5;0.0
9;300;INTARIAN_PEPPER_ROOT;21994;9;;;;;22008;10;;;;;22001.0;0.0
9;400;ASH_COATED_OSMIUM;9990;13;9989;12;;;10006;12;10009;10;;;9998.5;0.0
9;400;INTARIAN_PEPPER_ROOT;21990;19;;;;;22004;8;;;;;21997.0;0.0
9;500;ASH_COATED_OSMIUM;9989;13;;;;;10007;15;;;;;9998.5;0.0
9;500;INTARIAN_PEPPER_ROOT;21993;10;;;;;22005;10;;;;;21999.0;0.0
9;600;ASH_COATED_OSMIUM;9995;14;9992;11;;;10013;10;10014;12;;;10004.0;0.0
9;600;INTARIAN_PEPPER_ROOT;21999;24;;;;;22010;11;;;;;22004.5;0.0
9;700;ASH_COATED_OSMIUM;9990;15;9987;12;9985;10;10006;15;10008;15;10010;15;9998.5;0.0
9;700;INTARIAN_PEPPER_ROOT;21996;12;21993;10;21990;10;22008;9;22010;12;22012;12;22002.5;0.0
9;800;ASH_COATED_OSMIUM;9996;12;9995;27;;;10012;13;10014;15;;;10004.0;0.0
9;800;INTARIAN_PEPPER_ROOT;21994;10;;;;;22007;9;;;;;22001.0;0.0
9;900;ASH_COATED_OSMIUM;9991;26;9989;14;;;10007;14;10008;15;;;9999.0;0.0
9;900;INTARIAN_PEPPER_ROOT;21998;12;21997;12;;;22011;8;22012;9;;;22005.0;0.0
9;1000;ASH_COATED_OSMIUM;9990;3;9989;15;9986;13;10006;15;10007;15;10008;15;9998.5;0.0
9;1000;INTARIAN_PEPPER_ROOT;21993;8;21991;11;;;22007;8;22010;8;;;22000.0;0.0
9;1100;ASH_COATED_OSMIUM;9989;11;;;;;10010;11;;;;;9999.5;0.0
9;1100;INTARIAN_PEPPER_ROOT;21992;12;;;;;22005;11;;;;;21998.5;0.0
9;1200;ASH_COATED_OSMIUM;9994;13;9991;11;9990;10;10005;30;10006;12;10007;11;10000.0;0.0
9;1200;INTARIAN_PEPPER_ROOT;21994;25;21992;10;;;22006;9;22008;9;;;22000.0;0.0
9;1300;ASH_COATED_OSMIUM;9991;6;9988;11;;;10009;14;10010;11;;;10000.0;0.0
9;1300;INTARIAN_PEPPER_ROOT;21997;10;21995;10;21992;10;22011;10;22012;8;22015;11;22004.0;0.0
9;1400;ASH_COATED_OSMIUM;9992;22;9990;12;;;10008;11;10011;20;;;10000.5;0.0
9;1400;INTARIAN_PEPPER_ROOT;22002;5;22001;18;;;22004;9;22005;8;;;22003.5;0.0
9;1500;ASH_COATED_OSMIUM;9992;27;9990;14;;;10008;15;10009;10;;;10000.5;0.0
9;1500;INTARIAN_PEPPER_ROOT;21997;9;;;;;22008;8;;;;;22002.5;0.0
9;1600;ASH_COATED_OSMIUM;9992;14;9990;12;9989;11;10008;10;10010;29;10012;15;10000.5;0.0
9;1600;INTARIAN_PEPPER_ROOT;21994;11;21991;9;21988;12;22008;9;22010;12;22011;9;22001.5;0.0
9;1700;ASH_COATED_OSMIUM;9997;10;9995;13;9994;12;10003;13;10004;13;10007;12;10000.5;0.0
9;1700;INTARIAN_PEPPER_ROOT;21995;11;;;;;22007;17;;;;;22001.0;0.0
9;1800;ASH_COATED_OSMIUM;9992;10;9991;14;;;10010;11;10012;14;;;10001.0;0.0
9;1800;INTARIAN_PEPPER_ROOT;21997;10;;;;;22000;8;;;;;21999.0;0.0
9;1900;ASH_COATED_OSMIUM;9991;13;;;;;10009;15;;;;;10000.5;0.0
9;1900;INTARIAN_PEPPER_ROOT;21992;8;;;;;22004;9;;;;;21998.0;0.0
9;2000;ASH_COATED_OSMIUM;9992;4;9990;15;9987;22;10008;30;10009;13;10011;22;10000.5;0.0
9;2000;INTARIAN_PEPPER_ROOT;21994;11;21993;9;21990;11;22008;8;22009;12;22012;9;22001.0;0.0
9;2100;ASH_COATED_OSMIUM;9996;9;9994;11;9993;21;10015;12;10016;21;10017;21;10006.0;0.0
9;2100;INTARIAN_PEPPER_ROOT;21998;24;21996;17;;;22009;10;22012;11;;;22003.5;0.0
9;2200;ASH_COATED_OSMIUM;9994;14;9993;10;;;10006;12;10007;11;;;10000.5;0.0
9;2200;INTARIAN_PEPPER_ROOT;21997;9;21995;12;21994;10;22011;10;22013;11;22016;12;22004.5;0.0
9;2300;ASH_COATED_OSMIUM;9993;10;;;;;10009;10;;;;;10001.0;0.0
9;2300;INTARIAN_PEPPER_ROOT;21995;9;21993;9;21992;10;22009;10;22011;8;22013;12;22002.5;0.0
9;2400;ASH_COATED_OSMIUM;10001;14;10000;12;;;10011;13;10013;11;;;10006.5;0.0
9;2400;INTARIAN_PEPPER_ROOT;21994;8;21992;9;;;22007;8;22008;10;;;22001.0;0.0
9;2500;ASH_COATED_OSMIUM;9993;13;;;;;10009;12;;;;;10001.0;0.0
9;2500;INTARIAN_PEPPER_ROOT;21993;16;21990;12;;;22003;9;22006;9;;;21998.5;0.0
9;2600;ASH_COATED_OSMIUM;9998;26;9996;30;9993;11;10014;15;10015;13;10016;22;10006.0;0.0
9;2600;INTARIAN_PEPPER_ROOT;21995;21;;;;;22010;12;;;;;22002.5;0.0
9;2700;ASH_COATED_OSMIUM;9996;15;9995;10;;;10014;15;10017;14;;;10005.5;0.0
9;2700;INTARIAN_PEPPER_ROOT;21996;18;;;;;22011;12;;;;;22003.5;0.0
9;2800;ASH_COATED_OSMIUM;9992;10;;;;;10008;15;;;;;10000.0;0.0
9;2800;INTARIAN_PEPPER_ROOT;22002;9;;;;;22016;9;;;;;22009.5;0.0
9;2900;ASH_COATED_OSMIUM;9991;15;;;;;10007;15;;;;;9999.5;0.0
9;2900;INTARIAN_PEPPER_ROOT;21997;12;21996;11;21994;10;22010;10;22012;8;22014;11;22003.5;0.0
9;3000;ASH_COATED_OSMIUM;9992;10;9991;26;;;10008;26;10011;10;;;10000.0;0.0
9;3000;INTARIAN_PEPPER_ROOT;21998;11;21995;8;;;22010;11;22012;12;;;22004.0;0.0
9;3100;ASH_COATED_OSMIUM;9996;12;;;;;10014;11;;;;;10005.0;0.0
9;3100;INTARIAN_PEPPER_ROOT;21996;9;21995;20;21994;11;22012;9;22015;9;22016;10;22004.5;0.0
9;3200;ASH_COATED_OSMIUM;9992;10;9991;15;;;10008;13;10011;14;;;10000.0;0.0
9;3200;INTARIAN_PEPPER_ROOT;21986;15;21983;11;21982;12;21997;8;21999;15;22001;10;21992.0;0.0
9;3300;ASH_COATED_OSMIUM;9991;15;;;;;10009;12;;;;;10000.0;0.0
9;3300;INTARIAN_PEPPER_ROOT;21999;8;21997;10;21994;18;22012;11;22015;11;22016;8;22006.0;0.0
9;3400;ASH_COATED_OSMIUM;9992;10;9991;12;;;10008;15;10011;12;;;10000.0;0.0
9;3400;INTARIAN_PEPPER_ROOT;21996;10;21993;8;21992;12;22008;10;22010;8;22011;11;22002.5;0.0
9;3500;ASH_COATED_OSMIUM;9993;11;9990;11;;;10009;20;10010;12;;;10001.0;0.0
9;3500;INTARIAN_PEPPER_ROOT;21997;8;21996;12;;;22009;10;22012;9;;;22003.0;0.0
9;3600;ASH_COATED_OSMIUM;9991;11;9989;13;;;10010;26;10013;11;;;10001.0;0.0
9;3600;INTARIAN_PEPPER_ROOT;21992;8;21990;11;;;22008;8;22011;17;;;22000.5;0.0
9;3700;ASH_COATED_OSMIUM;9998;15;9995;12;;;10014;15;10015;11;;;10006.0;0.0
9;3700;INTARIAN_PEPPER_ROOT;21995;9;21992;11;;;22008;12;22010;12;;;22002.0;0.0
9;3800;ASH_COATED_OSMIUM;9993;11;9992;24;;;10009;11;10012;11;;;10001.0;0.0
9;3800;INTARIAN_PEPPER_ROOT;22004;17;22001;12;22000;11;22006;22;22008;17;22011;18;22005.0;0.0
9;3900;ASH_COATED_OSMIUM;9996;14;9994;13;;;10014;12;10017;9;;;10005.5;0.0
9;3900;INTARIAN_PEPPER_ROOT;21997;21;21996;12;21993;8;22010;11;22013;9;22014;10;22004.0;0.0
9;4000;ASH_COATED_OSMIUM;9996;14;9994;14;;;10015;10;10016;11;;;10006.0;0.0
9;4000;INTARIAN_PEPPER_ROOT;21997;9;;;;;22013;8;;;;;22005.5;0.0
9;4100;ASH_COATED_OSMIUM;9997;13;9996;12;;;10013;15;10016;11;;;10005.5;0.0
9;4100;INTARIAN_PEPPER_ROOT;21997;9;21996;12;21993;25;22008;9;22009;25;22012;12;22003.0;0.0
9;4200;ASH_COATED_OSMIUM;9992;10;;;;;10008;13;;;;;10000.0;0.0
9;4200;INTARIAN_PEPPER_ROOT;21997;20;;;;;22010;8;;;;;22004.0;0.0
9;4300;ASH_COATED_OSMIUM;9997;29;;;;;10013;13;;;;;10005.0;0.0
9;4300;INTARIAN_PEPPER_ROOT;21994;11;21992;11;21990;9;22009;7;22012;8;22013;9;22002.0;0.0
9;4400;ASH_COATED_OSMIUM;9998;13;9996;14;9993;10;10014;21;10016;23;10017;10;10006.0;0.0
9;4400;INTARIAN_PEPPER_ROOT;22000;24;21997;8;21996;8;22014;9;22015;10;22018;12;22007.5;0.0
9;4500;ASH_COATED_OSMIUM;9993;20;9990;13;;;10009;14;10012;10;;;10001.0;0.0
9;4500;INTARIAN_PEPPER_ROOT;21996;12;21995;21;;;22013;8;22014;11;;;22005.0;0.0
9;4600;ASH_COATED_OSMIUM;9993;14;;;;;10009;14;;;;;10001.0;0.0
9;4600;INTARIAN_PEPPER_ROOT;22000;21;21999;12;;;22003;11;22006;11;;;22002.0;0.0
9;4700;ASH_COATED_OSMIUM;9995;11;9992;30;;;10016;3;10017;12;;;10006.0;0.0
9;4700;INTARIAN_PEPPER_ROOT;21996;11;;;;;22007;11;;;;;22001.5;0.0
9;4800;ASH_COATED_OSMIUM;9991;14;9989;14;;;10010;12;10013;11;;;10000.5;0.0
9;4800;INTARIAN_PEPPER_ROOT;21998;8;21996;11;;;22015;9;22017;9;;;22006.5;0.0
9;4900;ASH_COATED_OSMIUM;9992;11;;;;;10008;12;;;;;10000.5;0.0
9;4900;INTARIAN_PEPPER_ROOT;21997;8;21996;10;21993;21;22011;11;22012;20;22013;9;22004.0;0.0
9;5000;ASH_COATED_OSMIUM;9996;14;9994;12;;;10015;12;10017;12;;;10006.0;0.0
9;5000;INTARIAN_PEPPER_ROOT;22000;11;;;;;22003;8;;;;;22002.0;0.0
9;5100;ASH_COATED_OSMIUM;9998;11;9995;11;;;10014;10;10015;12;;;10006.0;0.0
9;5100;INTARIAN_PEPPER_ROOT;22000;10;;;;;22011;11;;;;;22005.5;0.0
9;5200;ASH_COATED_OSMIUM;9992;15;9991;30;;;10008;15;10009;10;;;10000.5;0.0
9;5200;INTARIAN_PEPPER_ROOT;21998;10;;;;;22014;9;;;;;22006.0;0.0
9;5300;ASH_COATED_OSMIUM;9991;15;9988;13;;;10009;3;10011;14;;;10000.5;0.0
9;5300;INTARIAN_PEPPER_ROOT;21997;11;;;;;22012;10;;;;;22005.0;0.0
9;5400;ASH_COATED_OSMIUM;9997;15;;;;;10015;14;;;;;10006.0;0.0
9;5400;INTARIAN_PEPPER_ROOT;21998;12;;;;;22013;11;;;;;22006.0;0.0
9;5500;ASH_COATED_OSMIUM;9997;11;9996;13;;;10013;15;10015;11;;;10005.0;0.0
9;5500;INTARIAN_PEPPER_ROOT;21997;12;21996;8;21993;8;22010;9;22013;12;22016;9;22003.5;0.0
9;5600;ASH_COATED_OSMIUM;9991;10;9989;11;;;10009;20;10011;11;;;10000.0;0.0
9;5600;INTARIAN_PEPPER_ROOT;21996;8;;;;;22012;12;;;;;22004.0;0.0
9;5700;ASH_COATED_OSMIUM;9993;11;9991;12;;;10009;30;10012;24;;;10001.0;0.0
9;5700;INTARIAN_PEPPER_ROOT;21994;11;;;;;22010;23;;;;;22002.5;0.0
9;5800;ASH_COATED_OSMIUM;9993;5;9991;15;9989;10;10009;14;10012;15;10015;10;10001.0;0.0
9;5800;INTARIAN_PEPPER_ROOT;21999;9;21997;8;;;22011;11;22013;7;;;22005.0;0.0
9;5900;ASH_COATED_OSMIUM;9992;28;9990;15;;;10011;11;10014;11;;;10001.5;0.0
9;5900;INTARIAN_PEPPER_ROOT;21997;12;21995;11;21992;12;22011;11;22014;11;22015;8;22004.5;0.0
9;6000;ASH_COATED_OSMIUM;9998;14;;;;;10003;12;;;;;10001.0;0.0
9;6000;INTARIAN_PEPPER_ROOT;22002;10;;;;;22013;11;;;;;22007.5;0.0
9;6100;ASH_COATED_OSMIUM;9997;10;;;;;10015;28;;;;;10006.0;0.0
9;6100;INTARIAN_PEPPER_ROOT;22003;10;22001;10;21998;9;22015;11;22016;16;22019;9;22009.0;0.0
9;6200;ASH_COATED_OSMIUM;9999;15;9998;11;9995;11;10015;15;10016;12;10019;13;10007.0;0.0
9;6200;INTARIAN_PEPPER_ROOT;22003;10;22002;11;;;22015;9;22017;11;;;22009.5;0.0
9;6300;ASH_COATED_OSMIUM;9999;10;9998;10;;;10015;11;10018;11;;;10007.0;0.0
9;6300;INTARIAN_PEPPER_ROOT;21998;11;21995;10;21993;10;22012;8;22014;11;22017;9;22005.5;0.0
9;6400;ASH_COATED_OSMIUM;9997;11;9994;15;;;10015;14;10017;13;;;10006.5;0.0
9;6400;INTARIAN_PEPPER_ROOT;21997;12;21994;10;;;22011;9;22014;9;;;22004.5;0.0
9;6500;ASH_COATED_OSMIUM;9998;14;9996;15;9995;13;10014;13;10017;13;10020;12;10006.0;0.0
9;6500;INTARIAN_PEPPER_ROOT;22002;8;22001;11;;;22015;8;22016;10;;;22008.5;0.0
9;6600;ASH_COATED_OSMIUM;10001;15;9998;2;9997;3;10011;14;10014;28;10015;13;10006.5;0.0
9;6600;INTARIAN_PEPPER_ROOT;22005;11;22003;12;22000;9;22010;12;22011;16;22012;9;22007.5;0.0
9;6700;ASH_COATED_OSMIUM;10003;15;10002;12;9999;13;10010;12;10012;15;10013;30;10006.5;0.0
9;6700;INTARIAN_PEPPER_ROOT;21999;9;21996;16;;;22010;12;22013;11;;;22004.5;0.0
9;6800;ASH_COATED_OSMIUM;9998;14;9997;10;9994;10;10014;14;10016;10;10017;22;10006.5;0.0
9;6800;INTARIAN_PEPPER_ROOT;21996;12;21995;11;;;22007;11;22008;10;;;22002.0;0.0
9;6900;ASH_COATED_OSMIUM;9991;11;9988;15;9985;11;10009;12;10011;11;10013;12;10000.5;0.0
9;6900;INTARIAN_PEPPER_ROOT;21999;9;;;;;22013;12;;;;;22006.5;0.0
9;7000;ASH_COATED_OSMIUM;9996;12;9994;15;9992;28;10014;10;10016;11;10017;13;10005.5;0.0
9;7000;INTARIAN_PEPPER_ROOT;22000;24;21999;11;21996;8;22012;10;22015;8;22018;9;22006.0;0.0
9;7100;ASH_COATED_OSMIUM;9992;10;9989;13;;;10008;14;10011;14;;;10000.5;0.0
9;7100;INTARIAN_PEPPER_ROOT;22001;9;22000;8;;;22014;11;22017;8;;;22007.5;0.0
9;7200;ASH_COATED_OSMIUM;9992;11;9989;11;;;10008;12;10009;13;;;10000.5;0.0
9;7200;INTARIAN_PEPPER_ROOT;22000;12;21997;21;;;22012;12;22015;7;;;22006.5;0.0
9;7300;ASH_COATED_OSMIUM;9997;15;;;;;10013;13;;;;;10005.5;0.0
9;7300;INTARIAN_PEPPER_ROOT;21998;9;;;;;22015;10;;;;;22007.0;0.0
9;7400;ASH_COATED_OSMIUM;9998;15;9995;11;;;10014;14;10015;10;;;10006.0;0.0
9;7400;INTARIAN_PEPPER_ROOT;21998;8;;;;;22011;11;;;;;22005.0;0.0
9;7500;ASH_COATED_OSMIUM;9995;15;9993;10;;;10006;12;10008;24;;;10000.5;0.0
9;7500;INTARIAN_PEPPER_ROOT;22000;5;21998;23;21996;16;22012;8;22014;17;22016;6;22006.5;0.0
9;7600;ASH_COATED_OSMIUM;9992;25;9989;11;;;10008;11;10009;26;;;10000.0;0.0
9;7600;INTARIAN_PEPPER_ROOT;22002;10;21999;10;;;22018;11;22020;21;;;22010.5;0.0
9;7700;ASH_COATED_OSMIUM;9992;11;;;;;10008;15;;;;;10000.5;0.0
9;7700;INTARIAN_PEPPER_ROOT;22001;8;22000;11;;;22014;24;22015;8;;;22007.5;0.0
9;7800;ASH_COATED_OSMIUM;9999;10;9996;15;;;10011;10;10013;12;;;10005.5;0.0
9;7800;INTARIAN_PEPPER_ROOT;22002;10;22000;9;21998;11;22018;11;22020;17;22023;11;22010.0;0.0
9;7900;ASH_COATED_OSMIUM;9992;12;9989;22;;;10008;12;10010;12;;;10000.0;0.0
9;7900;INTARIAN_PEPPER_ROOT;22001;9;;;;;22014;10;;;;;22008.0;0.0
9;8000;ASH_COATED_OSMIUM;9993;10;9991;13;;;10009;15;10012;15;;;10001.0;0.0
9;8000;INTARIAN_PEPPER_ROOT;22003;12;22001;9;;;22015;9;22016;11;;;22009.0;0.0
9;8100;ASH_COATED_OSMIUM;9996;13;;;;;10015;26;;;;;10006.0;0.0
9;8100;INTARIAN_PEPPER_ROOT;22002;10;;;;;22017;10;;;;;22009.5;0.0
9;8200;ASH_COATED_OSMIUM;9998;15;;;;;10014;12;;;;;10006.5;0.0
9;8200;INTARIAN_PEPPER_ROOT;22001;8;21999;12;;;22017;20;22018;11;;;22009.0;0.0
9;8300;ASH_COATED_OSMIUM;9997;10;9995;15;9992;15;10015;10;10017;10;10020;28;10006.5;0.0
9;8300;INTARIAN_PEPPER_ROOT;22005;18;;;;;22008;10;;;;;22007.0;0.0
9;8400;ASH_COATED_OSMIUM;9993;12;9992;12;;;10009;10;10011;12;;;10001.0;0.0
9;8400;INTARIAN_PEPPER_ROOT;22004;11;22003;9;22000;11;22015;12;22018;10;22021;16;22009.5;0.0
9;8500;ASH_COATED_OSMIUM;9998;11;9995;15;;;10014;10;10016;14;;;10006.5;0.0
9;8500;INTARIAN_PEPPER_ROOT;22001;11;21999;10;21998;9;22015;9;22017;9;22019;8;22008.5;0.0
9;8600;ASH_COATED_OSMIUM;9993;10;9992;12;;;10009;11;10011;28;;;10001.5;0.0
9;8600;INTARIAN_PEPPER_ROOT;22002;12;21999;20;;;22015;12;22016;12;;;22008.5;0.0
9;8700;ASH_COATED_OSMIUM;9997;21;9994;14;9992;11;10015;12;10018;10;10020;11;10006.5;0.0
9;8700;INTARIAN_PEPPER_ROOT;22009;9;22008;12;22006;8;22020;9;22021;10;22024;11;22015.0;0.0
9;8800;ASH_COATED_OSMIUM;9992;15;9991;15;;;10010;11;10011;14;;;10001.5;0.0
9;8800;INTARIAN_PEPPER_ROOT;22004;10;22003;8;;;22016;9;22019;8;;;22010.5;0.0
9;8900;ASH_COATED_OSMIUM;9993;7;9992;12;9990;21;10009;27;10011;28;10014;30;10001.0;0.0
9;8900;INTARIAN_PEPPER_ROOT;22006;18;22003;10;22002;8;22020;12;22022;10;22024;8;22013.5;0.0
9;9000;ASH_COATED_OSMIUM;9991;11;9990;7;9989;14;10010;14;10011;14;10014;12;10001.0;0.0
9;9000;INTARIAN_PEPPER_ROOT;22001;24;22000;24;;;22013;9;22015;12;;;22007.0;0.0
9;9100;ASH_COATED_OSMIUM;9992;10;9991;15;;;10008;21;10009;12;;;10000.5;0.0
9;9100;INTARIAN_PEPPER_ROOT;22004;9;22001;11;22000;24;22016;10;22019;9;22020;9;22010.5;0.0
9;9200;ASH_COATED_OSMIUM;10002;13;;;;;10008;12;;;;;10005.0;0.0
9;9200;INTARIAN_PEPPER_ROOT;22005;10;22003;12;;;22016;10;22019;8;;;22011.0;0.0
9;9300;ASH_COATED_OSMIUM;10000;14;9997;15;9995;14;10010;13;10011;11;10012;12;10005.0;0.0
9;9300;INTARIAN_PEPPER_ROOT;22003;8;;;;;22016;10;;;;;22010.0;0.0
9;9400;ASH_COATED_OSMIUM;9991;14;;;;;10007;13;;;;;9999.5;0.0
9;9400;INTARIAN_PEPPER_ROOT;22002;12;;;;;22013;10;;;;;22008.0;0.0
9;9500;ASH_COATED_OSMIUM;9989;11;9986;13;9984;11;10010;10;10013;13;10016;14;9999.5;0.0
9;9500;INTARIAN_PEPPER_ROOT;22001;25;21999;22;;;22017;11;22019;10;;;22009.0;0.0
9;9600;ASH_COATED_OSMIUM;9996;11;9994;22;;;10014;10;10016;15;;;10005.0;0.0
9;9600;INTARIAN_PEPPER_ROOT;22004;22;22003;10;;;22012;10;22014;9;;;22008.5;0.0
9;9700;ASH_COATED_OSMIUM;9996;26;;;;;10012;13;;;;;10004.5;0.0
9;9700;INTARIAN_PEPPER_ROOT;22003;11;22001;8;;;22018;8;22021;8;;;22010.5;0.0
9;9800;ASH_COATED_OSMIUM;9995;12;;;;;10014;15;;;;;10004.5;0.0
9;9800;INTARIAN_PEPPER_ROOT;22002;8;22001;11;;;22016;12;22019;22;;;22009.5;0.0
9;9900;ASH_COATED_OSMIUM;9991;13;;;;;10007;4;;;;;9999.0;0.0
9;9900;INTARIAN_PEPPER_ROOT;22001;12;21998;9;21996;10;22017;15;22018;8;22020;12;22009.0;0.0
9;10000;ASH_COATED_OSMIUM;9991;13;9988;15;;;10007;24;10009;14;;;9999.0;0.0
9;10000;INTARIAN_PEPPER_ROOT;22003;12;22002;12;;;22017;8;22018;12;;;22010.5;0.0
9;10100;ASH_COATED_OSMIUM;9991;2;9990;21;9988;13;10007;23;10009;10;10010;6;9999.0;0.0
9;10100;INTARIAN_PEPPER_ROOT;22004;9;22001;12;;;22016;8;22018;10;;;22010.5;0.0
9;10200;ASH_COATED_OSMIUM;9996;15;9994;15;;;10012;12;10015;12;;;10004.5;0.0
9;10200;INTARIAN_PEPPER_ROOT;22002;8;22000;23;;;22014;10;22016;9;;;22008.0;0.0
9;10300;ASH_COATED_OSMIUM;9991;14;9990;23;;;10007;14;10010;14;;;9999.5;0.0
9;10300;INTARIAN_PEPPER_ROOT;22006;12;22005;17;22003;9;22017;11;22019;25;22021;9;22011.5;0.0
9;10400;ASH_COATED_OSMIUM;9991;3;;;;;10007;10;;;;;9999.5;0.0
9;10400;INTARIAN_PEPPER_ROOT;22003;12;;;;;22013;10;;;;;22008.0;0.0
9;10500;ASH_COATED_OSMIUM;9996;30;9995;13;9992;10;10012;10;10015;11;10017;25;10004.0;0.0
9;10500;INTARIAN_PEPPER_ROOT;22000;9;21998;9;;;22015;12;22018;18;;;22007.5;0.0
9;10600;ASH_COATED_OSMIUM;9996;2;9993;15;;;10012;14;10014;13;;;10004.0;0.0
9;10600;INTARIAN_PEPPER_ROOT;22004;8;22002;8;;;22017;8;22019;8;;;22010.5;0.0
9;10700;ASH_COATED_OSMIUM;9989;26;;;;;10008;21;;;;;9999.0;0.0
9;10700;INTARIAN_PEPPER_ROOT;22004;9;22002;8;;;22018;17;22021;8;;;22011.0;0.0
9;10800;ASH_COATED_OSMIUM;9991;13;9988;12;9986;25;10007;15;10009;15;10010;12;9999.5;0.0
9;10800;INTARIAN_PEPPER_ROOT;22003;22;;;;;22015;25;;;;;22009.0;0.0
9;10900;ASH_COATED_OSMIUM;9997;12;9996;14;;;10013;10;10016;11;;;10005.0;0.0
9;10900;INTARIAN_PEPPER_ROOT;22003;11;;;;;22016;9;;;;;22009.5;0.0
9;11000;ASH_COATED_OSMIUM;9994;10;;;;;10015;14;;;;;10004.5;0.0
9;11000;INTARIAN_PEPPER_ROOT;22001;8;21999;9;21997;10;22018;7;22019;9;22021;8;22010.0;0.0
9;11100;ASH_COATED_OSMIUM;9992;12;9991;20;9989;14;10005;10;10006;13;10009;10;9999.0;0.0
9;11100;INTARIAN_PEPPER_ROOT;22006;12;;;;;22020;8;;;;;22013.5;0.0
9;11200;ASH_COATED_OSMIUM;9997;10;;;;;10013;12;;;;;10005.0;0.0
9;11200;INTARIAN_PEPPER_ROOT;22001;24;22000;5;;;22017;11;22018;12;;;22009.0;0.0
9;11300;ASH_COATED_OSMIUM;9993;10;9992;30;;;10003;11;10005;23;;;9998.5;0.0
9;11300;INTARIAN_PEPPER_ROOT;22002;12;22000;10;21998;19;22016;9;22018;9;22020;9;22009.0;0.0
9;11400;ASH_COATED_OSMIUM;9990;22;9987;30;9984;13;10006;10;10008;24;10009;12;9998.0;0.0
9;11400;INTARIAN_PEPPER_ROOT;22005;10;22003;21;22002;9;22021;11;22024;18;22026;11;22013.0;0.0
9;11500;ASH_COATED_OSMIUM;9989;14;;;;;10007;12;;;;;9998.0;0.0
9;11500;INTARIAN_PEPPER_ROOT;22006;16;22005;23;;;22019;11;22020;12;;;22013.0;0.0
9;11600;ASH_COATED_OSMIUM;9993;22;;;;;10009;14;;;;;10001.5;0.0
9;11600;INTARIAN_PEPPER_ROOT;22007;9;22005;11;;;22019;11;22021;10;;;22013.5;0.0
9;11700;ASH_COATED_OSMIUM;9988;15;9987;12;;;10004;11;10006;15;;;9996.5;0.0
9;11700;INTARIAN_PEPPER_ROOT;22003;12;22001;10;;;22015;8;22018;10;;;22009.5;0.0
9;11800;ASH_COATED_OSMIUM;9987;23;;;;;10006;11;;;;;9996.5;0.0
9;11800;INTARIAN_PEPPER_ROOT;22000;8;21997;23;;;22016;20;22017;11;;;22008.5;0.0
9;11900;ASH_COATED_OSMIUM;9998;25;9995;14;9992;10;10007;29;10009;29;10011;15;10002.5;0.0
9;11900;INTARIAN_PEPPER_ROOT;22006;10;22005;19;;;22020;23;22022;9;;;22013.0;0.0
9;12000;ASH_COATED_OSMIUM;9989;11;;;;;10005;15;;;;;9997.5;0.0
9;12000;INTARIAN_PEPPER_ROOT;22004;8;;;;;22015;8;;;;;22010.0;0.0
9;12100;ASH_COATED_OSMIUM;9989;9;;;;;10005;13;;;;;9997.0;0.0
9;12100;INTARIAN_PEPPER_ROOT;22009;19;22008;15;;;22020;8;22023;10;;;22014.5;0.0
9;12200;ASH_COATED_OSMIUM;9994;10;9993;12;9990;15;10010;24;10013;14;10014;14;10002.5;0.0
9;12200;INTARIAN_PEPPER_ROOT;22007;8;22004;21;;;22020;12;22022;12;;;22014.0;0.0
9;12300;ASH_COATED_OSMIUM;9989;10;9987;13;9984;20;10005;11;10007;12;10008;13;9997.0;0.0
9;12300;INTARIAN_PEPPER_ROOT;22007;9;22005;20;22002;19;22018;9;22021;11;22022;23;22012.5;0.0
9;12400;ASH_COATED_OSMIUM;9994;30;9992;12;9991;14;10010;12;10011;14;10013;10;10002.5;0.0
9;12400;INTARIAN_PEPPER_ROOT;22003;8;22002;3;;;22016;12;22019;9;;;22009.5;0.0
9;12500;ASH_COATED_OSMIUM;9994;13;;;;;10010;13;;;;;10002.0;0.0
9;12500;INTARIAN_PEPPER_ROOT;22005;11;22004;11;;;22019;12;22022;8;;;22012.0;0.0
9;12600;ASH_COATED_OSMIUM;9997;23;9996;13;;;10007;13;10010;13;;;10002.0;0.0
9;12600;INTARIAN_PEPPER_ROOT;22006;9;;;;;22017;9;;;;;22011.5;0.0
9;12700;ASH_COATED_OSMIUM;9994;10;;;;;10010;13;;;;;10002.5;0.0
9;12700;INTARIAN_PEPPER_ROOT;22008;22;22005;9;;;22020;10;22021;8;;;22014.0;0.0
9;12800;ASH_COATED_OSMIUM;9994;12;9991;10;9990;10;10010;24;10012;11;10014;14;10002.5;0.0
9;12800;INTARIAN_PEPPER_ROOT;22001;9;21999;11;;;22017;21;22018;9;;;22009.0;0.0
9;12900;ASH_COATED_OSMIUM;9989;14;9988;10;;;10005;11;10007;23;;;9997.5;0.0
9;12900;INTARIAN_PEPPER_ROOT;22006;8;22004;10;;;22020;12;22023;21;;;22013.0;0.0
9;13000;ASH_COATED_OSMIUM;9988;29;;;;;10006;12;;;;;9997.0;0.0
9;13000;INTARIAN_PEPPER_ROOT;22002;8;22001;11;;;22019;12;22021;10;;;22011.0;0.0
9;13100;ASH_COATED_OSMIUM;9987;12;;;;;10006;11;;;;;9997.0;0.0
9;13100;INTARIAN_PEPPER_ROOT;22007;10;;;;;22020;11;;;;;22013.5;0.0
9;13200;ASH_COATED_OSMIUM;9994;13;9991;25;;;10010;13;10011;11;;;10002.5;0.0
9;13200;INTARIAN_PEPPER_ROOT;22008;11;22007;8;22004;8;22022;11;22024;9;22027;11;22015.5;0.0
9;13300;ASH_COATED_OSMIUM;9994;10;9991;14;9990;10;10000;10;10001;12;10003;30;9997.0;0.0
9;13300;INTARIAN_PEPPER_ROOT;22004;11;;;;;22023;8;;;;;22014.0;0.0
9;13400;ASH_COATED_OSMIUM;9993;13;9992;14;;;10011;11;10014;14;;;10002.0;0.0
9;13400;INTARIAN_PEPPER_ROOT;22006;12;22004;11;22003;9;22021;12;22023;11;22025;12;22013.5;0.0
9;13500;ASH_COATED_OSMIUM;9989;11;9988;14;9985;4;10005;24;10008;20;10011;12;9997.0;0.0
9;13500;INTARIAN_PEPPER_ROOT;22003;12;22002;12;22000;9;22020;8;22022;3;22025;10;22012.0;0.0
9;13600;ASH_COATED_OSMIUM;9988;10;9986;12;;;10006;15;10009;15;;;9997.0;0.0
9;13600;INTARIAN_PEPPER_ROOT;22009;10;;;;;22021;8;;;;;22015.0;0.0
9;13700;ASH_COATED_OSMIUM;9989;10;9988;15;;;10005;14;10007;10;;;9997.5;0.0
9;13700;INTARIAN_PEPPER_ROOT;22008;9;22005;9;;;22020;11;22023;9;;;22014.5;0.0
9;13800;ASH_COATED_OSMIUM;9989;10;9988;15;9987;11;10005;29;10008;14;10009;10;9997.5;0.0
9;13800;INTARIAN_PEPPER_ROOT;22003;8;22000;18;;;22019;10;22021;9;;;22011.5;0.0
9;13900;ASH_COATED_OSMIUM;9998;12;9995;27;9992;14;10007;13;10008;15;10009;29;10003.0;0.0
9;13900;INTARIAN_PEPPER_ROOT;22012;8;;;;;22024;10;;;;;22018.5;0.0
9;14000;ASH_COATED_OSMIUM;9990;11;9988;11;;;10006;15;10007;12;;;9998.0;0.0
9;14000;INTARIAN_PEPPER_ROOT;22007;21;;;;;22020;11;;;;;22014.0;0.0
9;14100;ASH_COATED_OSMIUM;9987;15;9985;14;;;10006;2;10009;10;;;9997.0;0.0
9;14100;INTARIAN_PEPPER_ROOT;22004;10;22003;23;;;22017;9;22019;8;;;22011.0;0.0
9;14200;ASH_COATED_OSMIUM;9988;23;9986;13;;;10004;10;10006;15;;;9996.5;0.0
9;14200;INTARIAN_PEPPER_ROOT;22008;12;22007;12;;;22022;10;22025;15;;;22015.5;0.0
9;14300;ASH_COATED_OSMIUM;9987;11;9984;13;;;10008;10;10011;10;;;9998.0;0.0
9;14300;INTARIAN_PEPPER_ROOT;22006;11;;;;;22017;8;;;;;22011.5;0.0
9;14400;ASH_COATED_OSMIUM;9988;11;;;;;10007;14;;;;;9998.0;0.0
9;14400;INTARIAN_PEPPER_ROOT;22009;12;22006;8;22003;8;22020;9;22021;8;22023;12;22014.5;0.0
9;14500;ASH_COATED_OSMIUM;9989;11;9987;13;;;10007;12;10008;8;;;9998.0;0.0
9;14500;INTARIAN_PEPPER_ROOT;22010;11;22009;12;;;22022;10;22025;12;;;22016.5;0.0
9;14600;ASH_COATED_OSMIUM;9988;15;9986;14;9985;13;10007;13;10009;10;10012;20;9998.0;0.0
9;14600;INTARIAN_PEPPER_ROOT;22010;12;;;;;22022;10;;;;;22016.5;0.0
9;14700;ASH_COATED_OSMIUM;9994;10;9992;22;9991;12;10012;10;10013;15;10016;12;10003.0;0.0
9;14700;INTARIAN_PEPPER_ROOT;22010;19;22009;8;;;22022;11;22023;11;;;22016.0;0.0
9;14800;ASH_COATED_OSMIUM;10000;10;9998;10;;;10006;13;10007;13;;;10003.5;0.0
9;14800;INTARIAN_PEPPER_ROOT;22011;12;22010;9;;;22024;15;22025;8;;;22018.0;0.0
9;14900;ASH_COATED_OSMIUM;9996;12;;;;;10012;28;;;;;10004.0;0.0
9;14900;INTARIAN_PEPPER_ROOT;22011;8;22010;10;;;22024;11;22026;25;;;22017.5;0.0
9;15000;ASH_COATED_OSMIUM;9990;10;;;;;10006;13;;;;;9998.5;0.0
9;15000;INTARIAN_PEPPER_ROOT;22009;9;22007;3;;;22023;12;22025;10;;;22016.5;0.0
9;15100;ASH_COATED_OSMIUM;9990;15;9987;15;;;10006;15;10008;13;;;9998.5;0.0
9;15100;INTARIAN_PEPPER_ROOT;22006;11;;;;;22018;10;;;;;22012.5;0.0
9;15200;ASH_COATED_OSMIUM;9995;15;9993;11;;;10011;5;10012;10;;;10003.5;0.0
9;15200;INTARIAN_PEPPER_ROOT;22007;11;22005;9;;;22019;11;22022;9;;;22013.5;0.0
9;15300;ASH_COATED_OSMIUM;9989;28;9986;14;9983;22;10007;12;10008;15;10010;23;9998.0;0.0
9;15300;INTARIAN_PEPPER_ROOT;22006;11;22004;5;22001;10;22018;20;22021;8;22022;10;22012.0;0.0
9;15400;ASH_COATED_OSMIUM;9990;12;9989;12;9987;12;10006;28;10009;12;10010;14;9998.0;0.0
9;15400;INTARIAN_PEPPER_ROOT;22011;11;;;;;22022;12;;;;;22016.5;0.0
9;15500;ASH_COATED_OSMIUM;9988;15;9987;13;;;10007;11;10009;23;;;9998.0;0.0
9;15500;INTARIAN_PEPPER_ROOT;22013;21;;;;;22027;9;;;;;22020.5;0.0
9;15600;ASH_COATED_OSMIUM;9990;14;;;;;10006;20;;;;;9998.0;0.0
9;15600;INTARIAN_PEPPER_ROOT;22006;25;;;;;22021;10;;;;;22014.0;0.0
9;15700;ASH_COATED_OSMIUM;9990;13;9988;13;;;10006;10;10009;26;;;9998.5;0.0
9;15700;INTARIAN_PEPPER_ROOT;22011;8;22010;9;;;22022;8;22024;10;;;22017.0;0.0
9;15800;ASH_COATED_OSMIUM;9994;12;9992;2;;;10012;14;10014;11;;;10003.5;0.0
9;15800;INTARIAN_PEPPER_ROOT;22006;12;;;;;22020;10;;;;;22013.5;0.0
9;15900;ASH_COATED_OSMIUM;9995;10;9992;13;9990;14;10002;15;10003;15;10005;12;9998.5;0.0
9;15900;INTARIAN_PEPPER_ROOT;22009;17;;;;;22027;9;;;;;22018.0;0.0
9;16000;ASH_COATED_OSMIUM;9986;13;9984;12;;;10007;28;10008;12;;;9997.0;0.0
9;16000;INTARIAN_PEPPER_ROOT;22009;20;;;;;22021;9;;;;;22015.0;0.0
9;16100;ASH_COATED_OSMIUM;9994;15;;;;;10013;25;;;;;10003.5;0.0
9;16100;INTARIAN_PEPPER_ROOT;22011;12;22010;8;22009;8;22013;10;22016;12;22018;9;22012.5;0.0
9;16200;ASH_COATED_OSMIUM;9989;12;9986;4;9983;15;10008;24;10011;10;10014;12;9998.5;0.0
9;16200;INTARIAN_PEPPER_ROOT;22008;12;;;;;22022;15;;;;;22015.5;0.0
9;16300;ASH_COATED_OSMIUM;9989;15;9988;11;9986;15;10007;30;10009;12;10011;14;9998.0;0.0
9;16300;INTARIAN_PEPPER_ROOT;22006;10;22003;8;22000;20;22020;8;22023;12;22026;8;22013.5;0.0
9;16400;ASH_COATED_OSMIUM;9990;14;9987;13;;;10005;14;10006;15;;;9998.0;0.0
9;16400;INTARIAN_PEPPER_ROOT;22007;10;22004;20;;;22019;12;22022;21;;;22013.0;0.0
9;16500;ASH_COATED_OSMIUM;9993;12;9990;14;;;10002;12;10003;27;;;9998.0;0.0
9;16500;INTARIAN_PEPPER_ROOT;22013;8;;;;;22021;9;;;;;22017.5;0.0
9;16600;ASH_COATED_OSMIUM;9988;14;9985;10;9984;14;10007;14;10010;12;10012;15;9998.0;0.0
9;16600;INTARIAN_PEPPER_ROOT;22010;8;22009;12;;;22023;11;22025;11;;;22016.5;0.0
9;16700;ASH_COATED_OSMIUM;9990;30;9988;15;;;10008;12;10009;12;;;9999.0;0.0
9;16700;INTARIAN_PEPPER_ROOT;22013;18;22010;11;;;22027;10;22029;12;;;22020.5;0.0
9;16800;ASH_COATED_OSMIUM;9988;27;9987;13;;;10009;26;10012;11;;;9999.0;0.0
9;16800;INTARIAN_PEPPER_ROOT;22012;11;22009;8;;;22024;21;22027;12;;;22018.5;0.0
9;16900;ASH_COATED_OSMIUM;9997;12;9996;11;9994;20;10013;15;10015;15;10018;14;10005.0;0.0
9;16900;INTARIAN_PEPPER_ROOT;22010;24;22007;21;;;22022;17;22024;16;;;22016.5;0.0
9;17000;ASH_COATED_OSMIUM;9994;15;9992;15;9990;14;10015;29;10018;10;10020;12;10005.0;0.0
9;17000;INTARIAN_PEPPER_ROOT;22015;16;22014;11;;;22018;11;22021;10;;;22017.0;0.0
9;17100;ASH_COATED_OSMIUM;9989;11;;;;;10008;10;;;;;9998.5;0.0
9;17100;INTARIAN_PEPPER_ROOT;22009;24;22006;9;;;22020;10;22023;10;;;22015.0;0.0
9;17200;ASH_COATED_OSMIUM;9990;15;9987;13;9984;15;10006;15;10009;11;10011;11;9998.5;0.0
9;17200;INTARIAN_PEPPER_ROOT;22013;24;;;;;22025;11;;;;;22019.0;0.0
9;17300;ASH_COATED_OSMIUM;9991;10;9990;12;9988;13;10007;15;10009;13;10011;10;9999.0;0.0
9;17300;INTARIAN_PEPPER_ROOT;22011;11;22010;10;;;22024;11;22025;9;;;22017.5;0.0
9;17400;ASH_COATED_OSMIUM;9991;15;9988;15;9987;13;10007;14;10009;15;10012;14;9999.5;0.0
9;17400;INTARIAN_PEPPER_ROOT;22011;10;22010;23;22007;11;22023;11;22026;15;22028;11;22017.5;0.0
9;17500;ASH_COATED_OSMIUM;9990;10;9988;14;;;10008;27;10009;11;;;9999.0;0.0
9;17500;INTARIAN_PEPPER_ROOT;22011;4;;;;;22023;15;;;;;22017.5;0.0
9;17600;ASH_COATED_OSMIUM;9988;15;;;;;10009;13;;;;;9999.0;0.0
9;17600;INTARIAN_PEPPER_ROOT;22013;22;;;;;22024;9;;;;;22018.5;0.0
9;17700;ASH_COATED_OSMIUM;9996;15;9995;15;;;10012;15;10015;12;;;10004.5;0.0
9;17700;INTARIAN_PEPPER_ROOT;22010;16;22009;10;22006;9;22022;11;22024;12;22027;19;22016.0;0.0
9;17800;ASH_COATED_OSMIUM;9996;10;9994;13;;;10012;12;10013;24;;;10004.5;0.0
9;17800;INTARIAN_PEPPER_ROOT;22007;11;22004;8;22003;24;22025;10;22027;19;22030;10;22016.0;0.0
9;17900;ASH_COATED_OSMIUM;9994;21;9992;20;9991;15;10004;12;10006;11;10009;28;9999.5;0.0
9;17900;INTARIAN_PEPPER_ROOT;22013;9;22012;8;;;22025;9;22026;10;;;22019.5;0.0
9;18000;ASH_COATED_OSMIUM;9995;13;9994;15;;;10004;12;10005;11;;;10000.0;0.0
9;18000;INTARIAN_PEPPER_ROOT;22007;19;22004;11;;;22018;12;22020;11;;;22013.0;0.0
9;18100;ASH_COATED_OSMIUM;9998;10;9996;12;;;10014;20;10015;22;;;10006.0;0.0
9;18100;INTARIAN_PEPPER_ROOT;22012;10;22009;12;;;22025;8;22027;20;;;22019.0;0.0
9;18200;ASH_COATED_OSMIUM;9992;10;9990;30;;;10008;14;10009;10;;;10000.5;0.0
9;18200;INTARIAN_PEPPER_ROOT;22007;10;;;;;22024;10;;;;;22015.5;0.0
9;18300;ASH_COATED_OSMIUM;9997;22;9995;29;9994;14;10015;13;10016;2;10017;15;10006.5;0.0
9;18300;INTARIAN_PEPPER_ROOT;22011;9;22010;9;22008;8;22025;12;22027;25;22029;9;22018.0;0.0
9;18400;ASH_COATED_OSMIUM;10002;15;9999;15;9998;14;10009;15;10012;10;10015;10;10005.5;0.0
9;18400;INTARIAN_PEPPER_ROOT;22012;10;;;;;22025;8;;;;;22019.0;0.0
9;18500;ASH_COATED_OSMIUM;9997;13;;;;;10013;15;;;;;10005.5;0.0
9;18500;INTARIAN_PEPPER_ROOT;22009;9;22006;12;;;22025;12;22028;8;;;22017.0;0.0
9;18600;ASH_COATED_OSMIUM;9998;10;9997;21;;;10014;14;10017;14;;;10006.0;0.0
9;18600;INTARIAN_PEPPER_ROOT;22011;10;;;;;22022;9;;;;;22016.5;0.0
9;18700;ASH_COATED_OSMIUM;9997;13;9996;11;9994;14;10013;13;10016;11;10018;15;10005.5;0.0
9;18700;INTARIAN_PEPPER_ROOT;22016;8;22015;9;;;22018;19;22021;12;;;22017.0;0.0
9;18800;ASH_COATED_OSMIUM;9992;11;;;;;10008;11;;;;;10000.5;0.0
9;18800;INTARIAN_PEPPER_ROOT;22008;15;22006;10;22003;12;22021;9;22022;24;22025;10;22015.0;0.0
9;18900;ASH_COATED_OSMIUM;9998;13;9997;20;;;10014;13;10017;15;;;10006.0;0.0
9;18900;INTARIAN_PEPPER_ROOT;22009;8;22006;12;22004;12;22022;11;22023;23;22025;15;22015.5;0.0
9;19000;ASH_COATED_OSMIUM;9993;11;9991;15;;;10009;14;10011;11;;;10001.0;0.0
9;19000;INTARIAN_PEPPER_ROOT;22009;11;22006;11;;;22024;10;22025;18;;;22016.5;0.0
9;19100;ASH_COATED_OSMIUM;9993;12;9992;27;;;10009;11;10010;13;;;10001.0;0.0
9;19100;INTARIAN_PEPPER_ROOT;22014;9;22011;8;;;22025;12;22027;12;;;22020.0;0.0
9;19200;ASH_COATED_OSMIUM;9993;24;9990;15;9988;10;10009;13;10012;12;10014;3;10001.0;0.0
9;19200;INTARIAN_PEPPER_ROOT;22012;8;22010;10;;;22024;12;22025;10;;;22018.5;0.0
9;19300;ASH_COATED_OSMIUM;9993;13;9991;13;;;10009;10;10011;15;;;10001.0;0.0
9;19300;INTARIAN_PEPPER_ROOT;22014;9;22013;10;;;22025;11;22026;17;;;22019.5;0.0
9;19400;ASH_COATED_OSMIUM;9997;11;9995;10;;;10016;13;10019;12;;;10007.0;0.0
9;19400;INTARIAN_PEPPER_ROOT;22011;10;;;;;22025;9;;;;;22018.5;0.0
9;19500;ASH_COATED_OSMIUM;9999;11;9996;13;;;10015;13;10018;15;;;10007.0;0.0
9;19500;INTARIAN_PEPPER_ROOT;22012;9;22009;10;;;22027;12;22028;9;;;22019.5;0.0
9;19600;ASH_COATED_OSMIUM;9998;15;9995;2;9994;13;10014;10;10016;13;10017;14;10006.0;0.0
9;19600;INTARIAN_PEPPER_ROOT;22012;8;;;;;22026;10;;;;;22019.5;0.0
9;19700;ASH_COATED_OSMIUM;9997;22;9994;10;9993;13;10016;27;10017;15;10018;13;10006.5;0.0
9;19700;INTARIAN_PEPPER_ROOT;22011;9;22008;22;22005;12;22026;8;22028;9;22030;8;22019.0;0.0
9;19800;ASH_COATED_OSMIUM;9998;14;9995;12;;;10014;15;10015;4;;;10006.5;0.0
9;19800;INTARIAN_PEPPER_ROOT;22011;12;22010;8;;;22026;18;22028;11;;;22019.0;0.0
9;19900;ASH_COATED_OSMIUM;9993;12;9990;10;9988;29;10009;24;10011;13;10014;10;10001.0;0.0
9;19900;INTARIAN_PEPPER_ROOT;22016;7;;;;;22029;10;;;;;22022.5;0.0
9;20000;ASH_COATED_OSMIUM;9998;12;9995;14;;;10014;27;10015;12;;;10006.0;0.0
9;20000;INTARIAN_PEPPER_ROOT;22015;8;22014;10;;;22028;10;22029;12;;;22022.0;0.0
9;20100;ASH_COATED_OSMIUM;10003;11;10000;11;9999;13;10008;14;10010;22;10012;11;10005.5;0.0
9;20100;INTARIAN_PEPPER_ROOT;22017;9;;;;;22030;11;;;;;22023.5;0.0
9;20200;ASH_COATED_OSMIUM;9997;12;9995;10;;;10013;25;10014;24;;;10005.5;0.0
9;20200;INTARIAN_PEPPER_ROOT;22015;12;22012;12;22011;11;22027;9;22028;10;22030;10;22021.5;0.0
9;20300;ASH_COATED_OSMIUM;9992;11;9990;14;;;10008;4;10009;12;;;10000.0;0.0
9;20300;INTARIAN_PEPPER_ROOT;22014;11;;;;;22028;8;;;;;22021.5;0.0
9;20400;ASH_COATED_OSMIUM;9997;12;;;;;10013;15;;;;;10005.5;0.0
9;20400;INTARIAN_PEPPER_ROOT;22011;11;22008;12;;;22028;9;22030;8;;;22020.0;0.0
9;20500;ASH_COATED_OSMIUM;9992;10;9990;12;;;10008;13;10010;11;;;10000.0;0.0
9;20500;INTARIAN_PEPPER_ROOT;22013;19;22012;15;22011;7;22027;8;22028;10;22030;9;22020.5;0.0
9;20600;ASH_COATED_OSMIUM;9991;13;;;;;10007;11;;;;;9999.5;0.0
9;20600;INTARIAN_PEPPER_ROOT;22016;12;;;;;22027;10;;;;;22022.0;0.0
9;20700;ASH_COATED_OSMIUM;9997;11;9994;11;;;10013;28;10016;12;;;10005.0;0.0
9;20700;INTARIAN_PEPPER_ROOT;22018;10;22015;10;22013;9;22032;8;22033;12;22034;8;22025.0;0.0
9;20800;ASH_COATED_OSMIUM;9996;14;9995;13;;;10015;14;10016;14;;;10005.5;0.0
9;20800;INTARIAN_PEPPER_ROOT;22015;12;22013;8;22011;12;22027;11;22029;17;22032;8;22021.5;0.0
9;20900;ASH_COATED_OSMIUM;9992;12;9990;12;9989;12;10008;15;10009;15;10012;13;10000.0;0.0
9;20900;INTARIAN_PEPPER_ROOT;22013;10;22012;10;;;22027;10;22029;11;;;22020.5;0.0
9;21000;ASH_COATED_OSMIUM;9994;12;;;;;10004;26;;;;;9999.5;0.0
9;21000;INTARIAN_PEPPER_ROOT;22018;11;22016;10;22014;11;22031;11;22033;25;22034;11;22024.5;0.0
9;21100;ASH_COATED_OSMIUM;9991;13;9989;11;9988;13;10007;23;10009;11;10012;13;9999.5;0.0
9;21100;INTARIAN_PEPPER_ROOT;22017;9;22015;8;;;22028;11;22030;23;;;22022.5;0.0
9;21200;ASH_COATED_OSMIUM;9995;11;9992;24;9991;10;10013;30;10015;13;10018;10;10004.5;0.0
9;21200;INTARIAN_PEPPER_ROOT;22011;10;;;;;22023;10;;;;;22017.5;0.0
9;21300;ASH_COATED_OSMIUM;9990;12;;;;;10008;14;;;;;9999.5;0.0
9;21300;INTARIAN_PEPPER_ROOT;22019;11;22017;10;22015;11;22031;12;22034;9;22036;25;22025.5;0.0
9;21400;ASH_COATED_OSMIUM;9991;24;;;;;10007;13;;;;;9999.5;0.0
9;21400;INTARIAN_PEPPER_ROOT;22009;8;;;;;22026;15;;;;;22017.5;0.0
9;21500;ASH_COATED_OSMIUM;9996;13;;;;;10012;15;;;;;10004.5;0.0
9;21500;INTARIAN_PEPPER_ROOT;22018;11;22015;21;;;22029;17;22031;8;;;22024.0;0.0
9;21600;ASH_COATED_OSMIUM;9989;15;9986;25;;;10010;12;10013;11;;;9999.5;0.0
9;21600;INTARIAN_PEPPER_ROOT;22017;10;22014;10;22013;8;22020;9;22021;9;22023;12;22018.5;0.0
9;21700;ASH_COATED_OSMIUM;9990;22;9988;14;9987;11;10008;13;10010;14;10011;13;9999.5;0.0
9;21700;INTARIAN_PEPPER_ROOT;22010;3;22008;8;22005;11;22023;10;22025;11;22028;10;22017.0;0.0
9;21800;ASH_COATED_OSMIUM;10002;13;10000;10;9999;14;10009;14;10010;6;10012;14;10005.5;0.0
9;21800;INTARIAN_PEPPER_ROOT;22021;10;22019;23;;;22024;12;22025;11;;;22023.0;0.0
9;21900;ASH_COATED_OSMIUM;9998;10;9997;23;;;10014;3;10015;14;;;10006.5;0.0
9;21900;INTARIAN_PEPPER_ROOT;22014;9;;;;;22027;12;;;;;22020.5;0.0
9;22000;ASH_COATED_OSMIUM;9999;11;9996;14;9994;11;10015;10;10018;13;10021;13;10007.0;0.0
9;22000;INTARIAN_PEPPER_ROOT;22015;17;;;;;22029;15;;;;;22022.0;0.0
9;22100;ASH_COATED_OSMIUM;9999;15;9997;10;9996;12;10015;12;10016;24;10017;13;10007.0;0.0
9;22100;INTARIAN_PEPPER_ROOT;22016;17;;;;;22028;5;;;;;22022.0;0.0
9;22200;ASH_COATED_OSMIUM;9994;15;9992;14;;;10010;12;10013;13;;;10002.5;0.0
9;22200;INTARIAN_PEPPER_ROOT;22019;12;22017;25;;;22031;11;22032;22;;;22025.5;0.0
9;22300;ASH_COATED_OSMIUM;9994;11;9991;15;;;10010;12;10013;12;;;10002.0;0.0
9;22300;INTARIAN_PEPPER_ROOT;22016;11;22015;20;;;22028;20;22031;12;;;22022.0;0.0
9;22400;ASH_COATED_OSMIUM;9999;10;9998;11;;;10015;12;10018;10;;;10007.0;0.0
9;22400;INTARIAN_PEPPER_ROOT;22015;9;22012;12;22010;12;22028;12;22030;12;22031;12;22021.5;0.0
9;22500;ASH_COATED_OSMIUM;9994;14;9993;13;;;10010;11;10011;21;;;10002.0;0.0
9;22500;INTARIAN_PEPPER_ROOT;22014;12;;;;;22027;5;;;;;22021.0;0.0
9;22600;ASH_COATED_OSMIUM;9994;11;9992;11;9991;12;10010;11;10012;13;10013;14;10002.0;0.0
9;22600;INTARIAN_PEPPER_ROOT;22015;10;;;;;22028;12;;;;;22021.5;0.0
9;22700;ASH_COATED_OSMIUM;9993;14;9992;12;9989;15;10011;14;10013;14;10014;14;10002.0;0.0
9;22700;INTARIAN_PEPPER_ROOT;22016;9;22015;24;22014;10;22028;16;22031;12;22033;10;22022.5;0.0
9;22800;ASH_COATED_OSMIUM;9997;11;9994;10;9993;12;10016;25;10017;10;10020;10;10007.0;0.0
9;22800;INTARIAN_PEPPER_ROOT;22011;10;22008;11;;;22024;19;22025;22;;;22017.5;0.0
9;22900;ASH_COATED_OSMIUM;9998;11;9995;11;;;10017;13;10020;10;;;10007.5;0.0
9;22900;INTARIAN_PEPPER_ROOT;22017;10;;;;;22032;10;;;;;22025.0;0.0
9;23000;ASH_COATED_OSMIUM;9994;15;;;;;10010;12;;;;;10002.0;0.0
9;23000;INTARIAN_PEPPER_ROOT;22019;12;22016;9;;;22030;5;22032;8;;;22024.5;0.0
9;23100;ASH_COATED_OSMIUM;9999;5;9998;15;;;10015;23;10018;10;;;10007.5;0.0
9;23100;INTARIAN_PEPPER_ROOT;22015;12;22012;9;22010;10;22031;10;22032;12;22033;9;22023.0;0.0
9;23200;ASH_COATED_OSMIUM;9999;10;;;;;10015;14;;;;;10007.0;0.0
9;23200;INTARIAN_PEPPER_ROOT;22015;10;22013;12;;;22028;18;22030;12;;;22022.0;0.0
9;23300;ASH_COATED_OSMIUM;9998;12;9995;11;;;10016;12;10017;14;;;10007.0;0.0
9;23300;INTARIAN_PEPPER_ROOT;22014;11;22011;12;;;22031;22;22032;8;;;22023.0;0.0
9;23400;ASH_COATED_OSMIUM;9994;13;9991;11;9988;11;10010;22;10012;12;10014;11;10002.0;0.0
9;23400;INTARIAN_PEPPER_ROOT;22013;11;22012;8;22011;8;22029;25;22030;12;22032;19;22021.5;0.0
9;23500;ASH_COATED_OSMIUM;10000;15;9997;13;;;10016;10;10017;14;;;10008.0;0.0
9;23500;INTARIAN_PEPPER_ROOT;22017;8;22016;10;22013;11;22029;9;22032;10;22035;11;22023.0;0.0
9;23600;ASH_COATED_OSMIUM;10000;30;9997;10;;;10016;11;10017;11;;;10008.0;0.0
9;23600;INTARIAN_PEPPER_ROOT;22019;8;22016;12;22013;9;22032;10;22034;11;22036;12;22025.5;0.0
9;23700;ASH_COATED_OSMIUM;10000;11;9999;14;9997;12;10016;10;10019;11;10021;15;10008.0;0.0
9;23700;INTARIAN_PEPPER_ROOT;22017;9;22015;10;22013;15;22031;25;22032;8;22035;11;22024.0;0.0
9;23800;ASH_COATED_OSMIUM;10000;5;9998;15;;;10016;2;10019;12;;;10008.5;0.0
9;23800;INTARIAN_PEPPER_ROOT;22012;12;22009;23;;;22032;8;22033;10;;;22022.5;0.0
9;23900;ASH_COATED_OSMIUM;9995;10;9994;10;;;10011;15;10012;14;;;10003.0;0.0
9;23900;INTARIAN_PEPPER_ROOT;22016;10;22015;24;;;22030;10;22031;12;;;22023.5;0.0
9;24000;ASH_COATED_OSMIUM;10002;20;;;;;10015;14;;;;;10008.5;0.0
9;24000;INTARIAN_PEPPER_ROOT;22017;12;22016;10;;;22030;11;22032;6;;;22023.5;0.0
9;24100;ASH_COATED_OSMIUM;10000;25;;;;;10016;14;;;;;10008.0;0.0
9;24100;INTARIAN_PEPPER_ROOT;22018;9;22017;9;22016;11;22030;18;22032;10;22034;11;22024.0;0.0
9;24200;ASH_COATED_OSMIUM;9999;15;9997;11;9995;15;10018;15;10019;12;10021;15;10008.5;0.0
9;24200;INTARIAN_PEPPER_ROOT;22018;9;22017;17;;;22034;20;22036;10;;;22026.5;0.0
9;24300;ASH_COATED_OSMIUM;9996;3;9993;12;;;10012;14;10013;13;;;10004.0;0.0
9;24300;INTARIAN_PEPPER_ROOT;22020;11;22017;8;22015;8;22034;12;22035;12;22037;9;22027.0;0.0
9;24400;ASH_COATED_OSMIUM;9999;15;;;;;10017;11;;;;;10008.5;0.0
9;24400;INTARIAN_PEPPER_ROOT;22016;8;22015;10;22012;9;22031;11;22032;8;22035;9;22023.5;0.0
9;24500;ASH_COATED_OSMIUM;9995;15;;;;;10011;14;;;;;10003.0;0.0
9;24500;INTARIAN_PEPPER_ROOT;22023;11;22022;9;22020;19;22036;12;22038;11;22039;10;22030.0;0.0
9;24600;ASH_COATED_OSMIUM;9995;14;9992;15;;;10011;13;10013;28;;;10003.0;0.0
9;24600;INTARIAN_PEPPER_ROOT;22017;11;;;;;22028;6;;;;;22023.0;0.0
9;24700;ASH_COATED_OSMIUM;9995;10;9994;24;9993;13;10011;15;10012;5;10015;14;10003.0;0.0
9;24700;INTARIAN_PEPPER_ROOT;22024;10;22022;10;;;22036;10;22039;12;;;22030.5;0.0
9;24800;ASH_COATED_OSMIUM;10000;11;9999;11;9997;10;10016;25;10019;10;10022;14;10008.0;0.0
9;24800;INTARIAN_PEPPER_ROOT;22018;9;22015;8;22012;9;22029;8;22031;9;22033;6;22023.5;0.0
9;24900;ASH_COATED_OSMIUM;9994;11;;;;;10010;12;;;;;10002.0;0.0
9;24900;INTARIAN_PEPPER_ROOT;22020;8;;;;;22032;10;;;;;22026.0;0.0
9;25000;ASH_COATED_OSMIUM;9999;14;9996;11;9994;11;10015;22;10018;21;10020;14;10007.0;0.0
9;25000;INTARIAN_PEPPER_ROOT;22015;8;22013;24;;;22029;9;22032;10;;;22022.5;0.0
9;25100;ASH_COATED_OSMIUM;9994;11;9992;10;;;10010;11;10012;24;;;10002.0;0.0
9;25100;INTARIAN_PEPPER_ROOT;22019;24;;;;;22031;12;;;;;22025.5;0.0
9;25200;ASH_COATED_OSMIUM;9997;29;9995;10;;;10016;15;10018;28;;;10007.0;0.0
9;25200;INTARIAN_PEPPER_ROOT;22021;10;;;;;22034;10;;;;;22027.5;0.0
9;25300;ASH_COATED_OSMIUM;9999;10;;;;;10015;10;;;;;10007.0;0.0
9;25300;INTARIAN_PEPPER_ROOT;22017;10;22016;10;;;22034;8;22036;9;;;22025.5;0.0
9;25400;ASH_COATED_OSMIUM;9999;15;;;;;10015;29;;;;;10007.0;0.0
9;25400;INTARIAN_PEPPER_ROOT;22020;12;22019;10;22018;15;22031;9;22032;8;22035;21;22026.0;0.0
9;25500;ASH_COATED_OSMIUM;9994;10;9991;14;;;10010;5;10013;12;;;10002.0;0.0
9;25500;INTARIAN_PEPPER_ROOT;22025;11;22022;9;22019;10;22038;6;22039;8;22040;9;22031.5;0.0
9;25600;ASH_COATED_OSMIUM;9997;12;9994;11;;;10016;20;10017;13;;;10007.0;0.0
9;25600;INTARIAN_PEPPER_ROOT;22020;11;22017;10;;;22034;8;22037;24;;;22027.5;0.0
9;25700;ASH_COATED_OSMIUM;9999;11;9998;21;;;10015;10;10017;12;;;10007.0;0.0
9;25700;INTARIAN_PEPPER_ROOT;22025;9;22022;9;22020;24;22028;9;22029;16;22031;16;22027.0;0.0
9;25800;ASH_COATED_OSMIUM;9999;11;9998;14;;;10015;26;10016;10;;;10007.0;0.0
9;25800;INTARIAN_PEPPER_ROOT;22020;8;;;;;22036;11;;;;;22028.0;0.0
9;25900;ASH_COATED_OSMIUM;9998;11;9997;12;;;10014;15;10016;3;;;10006.5;0.0
9;25900;INTARIAN_PEPPER_ROOT;22017;9;22016;12;22015;12;22030;24;22031;19;22032;12;22024.0;0.0
9;26000;ASH_COATED_OSMIUM;9998;14;;;;;10014;4;;;;;10006.0;0.0
9;26000;INTARIAN_PEPPER_ROOT;22017;22;;;;;22030;11;;;;;22024.0;0.0
9;26100;ASH_COATED_OSMIUM;9996;4;9995;12;9993;10;10014;10;10016;14;10018;15;10005.5;0.0
9;26100;INTARIAN_PEPPER_ROOT;22027;8;22024;12;;;22030;10;22032;8;;;22029.0;0.0
9;26200;ASH_COATED_OSMIUM;9997;12;9996;15;;;10013;10;10016;29;;;10005.5;0.0
9;26200;INTARIAN_PEPPER_ROOT;22017;11;22015;17;;;22030;8;22032;9;;;22024.0;0.0
9;26300;ASH_COATED_OSMIUM;9998;11;9996;15;9993;11;10014;15;10016;21;10018;10;10006.0;0.0
9;26300;INTARIAN_PEPPER_ROOT;22021;11;;;;;22035;24;;;;;22028.0;0.0
9;26400;ASH_COATED_OSMIUM;9992;14;9990;10;;;10008;12;10009;21;;;10000.5;0.0
9;26400;INTARIAN_PEPPER_ROOT;22017;8;22016;12;22014;11;22034;12;22035;11;22038;10;22026.0;0.0
9;26500;ASH_COATED_OSMIUM;9991;14;9988;22;;;10010;14;10012;11;;;10000.5;0.0
9;26500;INTARIAN_PEPPER_ROOT;22019;12;22017;10;;;22035;8;22037;11;;;22027.5;0.0
9;26600;ASH_COATED_OSMIUM;9997;13;9994;3;9993;13;10013;26;10015;10;10018;29;10005.0;0.0
9;26600;INTARIAN_PEPPER_ROOT;22020;17;22019;8;22016;8;22034;12;22037;9;22039;18;22027.5;0.0
9;26700;ASH_COATED_OSMIUM;9990;11;9987;12;;;10009;12;10011;4;;;9999.5;0.0
9;26700;INTARIAN_PEPPER_ROOT;22020;11;22017;10;;;22032;10;22033;8;;;22026.0;0.0
9;26800;ASH_COATED_OSMIUM;9999;15;9996;12;;;10010;12;10012;9;;;10005.0;0.0
9;26800;INTARIAN_PEPPER_ROOT;22022;10;22020;20;22017;17;22033;8;22035;20;22037;11;22027.5;0.0
9;26900;ASH_COATED_OSMIUM;9991;12;;;;;10007;11;;;;;9999.5;0.0
9;26900;INTARIAN_PEPPER_ROOT;22022;9;22020;8;;;22034;9;22037;12;;;22028.5;0.0
9;27000;ASH_COATED_OSMIUM;9991;12;9990;14;;;10007;29;10008;14;;;9999.0;0.0
9;27000;INTARIAN_PEPPER_ROOT;22019;19;22017;11;;;22031;10;22034;17;;;22025.0;0.0
9;27100;ASH_COATED_OSMIUM;9994;14;9993;14;;;10013;14;10014;23;;;10004.0;0.0
9;27100;INTARIAN_PEPPER_ROOT;22021;11;22018;8;22016;12;22033;12;22035;8;22036;11;22027.5;0.0
9;27200;ASH_COATED_OSMIUM;9996;11;9994;11;;;10012;15;10013;12;;;10004.5;0.0
9;27200;INTARIAN_PEPPER_ROOT;22020;12;;;;;22033;8;;;;;22026.5;0.0
9;27300;ASH_COATED_OSMIUM;9991;10;9989;11;;;10007;14;10008;22;;;9999.0;0.0
9;27300;INTARIAN_PEPPER_ROOT;22026;11;22023;11;22020;10;22030;9;22032;11;22033;11;22028.5;0.0
9;27400;ASH_COATED_OSMIUM;9994;10;9992;14;;;10004;21;10005;15;;;9999.0;0.0
9;27400;INTARIAN_PEPPER_ROOT;22025;8;22024;9;;;22038;10;22040;8;;;22031.5;0.0
9;27500;ASH_COATED_OSMIUM;10001;10;9998;15;9995;12;10008;12;10009;12;10010;13;10004.5;0.0
9;27500;INTARIAN_PEPPER_ROOT;22023;21;;;;;22038;8;;;;;22030.5;0.0
9;27600;ASH_COATED_OSMIUM;9991;13;9988;21;;;10007;14;10010;10;;;9999.5;0.0
9;27600;INTARIAN_PEPPER_ROOT;22022;10;22021;10;;;22035;12;22037;10;;;22029.0;0.0
9;27700;ASH_COATED_OSMIUM;9995;12;9994;15;9992;10;10004;14;10005;10;10006;15;9999.5;0.0
9;27700;INTARIAN_PEPPER_ROOT;22023;12;;;;;22031;11;;;;;22027.0;0.0
9;27800;ASH_COATED_OSMIUM;9991;13;9990;11;9988;15;10009;13;10012;15;10013;12;10000.0;0.0
9;27800;INTARIAN_PEPPER_ROOT;22019;12;22018;12;22017;8;22032;10;22035;12;22037;8;22025.5;0.0
9;27900;ASH_COATED_OSMIUM;9997;4;9995;14;;;10013;10;10015;14;;;10005.0;0.0
9;27900;INTARIAN_PEPPER_ROOT;22019;9;22017;24;22015;9;22033;9;22034;11;22037;11;22026.5;0.0
9;28000;ASH_COATED_OSMIUM;9993;15;9990;10;;;10006;11;10007;12;;;10000.0;0.0
9;28000;INTARIAN_PEPPER_ROOT;22020;21;22017;24;;;22031;11;22033;8;;;22025.5;0.0
9;28100;ASH_COATED_OSMIUM;9997;12;9994;13;9991;14;10013;25;10014;26;10015;14;10005.5;0.0
9;28100;INTARIAN_PEPPER_ROOT;22021;11;22018;9;22016;22;22038;11;22039;9;22040;10;22030.0;0.0
9;28200;ASH_COATED_OSMIUM;9992;20;;;;;10008;12;;;;;10000.0;0.0
9;28200;INTARIAN_PEPPER_ROOT;22022;10;22020;11;;;22034;17;22035;12;;;22028.0;0.0
9;28300;ASH_COATED_OSMIUM;9991;10;9990;12;;;10009;12;10012;15;;;10000.5;0.0
9;28300;INTARIAN_PEPPER_ROOT;22023;8;22022;7;;;22036;10;22039;10;;;22030.0;0.0
9;28400;ASH_COATED_OSMIUM;9991;15;9989;12;9986;14;10010;29;10012;30;10013;11;10001.0;0.0
9;28400;INTARIAN_PEPPER_ROOT;22024;9;22021;8;;;22037;12;22038;9;;;22030.5;0.0
9;28500;ASH_COATED_OSMIUM;9991;10;;;;;10010;11;;;;;10001.0;0.0
9;28500;INTARIAN_PEPPER_ROOT;22016;9;22014;12;;;22030;20;22033;12;;;22023.5;0.0
9;28600;ASH_COATED_OSMIUM;9992;10;9989;11;9988;14;10010;10;10013;11;10014;11;10001.0;0.0
9;28600;INTARIAN_PEPPER_ROOT;22022;10;;;;;22035;11;;;;;22029.0;0.0
9;28700;ASH_COATED_OSMIUM;9996;12;9993;28;;;10015;14;10017;10;;;10006.0;0.0
9;28700;INTARIAN_PEPPER_ROOT;22023;18;22021;20;;;22034;9;22035;12;;;22029.0;0.0
9;28800;ASH_COATED_OSMIUM;9993;15;;;;;10009;15;;;;;10001.0;0.0
9;28800;INTARIAN_PEPPER_ROOT;22020;9;22017;10;22016;12;22036;10;22039;11;22042;21;22028.5;0.0
9;28900;ASH_COATED_OSMIUM;9998;10;9995;20;9994;10;10014;12;10016;11;10017;20;10006.0;0.0
9;28900;INTARIAN_PEPPER_ROOT;22022;10;;;;;22034;11;;;;;22028.5;0.0
9;29000;ASH_COATED_OSMIUM;9994;12;9992;14;;;10007;11;10010;24;;;10000.5;0.0
9;29000;INTARIAN_PEPPER_ROOT;22021;11;22018;11;;;22034;18;22036;12;;;22028.0;0.0
9;29100;ASH_COATED_OSMIUM;9993;12;;;;;10009;10;;;;;10001.0;0.0
9;29100;INTARIAN_PEPPER_ROOT;22026;11;;;;;22042;9;;;;;22034.0;0.0
9;29200;ASH_COATED_OSMIUM;9992;13;9989;15;9986;15;10008;14;10011;10;10014;22;10000.5;0.0
9;29200;INTARIAN_PEPPER_ROOT;22025;11;;;;;22039;23;;;;;22032.5;0.0
9;29300;ASH_COATED_OSMIUM;9992;10;9991;12;;;10008;28;10011;24;;;10000.5;0.0
9;29300;INTARIAN_PEPPER_ROOT;22023;16;;;;;22036;11;;;;;22030.0;0.0
9;29400;ASH_COATED_OSMIUM;9992;10;9990;10;;;10008;13;10009;13;;;10000.0;0.0
9;29400;INTARIAN_PEPPER_ROOT;22024;22;22023;23;22020;10;22037;9;22039;11;22041;20;22030.5;0.0
9;29500;ASH_COATED_OSMIUM;9997;4;9996;10;;;10013;10;10016;11;;;10005.0;0.0
9;29500;INTARIAN_PEPPER_ROOT;22022;10;22021;8;22018;11;22037;11;22040;11;22041;25;22029.5;0.0
9;29600;ASH_COATED_OSMIUM;9992;10;;;;;10008;11;;;;;10000.0;0.0
9;29600;INTARIAN_PEPPER_ROOT;22021;22;22020;9;;;22035;11;22038;8;;;22028.5;0.0
9;29700;ASH_COATED_OSMIUM;10001;30;9998;13;;;10008;10;10009;28;;;10005.0;0.0
9;29700;INTARIAN_PEPPER_ROOT;22023;8;22022;8;;;22036;10;22038;8;;;22030.0;0.0
9;29800;ASH_COATED_OSMIUM;9997;20;9994;25;;;10013;12;10014;12;;;10005.5;0.0
9;29800;INTARIAN_PEPPER_ROOT;22020;12;22018;12;22016;10;22037;12;22038;9;22040;18;22029.0;0.0
9;29900;ASH_COATED_OSMIUM;9991;13;9989;14;9987;15;10009;10;10010;12;10011;9;10000.5;0.0
9;29900;INTARIAN_PEPPER_ROOT;22022;11;22020;9;;;22038;15;22039;12;;;22030.5;0.0
9;30000;ASH_COATED_OSMIUM;9992;12;9989;10;;;10008;10;10009;14;;;10000.5;0.0
9;30000;INTARIAN_PEPPER_ROOT;22023;10;22020;12;;;22037;10;22039;9;;;22030.0;0.0
9;30100;ASH_COATED_OSMIUM;10001;14;;;;;10011;13;;;;;10006.0;0.0
9;30100;INTARIAN_PEPPER_ROOT;22028;19;22026;4;;;22044;11;22045;10;;;22036.5;0.0
9;30200;ASH_COATED_OSMIUM;9992;15;9989;12;9986;15;10008;15;10011;14;10013;24;10000.0;0.0
9;30200;INTARIAN_PEPPER_ROOT;22023;8;22021;11;;;22036;8;22037;16;;;22030.0;0.0
9;30300;ASH_COATED_OSMIUM;9997;22;;;;;10013;11;;;;;10005.5;0.0
9;30300;INTARIAN_PEPPER_ROOT;22024;9;22021;9;;;22039;7;22042;11;;;22031.5;0.0
9;30400;ASH_COATED_OSMIUM;9990;14;9989;11;;;10009;14;10010;12;;;10000.0;0.0
9;30400;INTARIAN_PEPPER_ROOT;22023;10;22021;11;;;22036;11;22037;22;;;22030.0;0.0
9;30500;ASH_COATED_OSMIUM;9997;15;9996;30;;;10013;12;10015;28;;;10005.5;0.0
9;30500;INTARIAN_PEPPER_ROOT;22023;3;;;;;22037;10;;;;;22030.0;0.0
9;30600;ASH_COATED_OSMIUM;9995;12;;;;;10014;14;;;;;10005.0;0.0
9;30600;INTARIAN_PEPPER_ROOT;22019;8;22017;8;22016;11;22038;22;22041;10;22043;8;22029.0;0.0
9;30700;ASH_COATED_OSMIUM;9995;12;9994;13;9992;12;10013;11;10014;14;10015;22;10004.5;0.0
9;30700;INTARIAN_PEPPER_ROOT;22018;8;;;;;22035;8;;;;;22027.0;0.0
9;30800;ASH_COATED_OSMIUM;9992;14;9991;26;9990;11;10008;15;10009;10;10012;12;10000.0;0.0
9;30800;INTARIAN_PEPPER_ROOT;22026;10;;;;;22037;8;;;;;22032.0;0.0
9;30900;ASH_COATED_OSMIUM;9990;9;;;;;10008;15;;;;;9999.5;0.0
9;30900;INTARIAN_PEPPER_ROOT;22023;10;22022;9;;;22036;11;22037;10;;;22030.0;0.0
9;31000;ASH_COATED_OSMIUM;9998;12;;;;;10011;11;;;;;10005.0;0.0
9;31000;INTARIAN_PEPPER_ROOT;22023;21;;;;;22036;11;;;;;22030.0;0.0
9;31100;ASH_COATED_OSMIUM;9996;15;9993;11;9991;14;10014;14;10016;13;10018;10;10005.5;0.0
9;31100;INTARIAN_PEPPER_ROOT;22027;9;;;;;22040;10;;;;;22033.5;0.0
9;31200;ASH_COATED_OSMIUM;9997;11;9996;10;;;10013;12;10015;23;;;10005.5;0.0
9;31200;INTARIAN_PEPPER_ROOT;22029;8;22027;15;22025;8;22041;11;22043;9;22044;8;22035.0;0.0
9;31300;ASH_COATED_OSMIUM;9992;10;;;;;10008;12;;;;;10000.5;0.0
9;31300;INTARIAN_PEPPER_ROOT;22027;9;22024;21;22023;11;22038;15;22040;11;22042;16;22033.0;0.0
9;31400;ASH_COATED_OSMIUM;9994;11;;;;;10006;26;;;;;10000.0;0.0
9;31400;INTARIAN_PEPPER_ROOT;22014;10;;;;;22031;17;;;;;22023.0;0.0
9;31500;ASH_COATED_OSMIUM;9991;13;;;;;10007;20;;;;;9999.0;0.0
9;31500;INTARIAN_PEPPER_ROOT;22024;23;22021;16;;;22038;12;22039;12;;;22031.5;0.0
9;31600;ASH_COATED_OSMIUM;9996;23;9993;11;;;10012;12;10013;13;;;10004.0;0.0
9;31600;INTARIAN_PEPPER_ROOT;22026;11;22023;11;;;22039;10;22040;11;;;22032.5;0.0
9;31700;ASH_COATED_OSMIUM;9996;13;;;;;10012;10;;;;;10004.0;0.0
9;31700;INTARIAN_PEPPER_ROOT;22021;20;22019;20;22016;8;22036;18;22039;25;22040;8;22029.0;0.0
9;31800;ASH_COATED_OSMIUM;9991;13;9990;14;;;10007;12;10008;15;;;9999.0;0.0
9;31800;INTARIAN_PEPPER_ROOT;22023;15;22022;10;22021;10;22037;11;22038;9;22039;6;22030.5;0.0
9;31900;ASH_COATED_OSMIUM;9995;27;9993;14;;;10013;11;10015;28;;;10004.0;0.0
9;31900;INTARIAN_PEPPER_ROOT;22024;8;22022;11;;;22040;9;22043;12;;;22032.0;0.0
9;32000;ASH_COATED_OSMIUM;9999;30;9998;14;;;10009;11;10011;15;;;10004.0;0.0
9;32000;INTARIAN_PEPPER_ROOT;22023;8;22021;12;22018;25;22037;11;22040;12;22042;10;22030.0;0.0
9;32100;ASH_COATED_OSMIUM;9990;10;;;;;10006;14;;;;;9998.5;0.0
9;32100;INTARIAN_PEPPER_ROOT;22025;16;22024;12;;;22036;12;22039;8;;;22031.0;0.0
9;32200;ASH_COATED_OSMIUM;9990;10;9989;13;;;10006;10;10009;13;;;9998.0;0.0
9;32200;INTARIAN_PEPPER_ROOT;22023;16;22022;24;;;22039;17;22042;11;;;22031.5;0.0
9;32300;ASH_COATED_OSMIUM;9990;21;9989;14;;;10006;13;10007;10;;;9998.5;0.0
9;32300;INTARIAN_PEPPER_ROOT;22024;9;;;;;22037;12;;;;;22031.0;0.0
9;32400;ASH_COATED_OSMIUM;9996;13;9995;13;;;10012;12;10014;13;;;10004.0;0.0
9;32400;INTARIAN_PEPPER_ROOT;22023;12;;;;;22036;12;;;;;22029.5;0.0
9;32500;ASH_COATED_OSMIUM;9996;12;9995;12;;;10012;14;10014;11;;;10004.5;0.0
9;32500;INTARIAN_PEPPER_ROOT;22025;12;;;;;22037;12;;;;;22031.0;0.0
9;32600;ASH_COATED_OSMIUM;9995;15;9994;12;9992;25;10013;10;10014;10;10016;13;10004.5;0.0
9;32600;INTARIAN_PEPPER_ROOT;22029;8;22027;16;;;22040;12;22042;12;;;22035.0;0.0
9;32700;ASH_COATED_OSMIUM;9995;14;;;;;10014;12;;;;;10004.5;0.0
9;32700;INTARIAN_PEPPER_ROOT;22024;11;22021;10;22020;8;22036;12;22039;8;22042;10;22030.5;0.0
9;32800;ASH_COATED_OSMIUM;10000;22;9998;13;;;10011;29;10012;11;;;10005.5;0.0
9;32800;INTARIAN_PEPPER_ROOT;22026;12;;;;;22038;15;;;;;22032.5;0.0
9;32900;ASH_COATED_OSMIUM;9997;10;;;;;10013;22;;;;;10005.5;0.0
9;32900;INTARIAN_PEPPER_ROOT;22023;11;22022;16;;;22040;12;22041;12;;;22032.0;0.0
9;33000;ASH_COATED_OSMIUM;9997;14;9996;10;;;10013;13;10015;6;;;10005.5;0.0
9;33000;INTARIAN_PEPPER_ROOT;22024;11;;;;;22038;9;;;;;22031.5;0.0
9;33100;ASH_COATED_OSMIUM;9991;14;9990;15;;;10009;13;10011;11;;;10000.0;0.0
9;33100;INTARIAN_PEPPER_ROOT;22023;12;;;;;22037;8;;;;;22030.5;0.0
9;33200;ASH_COATED_OSMIUM;9992;12;9989;14;9988;12;10008;11;10011;28;10013;11;10000.0;0.0
9;33200;INTARIAN_PEPPER_ROOT;22026;11;;;;;22043;8;;;;;22035.0;0.0
9;33300;ASH_COATED_OSMIUM;10002;15;10001;13;10000;15;10007;10;10009;10;10011;11;10005.0;0.0
9;33300;INTARIAN_PEPPER_ROOT;22025;19;22023;9;;;22036;10;22038;10;;;22031.0;0.0
9;33400;ASH_COATED_OSMIUM;9992;13;9990;14;;;10008;14;10009;10;;;10000.0;0.0
9;33400;INTARIAN_PEPPER_ROOT;22025;12;;;;;22041;9;;;;;22033.0;0.0
9;33500;ASH_COATED_OSMIUM;10000;11;9998;20;9995;10;10011;12;10014;20;10016;15;10005.5;0.0
9;33500;INTARIAN_PEPPER_ROOT;22025;8;22023;10;;;22038;9;22039;12;;;22031.5;0.0
9;33600;ASH_COATED_OSMIUM;9997;13;;;;;10013;14;;;;;10005.5;0.0
9;33600;INTARIAN_PEPPER_ROOT;22031;8;22029;17;;;22043;24;22045;9;;;22037.0;0.0
9;33700;ASH_COATED_OSMIUM;9992;15;;;;;10008;14;;;;;10000.0;0.0
9;33700;INTARIAN_PEPPER_ROOT;22028;23;22025;9;;;22043;10;22044;12;;;22036.0;0.0
9;33800;ASH_COATED_OSMIUM;9992;11;9990;30;;;10008;13;10010;14;;;10000.0;0.0
9;33800;INTARIAN_PEPPER_ROOT;22025;10;22022;8;22019;10;22042;9;22044;11;22047;8;22034.0;0.0
9;33900;ASH_COATED_OSMIUM;9992;10;9989;11;;;10008;15;10009;11;;;10000.5;0.0
9;33900;INTARIAN_PEPPER_ROOT;22031;16;;;;;22035;9;;;;;22033.5;0.0
9;34000;ASH_COATED_OSMIUM;9990;14;9989;14;;;10009;24;10012;13;;;10000.0;0.0
9;34000;INTARIAN_PEPPER_ROOT;22027;12;22024;11;;;22043;12;22045;8;;;22035.5;0.0
9;34100;ASH_COATED_OSMIUM;10000;13;9999;10;9998;14;10010;12;10013;26;10015;14;10005.0;0.0
9;34100;INTARIAN_PEPPER_ROOT;22027;24;;;;;22041;11;;;;;22034.0;0.0
9;34200;ASH_COATED_OSMIUM;9992;14;9990;12;9987;7;10008;13;10009;11;10010;11;10000.0;0.0
9;34200;INTARIAN_PEPPER_ROOT;22028;9;22026;10;22023;12;22040;9;22041;19;22042;12;22034.0;0.0
9;34300;ASH_COATED_OSMIUM;9996;13;9995;15;9994;6;10015;30;10018;15;10019;14;10006.0;0.0
9;34300;INTARIAN_PEPPER_ROOT;22028;8;22025;11;;;22042;9;22044;10;;;22035.5;0.0
9;34400;ASH_COATED_OSMIUM;9992;13;9989;12;;;10008;15;10011;15;;;10000.5;0.0
9;34400;INTARIAN_PEPPER_ROOT;22030;12;22028;12;;;22042;25;22045;24;;;22036.5;0.0
9;34500;ASH_COATED_OSMIUM;9992;11;9991;14;9988;10;10008;8;10009;21;10012;10;10000.5;0.0
9;34500;INTARIAN_PEPPER_ROOT;22026;15;22025;16;;;22041;10;22043;9;;;22034.0;0.0
9;34600;ASH_COATED_OSMIUM;9992;11;9989;12;9988;15;10008;12;10009;14;10010;15;10000.0;0.0
9;34600;INTARIAN_PEPPER_ROOT;22029;12;22026;12;;;22041;8;22043;12;;;22035.5;0.0
9;34700;ASH_COATED_OSMIUM;9992;15;;;;;10008;15;;;;;10000.5;0.0
9;34700;INTARIAN_PEPPER_ROOT;22031;11;22030;9;22029;12;22044;9;22046;11;22049;9;22037.5;0.0
9;34800;ASH_COATED_OSMIUM;9996;10;;;;;10015;15;;;;;10005.5;0.0
9;34800;INTARIAN_PEPPER_ROOT;22036;12;22034;10;;;22039;9;22042;12;;;22037.5;0.0
9;34900;ASH_COATED_OSMIUM;9991;11;;;;;10009;12;;;;;10000.5;0.0
9;34900;INTARIAN_PEPPER_ROOT;22028;12;22025;8;22024;11;22044;10;22046;8;22048;10;22036.5;0.0
9;35000;ASH_COATED_OSMIUM;9991;10;9989;11;9988;13;10010;21;10012;12;10014;10;10001.0;0.0
9;35000;INTARIAN_PEPPER_ROOT;22030;10;22029;12;22027;18;22046;10;22048;11;22049;9;22038.5;0.0
9;35100;ASH_COATED_OSMIUM;9994;12;9993;11;;;10005;13;10007;12;;;10000.0;0.0
9;35100;INTARIAN_PEPPER_ROOT;22030;8;22027;9;22025;12;22043;20;22045;8;22048;8;22036.5;0.0
9;35200;ASH_COATED_OSMIUM;9996;15;9994;10;9993;10;10014;14;10015;15;10018;15;10005.5;0.0
9;35200;INTARIAN_PEPPER_ROOT;22030;9;;;;;22044;8;;;;;22037.0;0.0
9;35300;ASH_COATED_OSMIUM;9996;15;;;;;10015;10;;;;;10006.0;0.0
9;35300;INTARIAN_PEPPER_ROOT;22027;10;22026;8;22023;11;22040;8;22041;11;22043;8;22033.5;0.0
9;35400;ASH_COATED_OSMIUM;9999;11;9997;15;;;10012;14;10015;12;;;10006.0;0.0
9;35400;INTARIAN_PEPPER_ROOT;22028;8;22025;8;;;22041;10;22042;11;;;22035.0;0.0
9;35500;ASH_COATED_OSMIUM;9992;11;9991;14;;;10008;11;10011;11;;;10000.5;0.0
9;35500;INTARIAN_PEPPER_ROOT;22025;11;22022;11;22019;15;22037;19;22038;18;22041;9;22031.0;0.0
9;35600;ASH_COATED_OSMIUM;9992;10;9990;13;;;10008;12;10009;11;;;10000.5;0.0
9;35600;INTARIAN_PEPPER_ROOT;22029;9;;;;;22043;8;;;;;22036.0;0.0
9;35700;ASH_COATED_OSMIUM;9991;14;;;;;10010;15;;;;;10000.5;0.0
9;35700;INTARIAN_PEPPER_ROOT;22028;11;;;;;22042;9;;;;;22035.0;0.0
9;35800;ASH_COATED_OSMIUM;9990;13;9989;15;;;10009;12;10012;10;;;10000.0;0.0
9;35800;INTARIAN_PEPPER_ROOT;22031;12;22029;10;;;22043;12;22045;24;;;22037.0;0.0
9;35900;ASH_COATED_OSMIUM;9997;14;;;;;10013;26;;;;;10005.5;0.0
9;35900;INTARIAN_PEPPER_ROOT;22027;8;22025;12;;;22040;12;22043;10;;;22033.5;0.0
9;36000;ASH_COATED_OSMIUM;9991;13;9990;12;;;10009;11;10011;11;;;10000.5;0.0
9;36000;INTARIAN_PEPPER_ROOT;22025;9;;;;;22040;21;;;;;22033.0;0.0
9;36100;ASH_COATED_OSMIUM;9992;12;9991;11;;;10008;11;10010;15;;;10000.0;0.0
9;36100;INTARIAN_PEPPER_ROOT;22030;11;22027;9;22024;9;22043;11;22044;8;22047;9;22036.5;0.0
9;36200;ASH_COATED_OSMIUM;9997;14;9995;11;9992;15;10013;10;10016;11;10018;21;10005.5;0.0
9;36200;INTARIAN_PEPPER_ROOT;22028;12;;;;;22039;8;;;;;22033.5;0.0
9;36300;ASH_COATED_OSMIUM;9996;10;9995;12;9994;11;10012;12;10013;21;10014;11;10004.5;0.0
9;36300;INTARIAN_PEPPER_ROOT;22032;8;;;;;22045;12;;;;;22039.0;0.0
9;36400;ASH_COATED_OSMIUM;9995;13;9992;11;;;10013;10;10016;23;;;10004.0;0.0
9;36400;INTARIAN_PEPPER_ROOT;22035;12;22033;9;;;22050;21;22051;9;;;22043.0;0.0
9;36500;ASH_COATED_OSMIUM;9991;23;9988;13;;;10007;24;10008;12;;;9999.0;0.0
9;36500;INTARIAN_PEPPER_ROOT;22028;19;;;;;22039;11;;;;;22033.5;0.0
9;36600;ASH_COATED_OSMIUM;9990;15;9989;8;;;10008;13;10011;12;;;9999.5;0.0
9;36600;INTARIAN_PEPPER_ROOT;22028;9;22025;10;;;22041;11;22042;8;;;22034.5;0.0
9;36700;ASH_COATED_OSMIUM;9991;10;;;;;10009;11;;;;;10000.0;0.0
9;36700;INTARIAN_PEPPER_ROOT;22033;17;22031;10;22030;17;22047;9;22048;8;22050;5;22040.0;0.0
9;36800;ASH_COATED_OSMIUM;9991;14;9989;11;;;10007;14;10008;15;;;9999.5;0.0
9;36800;INTARIAN_PEPPER_ROOT;22033;11;22030;11;;;22045;9;22047;11;;;22039.5;0.0
9;36900;ASH_COATED_OSMIUM;9991;11;;;;;10007;4;;;;;9999.5;0.0
9;36900;INTARIAN_PEPPER_ROOT;22029;12;22028;15;;;22043;11;22044;9;;;22036.5;0.0
9;37000;ASH_COATED_OSMIUM;9991;13;;;;;10009;27;;;;;10000.0;0.0
9;37000;INTARIAN_PEPPER_ROOT;22031;8;;;;;22045;8;;;;;22038.0;0.0
9;37100;ASH_COATED_OSMIUM;9989;10;;;;;10010;11;;;;;9999.5;0.0
9;37100;INTARIAN_PEPPER_ROOT;22031;10;;;;;22043;23;;;;;22037.5;0.0
9;37200;ASH_COATED_OSMIUM;9995;15;9994;13;;;10014;2;10017;10;;;10004.5;0.0
9;37200;INTARIAN_PEPPER_ROOT;22030;8;22029;10;22028;11;22043;9;22044;8;22046;15;22037.0;0.0
9;37300;ASH_COATED_OSMIUM;9995;13;9993;4;9992;29;10013;11;10014;11;10015;27;10004.5;0.0
9;37300;INTARIAN_PEPPER_ROOT;22031;18;22030;8;22028;8;22044;10;22045;16;22046;11;22037.5;0.0
9;37400;ASH_COATED_OSMIUM;9999;14;9998;12;;;10009;11;10012;13;;;10004.0;0.0
9;37400;INTARIAN_PEPPER_ROOT;22035;9;;;;;22049;25;;;;;22042.5;0.0
9;37500;ASH_COATED_OSMIUM;9988;15;9987;14;9984;12;10007;13;10009;7;10010;12;9998.0;0.0
9;37500;INTARIAN_PEPPER_ROOT;22032;8;22029;24;22027;25;22043;12;22046;8;22048;9;22037.5;0.0
9;37600;ASH_COATED_OSMIUM;9995;11;9993;21;;;10011;13;10013;10;;;10003.0;0.0
9;37600;INTARIAN_PEPPER_ROOT;22030;10;22029;10;;;22045;12;22047;10;;;22038.0;0.0
9;37700;ASH_COATED_OSMIUM;9990;30;9988;24;;;10006;15;10009;11;;;9998.0;0.0
9;37700;INTARIAN_PEPPER_ROOT;22028;12;;;;;22041;15;;;;;22035.0;0.0
9;37800;ASH_COATED_OSMIUM;9989;14;9988;10;9987;10;10007;15;10009;14;10010;20;9998.0;0.0
9;37800;INTARIAN_PEPPER_ROOT;22036;10;22035;12;22034;19;22047;12;22050;16;22052;12;22042.0;0.0
9;37900;ASH_COATED_OSMIUM;9993;14;9991;11;9989;12;10002;14;10003;14;10005;14;9998.0;0.0
9;37900;INTARIAN_PEPPER_ROOT;22033;8;22032;8;;;22046;8;22047;10;;;22039.5;0.0
9;38000;ASH_COATED_OSMIUM;9995;12;9993;12;;;10011;10;10014;12;;;10003.0;0.0
9;38000;INTARIAN_PEPPER_ROOT;22033;11;22031;24;22029;9;22046;10;22047;9;22050;12;22040.0;0.0
9;38100;ASH_COATED_OSMIUM;9995;11;9993;14;;;10011;14;10014;11;;;10003.0;0.0
9;38100;INTARIAN_PEPPER_ROOT;22034;11;;;;;22046;9;;;;;22040.5;0.0
9;38200;ASH_COATED_OSMIUM;9989;4;;;;;10005;12;;;;;9997.5;0.0
9;38200;INTARIAN_PEPPER_ROOT;22039;8;;;;;22042;10;;;;;22041.0;0.0
9;38300;ASH_COATED_OSMIUM;9993;10;9990;14;;;10011;11;10012;12;;;10002.5;0.0
9;38300;INTARIAN_PEPPER_ROOT;22033;9;22032;10;;;22047;10;22049;11;;;22040.0;0.0
9;38400;ASH_COATED_OSMIUM;9995;11;9994;11;9993;13;10011;25;10012;10;10014;28;10003.0;0.0
9;38400;INTARIAN_PEPPER_ROOT;22033;10;22030;23;;;22044;11;22045;10;;;22039.0;0.0
9;38500;ASH_COATED_OSMIUM;9990;10;9988;12;;;10006;25;10009;10;;;9998.0;0.0
9;38500;INTARIAN_PEPPER_ROOT;22032;8;22031;8;22030;12;22050;8;22053;9;22056;9;22041.0;0.0
9;38600;ASH_COATED_OSMIUM;9996;23;9994;11;;;10012;10;10015;14;;;10004.0;0.0
9;38600;INTARIAN_PEPPER_ROOT;22030;19;;;;;22046;9;;;;;22038.5;0.0
9;38700;ASH_COATED_OSMIUM;9990;11;;;;;10006;13;;;;;9998.5;0.0
9;38700;INTARIAN_PEPPER_ROOT;22029;25;22028;8;22025;11;22049;25;22052;12;22053;9;22039.5;0.0
9;38800;ASH_COATED_OSMIUM;9991;13;;;;;10007;10;;;;;9999.0;0.0
9;38800;INTARIAN_PEPPER_ROOT;22031;11;;;;;22045;11;;;;;22038.5;0.0
9;38900;ASH_COATED_OSMIUM;9990;10;;;;;10006;12;;;;;9998.5;0.0
9;38900;INTARIAN_PEPPER_ROOT;22031;11;22029;11;;;22044;17;22045;12;;;22038.0;0.0
9;39000;ASH_COATED_OSMIUM;9992;6;9991;14;;;10013;11;10015;14;;;10003.0;0.0
9;39000;INTARIAN_PEPPER_ROOT;22036;12;22034;8;22033;9;22041;11;22042;12;22043;8;22039.0;0.0
9;39100;ASH_COATED_OSMIUM;9994;10;;;;;10001;12;;;;;9998.0;0.0
9;39100;INTARIAN_PEPPER_ROOT;22027;10;;;;;22039;11;;;;;22033.5;0.0
9;39200;ASH_COATED_OSMIUM;9993;11;;;;;10009;12;;;;;10001.5;0.0
9;39200;INTARIAN_PEPPER_ROOT;22034;16;22032;10;;;22047;19;22049;10;;;22040.5;0.0
9;39300;ASH_COATED_OSMIUM;9991;13;;;;;10001;11;;;;;9996.5;0.0
9;39300;INTARIAN_PEPPER_ROOT;22032;17;22031;12;22028;12;22045;11;22046;8;22047;11;22038.5;0.0
9;39400;ASH_COATED_OSMIUM;9987;14;;;;;10003;2;;;;;9995.5;0.0
9;39400;INTARIAN_PEPPER_ROOT;22031;11;22028;10;;;22044;21;22047;17;;;22038.0;0.0
9;39500;ASH_COATED_OSMIUM;9993;15;;;;;10009;25;;;;;10001.0;0.0
9;39500;INTARIAN_PEPPER_ROOT;22033;18;;;;;22045;8;;;;;22039.5;0.0
9;39600;ASH_COATED_OSMIUM;9989;27;;;;;10002;15;;;;;9996.0;0.0
9;39600;INTARIAN_PEPPER_ROOT;22038;8;22036;10;22034;10;22041;10;22042;9;22044;20;22040.0;0.0
9;39700;ASH_COATED_OSMIUM;9993;14;9992;13;9991;30;10009;11;10010;15;10013;12;10001.0;0.0
9;39700;INTARIAN_PEPPER_ROOT;22030;10;22028;12;;;22044;10;22046;21;;;22037.5;0.0
9;39800;ASH_COATED_OSMIUM;9988;14;9985;10;9983;5;10004;14;10007;15;10010;10;9996.0;0.0
9;39800;INTARIAN_PEPPER_ROOT;22031;11;22030;9;;;22044;25;22047;11;;;22037.5;0.0
9;39900;ASH_COATED_OSMIUM;9994;24;9991;13;;;10010;11;10011;13;;;10002.5;0.0
9;39900;INTARIAN_PEPPER_ROOT;22031;12;22030;11;;;22045;8;22046;12;;;22038.5;0.0
9;40000;ASH_COATED_OSMIUM;9994;12;9993;13;;;10010;14;10011;13;;;10002.0;0.0
9;40000;INTARIAN_PEPPER_ROOT;22031;12;;;;;22045;10;;;;;22038.0;0.0
9;40100;ASH_COATED_OSMIUM;9995;5;;;;;10008;12;;;;;10002.0;0.0
9;40100;INTARIAN_PEPPER_ROOT;22033;9;;;;;22046;24;;;;;22039.5;0.0
9;40200;ASH_COATED_OSMIUM;9994;14;9992;10;;;10010;7;10011;11;;;10002.0;0.0
9;40200;INTARIAN_PEPPER_ROOT;22041;17;;;;;22044;11;;;;;22043.0;0.0
9;40300;ASH_COATED_OSMIUM;9994;14;;;;;10010;10;;;;;10002.0;0.0
9;40300;INTARIAN_PEPPER_ROOT;22035;8;;;;;22047;8;;;;;22041.5;0.0
9;40400;ASH_COATED_OSMIUM;9992;12;9989;10;;;10011;10;10013;11;;;10002.0;0.0
9;40400;INTARIAN_PEPPER_ROOT;22033;11;22032;10;;;22046;10;22049;12;;;22039.5;0.0
9;40500;ASH_COATED_OSMIUM;9988;13;9987;23;;;10004;13;10006;13;;;9996.5;0.0
9;40500;INTARIAN_PEPPER_ROOT;22034;9;22033;8;;;22048;11;22051;11;;;22041.5;0.0
9;40600;ASH_COATED_OSMIUM;9993;11;;;;;10011;12;;;;;10002.5;0.0
9;40600;INTARIAN_PEPPER_ROOT;22036;8;22035;11;;;22049;11;22050;10;;;22043.0;0.0
9;40700;ASH_COATED_OSMIUM;9995;28;9994;13;;;10011;10;10012;13;;;10003.0;0.0
9;40700;INTARIAN_PEPPER_ROOT;22035;12;22032;10;;;22049;12;22050;10;;;22042.0;0.0
9;40800;ASH_COATED_OSMIUM;9995;13;9992;12;;;10011;10;10014;24;;;10003.0;0.0
9;40800;INTARIAN_PEPPER_ROOT;22035;9;22032;22;;;22049;25;22052;8;;;22042.0;0.0
9;40900;ASH_COATED_OSMIUM;9990;14;9989;2;9986;10;10006;13;10008;11;10011;12;9998.5;0.0
9;40900;INTARIAN_PEPPER_ROOT;22033;8;;;;;22047;22;;;;;22040.5;0.0
9;41000;ASH_COATED_OSMIUM;9989;10;;;;;10005;15;;;;;9997.5;0.0
9;41000;INTARIAN_PEPPER_ROOT;22036;9;;;;;22048;9;;;;;22042.0;0.0
9;41100;ASH_COATED_OSMIUM;9993;26;;;;;10012;12;;;;;10003.0;0.0
9;41100;INTARIAN_PEPPER_ROOT;22035;12;22033;8;;;22048;8;22050;11;;;22041.5;0.0
9;41200;ASH_COATED_OSMIUM;9989;25;9988;13;9986;13;10005;12;10008;15;10009;13;9997.5;0.0
9;41200;INTARIAN_PEPPER_ROOT;22038;10;22035;8;;;22049;12;22050;10;;;22043.5;0.0
9;41300;ASH_COATED_OSMIUM;9988;12;9986;2;;;10006;15;10009;11;;;9997.5;0.0
9;41300;INTARIAN_PEPPER_ROOT;22038;21;22035;9;;;22050;10;22052;9;;;22044.0;0.0
9;41400;ASH_COATED_OSMIUM;9994;2;9992;10;9989;13;10000;11;10002;13;10004;12;9997.5;0.0
9;41400;INTARIAN_PEPPER_ROOT;22034;9;22032;21;22029;9;22047;18;22050;12;22053;10;22040.5;0.0
9;41500;ASH_COATED_OSMIUM;9990;10;9989;11;;;10006;14;10009;12;;;9998.0;0.0
9;41500;INTARIAN_PEPPER_ROOT;22035;10;22034;11;;;22049;8;22051;8;;;22042.0;0.0
9;41600;ASH_COATED_OSMIUM;9994;15;9993;11;;;10010;10;10011;15;;;10002.5;0.0
9;41600;INTARIAN_PEPPER_ROOT;22033;10;;;;;22047;9;;;;;22040.5;0.0
9;41700;ASH_COATED_OSMIUM;9992;13;;;;;10003;10;;;;;9997.5;0.0
9;41700;INTARIAN_PEPPER_ROOT;22033;12;22032;17;22029;9;22050;11;22051;10;22053;8;22041.5;0.0
9;41800;ASH_COATED_OSMIUM;9988;14;9987;15;9985;10;10004;15;10005;10;10007;11;9996.0;0.0
9;41800;INTARIAN_PEPPER_ROOT;22032;11;;;;;22043;10;;;;;22038.0;0.0
9;41900;ASH_COATED_OSMIUM;9993;13;9990;14;;;10009;20;10010;12;;;10001.5;0.0
9;41900;INTARIAN_PEPPER_ROOT;22026;11;22024;21;;;22037;11;22039;10;;;22031.5;0.0
9;42000;ASH_COATED_OSMIUM;9988;30;9987;12;9984;10;10004;13;10007;13;10010;15;9996.5;0.0
9;42000;INTARIAN_PEPPER_ROOT;22036;8;;;;;22049;12;;;;;22042.5;0.0
9;42100;ASH_COATED_OSMIUM;9993;11;9991;11;;;10011;14;10013;12;;;10002.0;0.0
9;42100;INTARIAN_PEPPER_ROOT;22034;9;22033;12;;;22049;8;22050;9;;;22041.5;0.0
9;42200;ASH_COATED_OSMIUM;9988;12;9985;14;;;10006;11;10007;12;;;9997.5;0.0
9;42200;INTARIAN_PEPPER_ROOT;22035;10;;;;;22052;10;;;;;22043.5;0.0
9;42300;ASH_COATED_OSMIUM;9994;12;9991;12;9988;12;10010;20;10013;3;10014;13;10002.5;0.0
9;42300;INTARIAN_PEPPER_ROOT;22034;9;22031;8;22029;11;22045;10;22046;11;22048;10;22039.5;0.0
9;42400;ASH_COATED_OSMIUM;9994;15;9993;11;;;10010;15;10012;26;;;10002.5;0.0
9;42400;INTARIAN_PEPPER_ROOT;22037;11;22035;11;;;22048;8;22049;18;;;22043.0;0.0
9;42500;ASH_COATED_OSMIUM;9994;14;9993;15;;;10010;10;10011;11;;;10002.5;0.0
9;42500;INTARIAN_PEPPER_ROOT;22038;15;;;;;22050;16;;;;;22044.0;0.0
9;42600;ASH_COATED_OSMIUM;9987;12;9985;11;9984;12;10006;12;10007;11;10010;10;9997.0;0.0
9;42600;INTARIAN_PEPPER_ROOT;22036;12;22034;10;;;22050;12;22053;9;;;22043.0;0.0
9;42700;ASH_COATED_OSMIUM;9994;10;;;;;10010;13;;;;;10002.5;0.0
9;42700;INTARIAN_PEPPER_ROOT;22038;10;22035;12;;;22052;9;22053;8;;;22045.5;0.0
9;42800;ASH_COATED_OSMIUM;9989;27;9988;14;9985;13;10005;20;10008;14;10010;11;9997.5;0.0
9;42800;INTARIAN_PEPPER_ROOT;22034;4;22033;25;22032;3;22046;11;22047;12;22050;20;22040.0;0.0
9;42900;ASH_COATED_OSMIUM;9990;14;9988;23;9986;10;10006;14;10007;12;10008;15;9998.0;0.0
9;42900;INTARIAN_PEPPER_ROOT;22041;12;22040;8;;;22058;10;22059;10;;;22050.0;0.0
9;43000;ASH_COATED_OSMIUM;9990;29;9989;15;9986;30;10006;11;10009;5;10012;14;9998.5;0.0
9;43000;INTARIAN_PEPPER_ROOT;22035;11;22033;9;;;22046;11;22049;17;;;22041.0;0.0
9;43100;ASH_COATED_OSMIUM;9992;13;;;;;10004;12;;;;;9998.0;0.0
9;43100;INTARIAN_PEPPER_ROOT;22039;15;22038;12;22037;8;22053;8;22056;20;22059;12;22046.5;0.0
9;43200;ASH_COATED_OSMIUM;9995;13;9993;15;;;10011;14;10012;12;;;10003.0;0.0
9;43200;INTARIAN_PEPPER_ROOT;22036;3;;;;;22050;17;;;;;22043.5;0.0
9;43300;ASH_COATED_OSMIUM;9993;13;;;;;10011;30;;;;;10002.5;0.0
9;43300;INTARIAN_PEPPER_ROOT;22039;11;22036;19;;;22051;5;22054;15;;;22045.5;0.0
9;43400;ASH_COATED_OSMIUM;9989;12;;;;;10005;13;;;;;9997.0;0.0
9;43400;INTARIAN_PEPPER_ROOT;22035;8;;;;;22048;10;;;;;22041.5;0.0
9;43500;ASH_COATED_OSMIUM;9994;14;9993;14;;;9999;13;10002;10;;;9997.0;0.0
9;43500;INTARIAN_PEPPER_ROOT;22036;10;;;;;22048;10;;;;;22042.0;0.0
9;43600;ASH_COATED_OSMIUM;9988;12;9985;10;;;10007;11;10008;10;;;9997.5;0.0
9;43600;INTARIAN_PEPPER_ROOT;22032;10;22030;8;;;22047;25;22049;12;;;22039.5;0.0
9;43700;ASH_COATED_OSMIUM;9988;2;;;;;10004;12;;;;;9996.5;0.0
9;43700;INTARIAN_PEPPER_ROOT;22038;12;22037;9;22034;8;22051;12;22054;12;22057;8;22045.0;0.0
9;43800;ASH_COATED_OSMIUM;9991;10;9990;10;;;10010;26;10011;15;;;10001.0;0.0
9;43800;INTARIAN_PEPPER_ROOT;22040;8;22037;8;;;22053;11;22056;9;;;22047.0;0.0
9;43900;ASH_COATED_OSMIUM;9987;12;9984;14;9983;13;10003;5;10004;3;10005;15;9995.5;0.0
9;43900;INTARIAN_PEPPER_ROOT;22034;8;22032;8;;;22049;11;22051;10;;;22042.0;0.0
9;44000;ASH_COATED_OSMIUM;9992;15;9990;10;;;10008;4;10010;11;;;10000.5;0.0
9;44000;INTARIAN_PEPPER_ROOT;22042;8;22040;11;22039;9;22055;9;22058;10;22059;25;22048.5;0.0
9;44100;ASH_COATED_OSMIUM;9988;11;9987;13;;;10004;5;10005;11;;;9996.0;0.0
9;44100;INTARIAN_PEPPER_ROOT;22039;12;;;;;22052;9;;;;;22045.5;0.0
9;44200;ASH_COATED_OSMIUM;9993;15;9991;10;9988;14;10009;11;10010;11;10012;26;10001.5;0.0
9;44200;INTARIAN_PEPPER_ROOT;22035;11;;;;;22049;9;;;;;22042.5;0.0
9;44300;ASH_COATED_OSMIUM;9987;30;9985;15;;;10005;11;10007;10;;;9996.5;0.0
9;44300;INTARIAN_PEPPER_ROOT;22036;9;22035;19;;;22050;8;22053;9;;;22043.5;0.0
9;44400;ASH_COATED_OSMIUM;9997;13;9994;12;;;10007;12;10008;15;;;10002.5;0.0
9;44400;INTARIAN_PEPPER_ROOT;22037;11;22036;11;;;22050;9;22052;12;;;22044.0;0.0
9;44500;ASH_COATED_OSMIUM;9993;22;9992;15;;;10012;12;10015;14;;;10003.0;0.0
9;44500;INTARIAN_PEPPER_ROOT;22042;11;22041;12;;;22045;12;22047;12;;;22043.5;0.0
9;44600;ASH_COATED_OSMIUM;9990;10;9987;15;9985;13;10006;23;10007;11;10009;11;9998.0;0.0
9;44600;INTARIAN_PEPPER_ROOT;22037;11;;;;;22054;11;;;;;22045.5;0.0
9;44700;ASH_COATED_OSMIUM;9995;11;9994;12;9991;12;10011;13;10014;12;10015;10;10003.5;0.0
9;44700;INTARIAN_PEPPER_ROOT;22034;8;22031;10;;;22048;8;22051;11;;;22041.5;0.0
9;44800;ASH_COATED_OSMIUM;9998;15;;;;;10008;11;;;;;10003.5;0.0
9;44800;INTARIAN_PEPPER_ROOT;22040;9;22039;22;22038;8;22051;8;22054;10;22056;8;22046.0;0.0
9;44900;ASH_COATED_OSMIUM;9990;12;9988;15;;;10006;12;10008;3;;;9998.5;0.0
9;44900;INTARIAN_PEPPER_ROOT;22039;25;;;;;22051;11;;;;;22045.0;0.0
9;45000;ASH_COATED_OSMIUM;9989;14;9986;12;;;10008;25;10009;12;;;9998.5;0.0
9;45000;INTARIAN_PEPPER_ROOT;22040;11;22038;8;;;22052;9;22055;8;;;22046.5;0.0
9;45100;ASH_COATED_OSMIUM;9990;25;9989;12;;;10006;10;10009;10;;;9998.0;0.0
9;45100;INTARIAN_PEPPER_ROOT;22036;12;22033;12;;;22050;10;22053;10;;;22043.5;0.0
9;45200;ASH_COATED_OSMIUM;9995;12;9994;14;9991;13;10011;13;10013;13;10015;10;10003.5;0.0
9;45200;INTARIAN_PEPPER_ROOT;22041;8;22039;10;;;22054;10;22056;11;;;22048.0;0.0
9;45300;ASH_COATED_OSMIUM;9995;10;9993;14;;;10011;10;10012;15;;;10003.0;0.0
9;45300;INTARIAN_PEPPER_ROOT;22036;19;;;;;22050;9;;;;;22043.5;0.0
9;45400;ASH_COATED_OSMIUM;9997;15;9996;14;9995;12;10008;12;10011;13;10012;11;10003.0;0.0
9;45400;INTARIAN_PEPPER_ROOT;22036;8;22034;10;;;22051;9;22052;10;;;22044.0;0.0
9;45500;ASH_COATED_OSMIUM;9995;12;;;;;10011;15;;;;;10003.5;0.0
9;45500;INTARIAN_PEPPER_ROOT;22040;22;22039;11;22036;8;22052;11;22053;11;22056;10;22046.5;0.0
9;45600;ASH_COATED_OSMIUM;9993;14;9992;14;9991;10;10012;12;10015;14;10017;26;10003.0;0.0
9;45600;INTARIAN_PEPPER_ROOT;22038;16;22037;9;;;22052;10;22054;8;;;22045.5;0.0
9;45700;ASH_COATED_OSMIUM;9995;14;;;;;10011;12;;;;;10003.0;0.0
9;45700;INTARIAN_PEPPER_ROOT;22037;12;22034;4;;;22049;11;22051;11;;;22043.5;0.0
9;45800;ASH_COATED_OSMIUM;9994;12;9991;14;;;10010;13;10013;13;;;10002.5;0.0
9;45800;INTARIAN_PEPPER_ROOT;22040;8;;;;;22052;8;;;;;22046.5;0.0
9;45900;ASH_COATED_OSMIUM;9999;14;9996;12;9994;13;10005;14;10006;26;10007;4;10002.0;0.0
9;45900;INTARIAN_PEPPER_ROOT;22039;16;22036;10;22033;12;22053;25;22056;18;22057;17;22046.0;0.0
9;46000;ASH_COATED_OSMIUM;9994;11;9991;10;9989;13;10010;14;10013;12;10014;23;10002.0;0.0
9;46000;INTARIAN_PEPPER_ROOT;22042;11;;;;;22053;10;;;;;22047.5;0.0
9;46100;ASH_COATED_OSMIUM;9994;13;9992;24;;;10012;11;10013;22;;;10003.0;0.0
9;46100;INTARIAN_PEPPER_ROOT;22041;19;22039;21;;;22052;11;22055;9;;;22046.5;0.0
9;46200;ASH_COATED_OSMIUM;9995;10;9994;29;;;10011;10;10014;15;;;10003.5;0.0
9;46200;INTARIAN_PEPPER_ROOT;22038;12;22036;9;;;22049;8;22052;9;;;22044.0;0.0
9;46300;ASH_COATED_OSMIUM;9989;14;9988;11;9986;5;10008;26;10010;11;10011;15;9998.5;0.0
9;46300;INTARIAN_PEPPER_ROOT;22041;8;22039;8;22037;10;22055;9;22058;8;22060;8;22048.0;0.0
9;46400;ASH_COATED_OSMIUM;9997;25;9994;12;;;10010;11;10013;12;;;10004.0;0.0
9;46400;INTARIAN_PEPPER_ROOT;22039;9;;;;;22052;10;;;;;22045.5;0.0
9;46500;ASH_COATED_OSMIUM;9990;12;9989;10;;;10006;15;10007;15;;;9998.5;0.0
9;46500;INTARIAN_PEPPER_ROOT;22037;12;22035;11;;;22053;11;22055;12;;;22045.0;0.0
9;46600;ASH_COATED_OSMIUM;9995;14;;;;;10013;13;;;;;10004.0;0.0
9;46600;INTARIAN_PEPPER_ROOT;22037;11;22036;12;22033;8;22050;10;22053;8;22056;9;22044.0;0.0
9;46700;ASH_COATED_OSMIUM;9996;12;9993;20;;;10012;14;10013;5;;;10004.5;0.0
9;46700;INTARIAN_PEPPER_ROOT;22041;12;;;;;22056;8;;;;;22048.5;0.0
9;46800;ASH_COATED_OSMIUM;9991;15;9990;15;9989;13;10007;12;10008;20;10009;12;9999.0;0.0
9;46800;INTARIAN_PEPPER_ROOT;22040;11;22038;9;;;22052;12;22053;12;;;22046.0;0.0
9;46900;ASH_COATED_OSMIUM;9990;14;;;;;10006;13;;;;;9998.5;0.0
9;46900;INTARIAN_PEPPER_ROOT;22035;8;22034;22;;;22048;12;22051;8;;;22041.5;0.0
9;47000;ASH_COATED_OSMIUM;9996;13;;;;;10012;14;;;;;10004.0;0.0
9;47000;INTARIAN_PEPPER_ROOT;22044;8;22041;8;;;22057;12;22058;8;;;22051.0;0.0
9;47100;ASH_COATED_OSMIUM;9989;12;9987;25;;;10008;26;10009;28;;;9998.5;0.0
9;47100;INTARIAN_PEPPER_ROOT;22042;11;22041;10;22040;12;22055;10;22057;8;22059;12;22048.5;0.0
9;47200;ASH_COATED_OSMIUM;9990;15;9989;15;;;10006;15;10008;22;;;9998.0;0.0
9;47200;INTARIAN_PEPPER_ROOT;22039;15;22037;12;22034;12;22050;12;22051;8;22054;12;22044.5;0.0
9;47300;ASH_COATED_OSMIUM;9995;20;9992;14;9991;14;10011;28;10013;15;10014;10;10003.0;0.0
9;47300;INTARIAN_PEPPER_ROOT;22041;8;;;;;22053;8;;;;;22047.5;0.0
9;47400;ASH_COATED_OSMIUM;9989;11;9986;12;;;10007;20;10009;10;;;9998.0;0.0
9;47400;INTARIAN_PEPPER_ROOT;22039;11;22036;11;;;22056;8;22058;9;;;22047.5;0.0
9;47500;ASH_COATED_OSMIUM;9989;12;9986;10;9984;5;10008;10;10009;12;10011;15;9998.5;0.0
9;47500;INTARIAN_PEPPER_ROOT;22043;10;22040;8;22037;8;22047;15;22048;25;22051;19;22045.5;0.0
9;47600;ASH_COATED_OSMIUM;9989;3;9988;28;;;10007;10;10008;11;;;9998.0;0.0
9;47600;INTARIAN_PEPPER_ROOT;22042;12;;;;;22053;12;;;;;22048.0;0.0
9;47700;ASH_COATED_OSMIUM;9994;26;;;;;10013;23;;;;;10003.5;0.0
9;47700;INTARIAN_PEPPER_ROOT;22044;8;22043;9;;;22055;10;22056;9;;;22050.0;0.0
9;47800;ASH_COATED_OSMIUM;9994;12;9992;29;;;10010;2;10012;26;;;10002.5;0.0
9;47800;INTARIAN_PEPPER_ROOT;22045;11;22042;10;22040;12;22057;11;22058;15;22061;11;22051.0;0.0
9;47900;ASH_COATED_OSMIUM;9988;14;9986;4;;;10004;10;10005;14;;;9996.5;0.0
9;47900;INTARIAN_PEPPER_ROOT;22042;9;;;;;22055;3;;;;;22049.0;0.0
9;48000;ASH_COATED_OSMIUM;9994;12;9992;10;;;10010;12;10013;12;;;10002.0;0.0
9;48000;INTARIAN_PEPPER_ROOT;22044;9;22043;12;;;22055;19;22056;8;;;22049.5;0.0
9;48100;ASH_COATED_OSMIUM;9992;15;9991;11;;;10011;15;10014;24;;;10002.0;0.0
9;48100;INTARIAN_PEPPER_ROOT;22043;9;;;;;22058;12;;;;;22050.5;0.0
9;48200;ASH_COATED_OSMIUM;9988;12;9986;11;9985;10;10006;29;10007;14;10008;10;9997.0;0.0
9;48200;INTARIAN_PEPPER_ROOT;22043;12;22042;21;;;22054;10;22055;12;;;22049.0;0.0
9;48300;ASH_COATED_OSMIUM;9988;15;9987;26;9986;13;10004;11;10007;15;10010;13;9996.5;0.0
9;48300;INTARIAN_PEPPER_ROOT;22047;8;22044;19;;;22049;9;22052;9;;;22048.5;0.0
9;48400;ASH_COATED_OSMIUM;9994;11;9993;10;;;10010;24;10013;15;;;10002.5;0.0
9;48400;INTARIAN_PEPPER_ROOT;22040;11;22039;10;;;22057;12;22058;8;;;22048.5;0.0
9;48500;ASH_COATED_OSMIUM;9992;10;9991;14;;;10011;10;10014;15;;;10002.0;0.0
9;48500;INTARIAN_PEPPER_ROOT;22043;18;22041;10;;;22060;9;22062;9;;;22052.0;0.0
9;48600;ASH_COATED_OSMIUM;9994;14;9991;10;;;10010;11;10013;24;;;10002.0;0.0
9;48600;INTARIAN_PEPPER_ROOT;22041;12;22039;9;;;22054;20;22055;10;;;22048.0;0.0
9;48700;ASH_COATED_OSMIUM;9987;13;9984;13;;;10006;11;10007;28;;;9997.0;0.0
9;48700;INTARIAN_PEPPER_ROOT;22041;11;22039;10;;;22055;9;22056;9;;;22048.5;0.0
9;48800;ASH_COATED_OSMIUM;9988;22;;;;;10006;10;;;;;9997.0;0.0
9;48800;INTARIAN_PEPPER_ROOT;22043;12;22042;19;;;22054;9;22057;11;;;22048.5;0.0
9;48900;ASH_COATED_OSMIUM;9995;14;9993;12;;;10011;15;10014;24;;;10003.0;0.0
9;48900;INTARIAN_PEPPER_ROOT;22042;22;;;;;22055;11;;;;;22049.0;0.0
9;49000;ASH_COATED_OSMIUM;9992;13;9990;10;;;10013;12;10014;29;;;10003.0;0.0
9;49000;INTARIAN_PEPPER_ROOT;22047;8;;;;;22060;12;;;;;22053.5;0.0
9;49100;ASH_COATED_OSMIUM;9989;14;9986;11;;;10005;12;10006;15;;;9997.5;0.0
9;49100;INTARIAN_PEPPER_ROOT;22043;8;22040;11;;;22055;10;22057;21;;;22049.5;0.0
9;49200;ASH_COATED_OSMIUM;9994;14;9993;12;;;10010;13;10013;10;;;10002.0;0.0
9;49200;INTARIAN_PEPPER_ROOT;22043;11;22040;9;22038;8;22056;11;22057;10;22058;12;22049.5;0.0
9;49300;ASH_COATED_OSMIUM;9987;15;;;;;10005;11;;;;;9996.5;0.0
9;49300;INTARIAN_PEPPER_ROOT;22044;7;;;;;22056;12;;;;;22050.0;0.0
9;49400;ASH_COATED_OSMIUM;9994;13;9991;14;;;10010;10;10012;13;;;10002.0;0.0
9;49400;INTARIAN_PEPPER_ROOT;22043;9;22040;11;22039;10;22059;10;22061;8;22064;22;22051.0;0.0
9;49500;ASH_COATED_OSMIUM;9994;12;9991;15;;;10010;23;10012;15;;;10002.0;0.0
9;49500;INTARIAN_PEPPER_ROOT;22046;12;22043;12;;;22059;9;22062;8;;;22052.5;0.0
9;49600;ASH_COATED_OSMIUM;9993;10;;;;;9999;11;;;;;9996.5;0.0
9;49600;INTARIAN_PEPPER_ROOT;22040;10;;;;;22051;11;;;;;22045.5;0.0
9;49700;ASH_COATED_OSMIUM;9994;15;9992;14;9991;15;10010;14;10011;30;10012;12;10002.0;0.0
9;49700;INTARIAN_PEPPER_ROOT;22040;11;;;;;22055;24;;;;;22047.5;0.0
9;49800;ASH_COATED_OSMIUM;9989;11;9988;13;;;10005;10;10008;10;;;9997.0;0.0
9;49800;INTARIAN_PEPPER_ROOT;22042;11;;;;;22055;10;;;;;22049.0;0.0
9;49900;ASH_COATED_OSMIUM;9988;10;;;;;10004;10;;;;;9996.5;0.0
9;49900;INTARIAN_PEPPER_ROOT;22046;24;22044;12;;;22058;19;22061;15;;;22052.0;0.0
9;50000;ASH_COATED_OSMIUM;9994;14;9991;10;;;10010;12;10012;29;;;10002.0;0.0
9;50000;INTARIAN_PEPPER_ROOT;22049;9;22046;21;22043;10;22052;11;22053;8;22054;8;22051.0;0.0
9;50100;ASH_COATED_OSMIUM;9989;12;9987;11;;;10005;23;10007;13;;;9997.5;0.0
9;50100;INTARIAN_PEPPER_ROOT;22042;22;22041;9;22040;11;22053;10;22056;11;22057;9;22047.5;0.0
9;50200;ASH_COATED_OSMIUM;9989;11;9986;12;9985;14;10005;11;10006;24;10008;11;9997.0;0.0
9;50200;INTARIAN_PEPPER_ROOT;22042;8;22040;4;;;22055;10;22058;12;;;22048.5;0.0
9;50300;ASH_COATED_OSMIUM;9989;13;9987;15;9984;15;10005;15;10008;13;10010;12;9997.0;0.0
9;50300;INTARIAN_PEPPER_ROOT;22042;25;22039;10;;;22057;10;22059;11;;;22050.0;0.0
9;50400;ASH_COATED_OSMIUM;9993;14;;;;;10012;15;;;;;10003.0;0.0
9;50400;INTARIAN_PEPPER_ROOT;22044;10;22042;9;;;22060;8;22061;8;;;22052.5;0.0
9;50500;ASH_COATED_OSMIUM;9995;5;9992;14;9990;10;10011;14;10013;10;10016;14;10003.5;0.0
9;50500;INTARIAN_PEPPER_ROOT;22049;8;22046;10;;;22052;9;22054;9;;;22051.0;0.0
9;50600;ASH_COATED_OSMIUM;9995;27;9993;10;9990;13;10011;10;10013;3;10016;26;10003.5;0.0
9;50600;INTARIAN_PEPPER_ROOT;22042;9;22040;12;22039;10;22056;8;22058;9;22059;8;22049.5;0.0
9;50700;ASH_COATED_OSMIUM;9990;13;9987;13;;;10006;22;10007;29;;;9998.0;0.0
9;50700;INTARIAN_PEPPER_ROOT;22044;11;22043;8;;;22057;11;22058;21;;;22051.0;0.0
9;50800;ASH_COATED_OSMIUM;9993;10;;;;;10012;12;;;;;10002.5;0.0
9;50800;INTARIAN_PEPPER_ROOT;22046;10;;;;;22050;8;;;;;22048.0;0.0
9;50900;ASH_COATED_OSMIUM;9994;11;9993;15;9990;22;10010;10;10011;15;10014;13;10002.5;0.0
9;50900;INTARIAN_PEPPER_ROOT;22045;10;22042;8;;;22057;12;22059;9;;;22051.0;0.0
9;51000;ASH_COATED_OSMIUM;9993;15;;;;;10011;10;;;;;10002.0;0.0
9;51000;INTARIAN_PEPPER_ROOT;22043;9;;;;;22056;10;;;;;22049.5;0.0
9;51100;ASH_COATED_OSMIUM;9992;14;;;;;10010;10;;;;;10001.5;0.0
9;51100;INTARIAN_PEPPER_ROOT;22041;8;22038;10;;;22053;9;22054;17;;;22047.5;0.0
9;51200;ASH_COATED_OSMIUM;9993;28;9991;12;9989;14;10009;15;10012;10;10013;15;10001.5;0.0
9;51200;INTARIAN_PEPPER_ROOT;22043;23;;;;;22056;10;;;;;22049.5;0.0
9;51300;ASH_COATED_OSMIUM;9986;10;;;;;10005;15;;;;;9996.0;0.0
9;51300;INTARIAN_PEPPER_ROOT;22043;9;22042;8;;;22058;8;22061;8;;;22051.0;0.0
9;51400;ASH_COATED_OSMIUM;9993;15;9992;10;;;10009;26;10010;15;;;10001.5;0.0
9;51400;INTARIAN_PEPPER_ROOT;22044;9;22043;8;;;22056;11;22058;9;;;22050.0;0.0
9;51500;ASH_COATED_OSMIUM;9987;11;9985;11;9982;12;10005;13;10008;12;10011;2;9996.5;0.0
9;51500;INTARIAN_PEPPER_ROOT;22048;12;;;;;22059;9;;;;;22053.5;0.0
9;51600;ASH_COATED_OSMIUM;9986;20;;;;;10005;15;;;;;9996.0;0.0
9;51600;INTARIAN_PEPPER_ROOT;22048;11;;;;;22061;8;;;;;22055.0;0.0
9;51700;ASH_COATED_OSMIUM;9988;12;9985;13;9982;27;10004;12;10006;12;10009;11;9996.5;0.0
9;51700;INTARIAN_PEPPER_ROOT;22052;18;22049;19;;;22054;12;22055;10;;;22053.5;0.0
9;51800;ASH_COATED_OSMIUM;9988;14;9986;13;;;10004;14;10005;14;;;9996.0;0.0
9;51800;INTARIAN_PEPPER_ROOT;22043;22;;;;;22057;12;;;;;22050.0;0.0
9;51900;ASH_COATED_OSMIUM;9996;14;9993;22;;;10006;11;10008;13;;;10001.0;0.0
9;51900;INTARIAN_PEPPER_ROOT;22046;3;22045;24;;;22060;12;22062;11;;;22053.0;0.0
9;52000;ASH_COATED_OSMIUM;9993;14;9990;11;;;10009;11;10011;11;;;10001.0;0.0
9;52000;INTARIAN_PEPPER_ROOT;22048;12;22045;10;;;22059;8;22062;9;;;22053.5;0.0
9;52100;ASH_COATED_OSMIUM;9991;12;9988;10;9986;25;10009;22;10011;21;10012;13;10000.5;0.0
9;52100;INTARIAN_PEPPER_ROOT;22045;9;;;;;22056;17;;;;;22051.0;0.0
9;52200;ASH_COATED_OSMIUM;9992;14;9989;12;9987;15;10008;12;10011;12;10013;14;10000.0;0.0
9;52200;INTARIAN_PEPPER_ROOT;22045;4;22042;10;;;22057;12;22060;12;;;22051.0;0.0
9;52300;ASH_COATED_OSMIUM;9986;11;9985;15;;;10002;15;10004;12;;;9994.5;0.0
9;52300;INTARIAN_PEPPER_ROOT;22046;10;22045;12;;;22060;12;22062;9;;;22053.5;0.0
9;52400;ASH_COATED_OSMIUM;9985;10;;;;;10004;14;;;;;9995.0;0.0
9;52400;INTARIAN_PEPPER_ROOT;22043;10;;;;;22055;11;;;;;22049.5;0.0
9;52500;ASH_COATED_OSMIUM;9989;10;9988;14;;;10000;14;10002;13;;;9995.0;0.0
9;52500;INTARIAN_PEPPER_ROOT;22044;10;;;;;22060;17;;;;;22052.5;0.0
9;52600;ASH_COATED_OSMIUM;9992;10;9991;24;;;10008;22;10009;13;;;10000.0;0.0
9;52600;INTARIAN_PEPPER_ROOT;22043;12;22041;8;22039;12;22056;12;22059;9;22060;9;22049.5;0.0
9;52700;ASH_COATED_OSMIUM;9984;14;9983;13;;;10005;12;10006;12;;;9995.0;0.0
9;52700;INTARIAN_PEPPER_ROOT;22047;11;22044;11;;;22060;8;22063;8;;;22054.0;0.0
9;52800;ASH_COATED_OSMIUM;9987;13;9984;11;9983;13;10003;10;10006;13;10008;14;9995.5;0.0
9;52800;INTARIAN_PEPPER_ROOT;22047;12;22044;11;;;22058;9;22060;22;;;22052.5;0.0
9;52900;ASH_COATED_OSMIUM;9993;11;9991;15;;;10009;10;10011;22;;;10001.0;0.0
9;52900;INTARIAN_PEPPER_ROOT;22046;19;;;;;22061;8;;;;;22053.5;0.0
9;53000;ASH_COATED_OSMIUM;9993;11;;;;;10009;30;;;;;10001.0;0.0
9;53000;INTARIAN_PEPPER_ROOT;22039;12;22036;8;;;22051;10;22053;9;;;22045.0;0.0
9;53100;ASH_COATED_OSMIUM;9986;11;9984;14;;;10005;14;10007;11;;;9996.0;0.0
9;53100;INTARIAN_PEPPER_ROOT;22044;8;;;;;22058;11;;;;;22051.5;0.0
9;53200;ASH_COATED_OSMIUM;9986;29;;;;;10004;15;;;;;9995.5;0.0
9;53200;INTARIAN_PEPPER_ROOT;22048;8;;;;;22062;8;;;;;22055.0;0.0
9;53300;ASH_COATED_OSMIUM;9988;12;;;;;10004;10;;;;;9996.0;0.0
9;53300;INTARIAN_PEPPER_ROOT;22046;9;;;;;22058;8;;;;;22052.0;0.0
9;53400;ASH_COATED_OSMIUM;9987;11;;;;;10003;15;;;;;9995.5;0.0
9;53400;INTARIAN_PEPPER_ROOT;22046;12;;;;;22062;10;;;;;22054.5;0.0
9;53500;ASH_COATED_OSMIUM;9992;14;;;;;10008;27;;;;;10000.5;0.0
9;53500;INTARIAN_PEPPER_ROOT;22046;11;22043;9;22041;10;22060;11;22061;8;22063;10;22053.5;0.0
9;53600;ASH_COATED_OSMIUM;9987;13;9986;14;;;10003;12;10004;28;;;9995.5;0.0
9;53600;INTARIAN_PEPPER_ROOT;22051;12;22050;8;;;22065;12;22067;8;;;22058.5;0.0
9;53700;ASH_COATED_OSMIUM;9988;10;9987;10;9986;9;10004;12;10005;27;10007;10;9996.0;0.0
9;53700;INTARIAN_PEPPER_ROOT;22044;12;;;;;22058;8;;;;;22051.0;0.0
9;53800;ASH_COATED_OSMIUM;9993;10;9992;22;9989;22;10009;11;10011;13;10012;12;10001.5;0.0
9;53800;INTARIAN_PEPPER_ROOT;22047;12;22046;8;;;22063;12;22066;8;;;22055.0;0.0
9;53900;ASH_COATED_OSMIUM;9985;10;;;;;10004;12;;;;;9995.0;0.0
9;53900;INTARIAN_PEPPER_ROOT;22047;15;22045;9;;;22061;8;22062;25;;;22054.5;0.0
9;54000;ASH_COATED_OSMIUM;9992;13;9990;15;9989;10;10008;11;10011;15;10013;10;10000.5;0.0
9;54000;INTARIAN_PEPPER_ROOT;22050;11;;;;;22062;12;;;;;22056.0;0.0
9;54100;ASH_COATED_OSMIUM;9987;13;9986;10;;;10003;12;10004;12;;;9995.0;0.0
9;54100;INTARIAN_PEPPER_ROOT;22043;12;22042;10;22040;8;22057;12;22060;12;22063;22;22050.0;0.0
9;54200;ASH_COATED_OSMIUM;9990;14;9987;12;;;10009;3;10011;14;;;10000.0;0.0
9;54200;INTARIAN_PEPPER_ROOT;22044;8;22042;10;;;22058;12;22059;8;;;22051.0;0.0
9;54300;ASH_COATED_OSMIUM;9987;11;;;;;10003;15;;;;;9995.0;0.0
9;54300;INTARIAN_PEPPER_ROOT;22045;11;22044;12;;;22059;12;22062;21;;;22052.5;0.0
9;54400;ASH_COATED_OSMIUM;9995;21;9994;12;;;10005;11;10007;14;;;10000.5;0.0
9;54400;INTARIAN_PEPPER_ROOT;22050;8;;;;;22064;9;;;;;22057.0;0.0
9;54500;ASH_COATED_OSMIUM;9986;14;;;;;10004;10;;;;;9995.5;0.0
9;54500;INTARIAN_PEPPER_ROOT;22045;10;22044;12;;;22059;8;22062;10;;;22052.0;0.0
9;54600;ASH_COATED_OSMIUM;9993;15;9991;15;9988;26;10009;11;10010;14;10013;10;10001.5;0.0
9;54600;INTARIAN_PEPPER_ROOT;22047;10;22046;11;;;22063;12;22064;9;;;22055.5;0.0
9;54700;ASH_COATED_OSMIUM;9987;13;9984;12;;;10003;11;10005;10;;;9995.5;0.0
9;54700;INTARIAN_PEPPER_ROOT;22054;9;;;;;22066;12;;;;;22060.5;0.0
9;54800;ASH_COATED_OSMIUM;9993;29;;;;;10009;12;;;;;10001.0;0.0
9;54800;INTARIAN_PEPPER_ROOT;22051;21;22049;24;22048;10;22062;12;22064;9;22065;24;22057.0;0.0
9;54900;ASH_COATED_OSMIUM;9993;15;9990;14;;;10009;12;10011;12;;;10001.0;0.0
9;54900;INTARIAN_PEPPER_ROOT;22047;8;22046;25;;;22061;17;22063;11;;;22054.5;0.0
9;55000;ASH_COATED_OSMIUM;9988;11;9985;15;;;10004;4;10006;20;;;9996.0;0.0
9;55000;INTARIAN_PEPPER_ROOT;22047;16;;;;;22058;9;;;;;22053.0;0.0
9;55100;ASH_COATED_OSMIUM;9993;15;9992;14;;;10009;10;10011;13;;;10001.5;0.0
9;55100;INTARIAN_PEPPER_ROOT;22047;23;22044;9;;;22060;8;22061;10;;;22054.0;0.0
9;55200;ASH_COATED_OSMIUM;9994;15;9991;12;9989;13;10010;13;10013;14;10015;29;10002.5;0.0
9;55200;INTARIAN_PEPPER_ROOT;22045;21;;;;;22058;8;;;;;22052.0;0.0
9;55300;ASH_COATED_OSMIUM;9989;15;;;;;10005;21;;;;;9997.0;0.0
9;55300;INTARIAN_PEPPER_ROOT;22051;25;;;;;22064;10;;;;;22057.5;0.0
9;55400;ASH_COATED_OSMIUM;9989;12;9986;10;9983;15;10005;15;10008;22;10009;15;9997.0;0.0
9;55400;INTARIAN_PEPPER_ROOT;22045;12;22042;10;;;22060;25;22063;9;;;22053.0;0.0
9;55500;ASH_COATED_OSMIUM;9992;5;;;;;10011;15;;;;;10002.0;0.0
9;55500;INTARIAN_PEPPER_ROOT;22047;12;22045;10;;;22059;9;22061;12;;;22053.0;0.0
9;55600;ASH_COATED_OSMIUM;9992;11;9989;10;9987;14;10011;10;10014;12;10015;13;10002.0;0.0
9;55600;INTARIAN_PEPPER_ROOT;22050;10;22049;12;22047;12;22062;8;22064;10;22067;11;22056.5;0.0
9;55700;ASH_COATED_OSMIUM;9989;13;;;;;10005;14;;;;;9997.5;0.0
9;55700;INTARIAN_PEPPER_ROOT;22049;6;;;;;22062;9;;;;;22055.5;0.0
9;55800;ASH_COATED_OSMIUM;9994;14;;;;;10010;11;;;;;10002.5;0.0
9;55800;INTARIAN_PEPPER_ROOT;22047;10;22045;12;;;22060;20;22063;17;;;22053.5;0.0
9;55900;ASH_COATED_OSMIUM;9997;14;;;;;10008;14;;;;;10003.0;0.0
9;55900;INTARIAN_PEPPER_ROOT;22044;3;;;;;22059;12;;;;;22052.0;0.0
9;56000;ASH_COATED_OSMIUM;9988;14;9985;26;9982;10;10004;20;10007;2;10010;14;9996.5;0.0
9;56000;INTARIAN_PEPPER_ROOT;22047;12;22044;12;22042;8;22059;12;22061;10;22062;10;22053.5;0.0
9;56100;ASH_COATED_OSMIUM;9996;13;;;;;10006;14;;;;;10001.5;0.0
9;56100;INTARIAN_PEPPER_ROOT;22047;11;;;;;22060;24;;;;;22054.0;0.0
9;56200;ASH_COATED_OSMIUM;9988;23;;;;;10004;26;;;;;9996.0;0.0
9;56200;INTARIAN_PEPPER_ROOT;22046;10;22045;22;22043;8;22060;11;22063;22;22065;12;22053.5;0.0
9;56300;ASH_COATED_OSMIUM;9993;24;9991;14;;;10009;14;10011;10;;;10001.0;0.0
9;56300;INTARIAN_PEPPER_ROOT;22045;9;22043;11;;;22060;11;22063;11;;;22053.0;0.0
9;56400;ASH_COATED_OSMIUM;9994;15;9992;15;9991;11;10010;11;10013;14;10015;11;10002.0;0.0
9;56400;INTARIAN_PEPPER_ROOT;22052;12;22049;10;;;22064;9;22065;11;;;22058.0;0.0
9;56500;ASH_COATED_OSMIUM;9993;12;9990;15;9987;14;10011;11;10013;10;10016;10;10002.0;0.0
9;56500;INTARIAN_PEPPER_ROOT;22053;10;22052;11;22050;8;22060;11;22062;12;22064;19;22056.5;0.0
9;56600;ASH_COATED_OSMIUM;9994;22;;;;;10010;13;;;;;10002.0;0.0
9;56600;INTARIAN_PEPPER_ROOT;22049;23;22046;8;;;22061;12;22064;12;;;22055.5;0.0
9;56700;ASH_COATED_OSMIUM;9988;12;9987;10;;;10004;14;10005;12;;;9996.0;0.0
9;56700;INTARIAN_PEPPER_ROOT;22051;9;;;;;22065;10;;;;;22058.0;0.0
9;56800;ASH_COATED_OSMIUM;9988;14;;;;;10004;11;;;;;9996.0;0.0
9;56800;INTARIAN_PEPPER_ROOT;22049;23;22048;15;22046;9;22062;11;22065;24;22066;9;22056.0;0.0
9;56900;ASH_COATED_OSMIUM;9988;10;;;;;10004;13;;;;;9996.5;0.0
9;56900;INTARIAN_PEPPER_ROOT;22053;9;;;;;22057;8;;;;;22055.5;0.0
9;57000;ASH_COATED_OSMIUM;9997;13;9996;10;9994;15;10007;12;10008;14;10009;10;10002.0;0.0
9;57000;INTARIAN_PEPPER_ROOT;22050;11;22049;11;;;22064;9;22067;23;;;22057.5;0.0
9;57100;ASH_COATED_OSMIUM;9988;15;9987;12;;;10007;11;10008;10;;;9997.5;0.0
9;57100;INTARIAN_PEPPER_ROOT;22046;8;22044;12;;;22063;7;22066;8;;;22054.5;0.0
9;57200;ASH_COATED_OSMIUM;9994;3;;;;;10010;14;;;;;10002.5;0.0
9;57200;INTARIAN_PEPPER_ROOT;22053;10;;;;;22068;9;;;;;22060.5;0.0
9;57300;ASH_COATED_OSMIUM;9992;11;9989;15;;;10011;10;10013;25;;;10002.0;0.0
9;57300;INTARIAN_PEPPER_ROOT;22049;15;;;;;22063;8;;;;;22056.0;0.0
9;57400;ASH_COATED_OSMIUM;9992;13;9989;10;9988;11;10011;12;10014;13;10016;10;10002.0;0.0
9;57400;INTARIAN_PEPPER_ROOT;22061;9;22059;23;22058;10;22063;8;22065;15;22068;12;22062.5;0.0
9;57500;ASH_COATED_OSMIUM;9993;26;;;;;10009;13;;;;;10001.5;0.0
9;57500;INTARIAN_PEPPER_ROOT;22051;8;22048;11;;;22064;23;22065;12;;;22058.0;0.0
9;57600;ASH_COATED_OSMIUM;9993;11;9991;12;9990;11;10009;14;10010;10;10013;11;10001.5;0.0
9;57600;INTARIAN_PEPPER_ROOT;22049;22;22047;11;;;22061;12;22063;6;;;22055.0;0.0
9;57700;ASH_COATED_OSMIUM;9992;10;;;;;10011;11;;;;;10001.5;0.0
9;57700;INTARIAN_PEPPER_ROOT;22052;22;22051;8;;;22065;12;22067;10;;;22058.5;0.0
9;57800;ASH_COATED_OSMIUM;9991;12;;;;;10000;13;;;;;9996.0;0.0
9;57800;INTARIAN_PEPPER_ROOT;22052;8;22051;12;22048;10;22068;8;22070;8;22073;11;22060.0;0.0
9;57900;ASH_COATED_OSMIUM;9988;12;9986;12;9983;15;10004;12;10006;15;10008;24;9996.5;0.0
9;57900;INTARIAN_PEPPER_ROOT;22055;10;22054;10;;;22066;9;22068;15;;;22061.0;0.0
9;58000;ASH_COATED_OSMIUM;9994;10;;;;;10010;10;;;;;10002.0;0.0
9;58000;INTARIAN_PEPPER_ROOT;22053;8;22050;12;;;22064;8;22066;8;;;22058.5;0.0
9;58100;ASH_COATED_OSMIUM;9994;12;9992;13;9991;11;10010;15;10012;7;10013;10;10002.0;0.0
9;58100;INTARIAN_PEPPER_ROOT;22051;9;;;;;22068;8;;;;;22060.0;0.0
9;58200;ASH_COATED_OSMIUM;9994;13;;;;;10010;14;;;;;10002.0;0.0
9;58200;INTARIAN_PEPPER_ROOT;22049;9;22046;19;22044;11;22065;11;22066;8;22069;8;22057.0;0.0
9;58300;ASH_COATED_OSMIUM;9994;7;9992;10;9989;14;10010;12;10012;12;10013;13;10002.0;0.0
9;58300;INTARIAN_PEPPER_ROOT;22051;11;;;;;22063;10;;;;;22057.0;0.0
9;58400;ASH_COATED_OSMIUM;9988;14;9985;12;9984;22;10004;11;10005;22;10008;12;9996.5;0.0
9;58400;INTARIAN_PEPPER_ROOT;22048;10;;;;;22062;8;;;;;22055.0;0.0
9;58500;ASH_COATED_OSMIUM;9988;12;9985;14;9983;14;10004;10;10006;11;10009;15;9996.5;0.0
9;58500;INTARIAN_PEPPER_ROOT;22054;8;22053;8;;;22057;15;22060;12;;;22056.0;0.0
9;58600;ASH_COATED_OSMIUM;9993;11;9992;4;9991;14;10009;15;10010;12;10012;11;10001.5;0.0
9;58600;INTARIAN_PEPPER_ROOT;22050;25;22047;12;;;22064;9;22065;19;;;22057.5;0.0
9;58700;ASH_COATED_OSMIUM;9988;12;;;;;10004;11;;;;;9996.0;0.0
9;58700;INTARIAN_PEPPER_ROOT;22049;9;22047;11;;;22064;12;22067;10;;;22057.0;0.0
9;58800;ASH_COATED_OSMIUM;9988;12;9986;11;;;10004;23;10007;15;;;9996.0;0.0
9;58800;INTARIAN_PEPPER_ROOT;22052;11;22049;11;;;22068;11;22070;12;;;22060.0;0.0
9;58900;ASH_COATED_OSMIUM;9997;3;9994;11;9991;11;10004;13;10006;7;10007;11;10001.0;0.0
9;58900;INTARIAN_PEPPER_ROOT;22049;18;;;;;22063;11;;;;;22056.0;0.0
9;59000;ASH_COATED_OSMIUM;9988;12;9986;15;;;10004;11;10007;13;;;9996.5;0.0
9;59000;INTARIAN_PEPPER_ROOT;22050;11;;;;;22065;21;;;;;22058.0;0.0
9;59100;ASH_COATED_OSMIUM;9992;11;;;;;10011;20;;;;;10001.5;0.0
9;59100;INTARIAN_PEPPER_ROOT;22048;9;22047;9;22045;8;22062;11;22063;11;22066;10;22055.5;0.0
9;59200;ASH_COATED_OSMIUM;9987;26;9986;13;;;10005;11;10007;11;;;9996.5;0.0
9;59200;INTARIAN_PEPPER_ROOT;22050;8;;;;;22066;10;;;;;22058.0;0.0
9;59300;ASH_COATED_OSMIUM;9988;11;9985;11;;;10004;28;10007;11;;;9996.0;0.0
9;59300;INTARIAN_PEPPER_ROOT;22053;12;22052;9;;;22068;21;22070;12;;;22061.0;0.0
9;59400;ASH_COATED_OSMIUM;9988;12;;;;;10004;10;;;;;9996.5;0.0
9;59400;INTARIAN_PEPPER_ROOT;22053;25;22050;10;;;22066;8;22067;11;;;22060.0;0.0
9;59500;ASH_COATED_OSMIUM;9994;12;;;;;10010;29;;;;;10002.0;0.0
9;59500;INTARIAN_PEPPER_ROOT;22051;8;22048;8;;;22066;11;22068;12;;;22058.5;0.0
9;59600;ASH_COATED_OSMIUM;9987;12;;;;;10005;25;;;;;9996.5;0.0
9;59600;INTARIAN_PEPPER_ROOT;22054;11;;;;;22066;10;;;;;22060.0;0.0
9;59700;ASH_COATED_OSMIUM;9993;11;9992;13;;;10012;15;10015;12;;;10002.5;0.0
9;59700;INTARIAN_PEPPER_ROOT;22054;12;22052;10;;;22069;9;22070;12;;;22061.5;0.0
9;59800;ASH_COATED_OSMIUM;9988;27;9985;10;;;10004;12;10007;12;;;9996.5;0.0
9;59800;INTARIAN_PEPPER_ROOT;22050;8;;;;;22066;9;;;;;22058.5;0.0
9;59900;ASH_COATED_OSMIUM;9994;15;9993;11;9992;15;10010;15;10011;11;10012;10;10002.0;0.0
9;59900;INTARIAN_PEPPER_ROOT;22056;12;;;;;22070;24;;;;;22063.0;0.0
9;60000;ASH_COATED_OSMIUM;9990;10;;;;;10003;11;;;;;9997.0;0.0
9;60000;INTARIAN_PEPPER_ROOT;22054;11;;;;;22068;12;;;;;22061.5;0.0
9;60100;ASH_COATED_OSMIUM;9994;4;9993;10;;;10010;10;10012;11;;;10002.0;0.0
9;60100;INTARIAN_PEPPER_ROOT;22049;8;;;;;22064;18;;;;;22057.0;0.0
9;60200;ASH_COATED_OSMIUM;9987;10;9985;10;;;10005;12;10006;12;;;9996.5;0.0
9;60200;INTARIAN_PEPPER_ROOT;22055;8;;;;;22068;11;;;;;22062.0;0.0
9;60300;ASH_COATED_OSMIUM;9994;10;9992;27;;;10010;12;10011;12;;;10002.0;0.0
9;60300;INTARIAN_PEPPER_ROOT;22054;22;;;;;22068;12;;;;;22061.5;0.0
9;60400;ASH_COATED_OSMIUM;9989;13;;;;;10005;13;;;;;9997.0;0.0
9;60400;INTARIAN_PEPPER_ROOT;22054;10;22052;9;;;22067;10;22070;11;;;22061.0;0.0
9;60500;ASH_COATED_OSMIUM;9989;10;9986;11;9984;21;10005;15;10006;27;10008;21;9997.0;0.0
9;60500;INTARIAN_PEPPER_ROOT;22051;12;22049;8;;;22068;8;22071;11;;;22059.5;0.0
9;60600;ASH_COATED_OSMIUM;9994;10;9993;14;;;10013;27;10016;14;;;10003.5;0.0
9;60600;INTARIAN_PEPPER_ROOT;22053;9;22051;10;22048;12;22066;10;22067;9;22070;21;22060.0;0.0
9;60700;ASH_COATED_OSMIUM;9995;10;9992;2;;;10011;10;10013;14;;;10003.5;0.0
9;60700;INTARIAN_PEPPER_ROOT;22051;9;22049;9;;;22065;8;22068;11;;;22058.0;0.0
9;60800;ASH_COATED_OSMIUM;9996;26;;;;;10012;14;;;;;10004.0;0.0
9;60800;INTARIAN_PEPPER_ROOT;22054;10;22051;8;;;22067;10;22069;8;;;22061.0;0.0
9;60900;ASH_COATED_OSMIUM;9996;10;9993;11;;;10012;10;10013;14;;;10004.0;0.0
9;60900;INTARIAN_PEPPER_ROOT;22052;10;22051;10;22049;10;22065;12;22066;9;22068;9;22059.0;0.0
9;61000;ASH_COATED_OSMIUM;9996;29;9993;10;9992;15;10012;13;10015;14;10018;10;10004.0;0.0
9;61000;INTARIAN_PEPPER_ROOT;22055;11;22052;8;;;22068;9;22069;15;;;22061.5;0.0
9;61100;ASH_COATED_OSMIUM;9996;10;9994;12;;;10012;12;10013;15;;;10004.0;0.0
9;61100;INTARIAN_PEPPER_ROOT;22058;11;22056;8;22055;10;22070;9;22072;10;22073;12;22064.5;0.0
9;61200;ASH_COATED_OSMIUM;9994;10;9992;15;;;10003;13;10006;15;;;9999.0;0.0
9;61200;INTARIAN_PEPPER_ROOT;22057;8;22054;5;22052;9;22068;22;22069;8;22071;9;22062.5;0.0
9;61300;ASH_COATED_OSMIUM;9996;15;9994;21;;;10012;15;10013;13;;;10004.0;0.0
9;61300;INTARIAN_PEPPER_ROOT;22055;9;22052;8;;;22071;8;22072;9;;;22063.5;0.0
9;61400;ASH_COATED_OSMIUM;9995;14;9992;15;9991;13;10011;21;10012;15;10014;12;10003.5;0.0
9;61400;INTARIAN_PEPPER_ROOT;22053;10;22050;12;;;22065;12;22067;12;;;22059.5;0.0
9;61500;ASH_COATED_OSMIUM;9993;15;;;;;10014;13;;;;;10003.5;0.0
9;61500;INTARIAN_PEPPER_ROOT;22055;12;22054;11;;;22066;8;22069;11;;;22061.0;0.0
9;61600;ASH_COATED_OSMIUM;9988;10;;;;;10007;12;;;;;9998.0;0.0
9;61600;INTARIAN_PEPPER_ROOT;22059;22;;;;;22073;7;;;;;22066.0;0.0
9;61700;ASH_COATED_OSMIUM;9995;14;9993;12;9990;11;10011;11;10013;24;10015;14;10003.5;0.0
9;61700;INTARIAN_PEPPER_ROOT;22051;12;22049;12;;;22064;11;22065;12;;;22057.5;0.0
9;61800;ASH_COATED_OSMIUM;9994;15;9992;15;;;10013;14;10015;15;;;10004.0;0.0
9;61800;INTARIAN_PEPPER_ROOT;22058;10;;;;;22075;8;;;;;22067.0;0.0
9;61900;ASH_COATED_OSMIUM;9994;4;9993;14;;;10010;15;10011;12;;;10002.5;0.0
9;61900;INTARIAN_PEPPER_ROOT;22058;12;22056;12;;;22069;11;22070;11;;;22064.0;0.0
9;62000;ASH_COATED_OSMIUM;9988;12;9987;10;;;10007;14;10009;10;;;9997.5;0.0
9;62000;INTARIAN_PEPPER_ROOT;22055;10;22052;10;22051;12;22068;10;22070;16;22073;10;22061.5;0.0
9;62100;ASH_COATED_OSMIUM;9994;11;9991;15;;;10012;13;10013;14;;;10003.0;0.0
9;62100;INTARIAN_PEPPER_ROOT;22055;8;22052;17;22049;20;22068;4;22071;17;22072;12;22062.0;0.0
9;62200;ASH_COATED_OSMIUM;9995;13;;;;;10011;11;;;;;10003.5;0.0
9;62200;INTARIAN_PEPPER_ROOT;22055;10;;;;;22071;8;;;;;22063.5;0.0
9;62300;ASH_COATED_OSMIUM;9995;15;9994;13;;;10011;10;10012;11;;;10003.5;0.0
9;62300;INTARIAN_PEPPER_ROOT;22057;9;22054;11;;;22068;11;22069;11;;;22062.5;0.0
9;62400;ASH_COATED_OSMIUM;9995;12;;;;;10013;15;;;;;10004.0;0.0
9;62400;INTARIAN_PEPPER_ROOT;22056;17;22055;10;22054;9;22073;8;22076;11;22077;10;22064.5;0.0
9;62500;ASH_COATED_OSMIUM;9996;15;9994;10;9993;10;10012;27;10015;20;10016;28;10004.0;0.0
9;62500;INTARIAN_PEPPER_ROOT;22053;11;;;;;22065;11;;;;;22059.5;0.0
9;62600;ASH_COATED_OSMIUM;9995;15;;;;;10011;10;;;;;10003.5;0.0
9;62600;INTARIAN_PEPPER_ROOT;22056;9;22055;17;22054;9;22070;9;22072;10;22074;25;22063.5;0.0
9;62700;ASH_COATED_OSMIUM;9995;11;9993;21;;;10011;13;10012;10;;;10003.5;0.0
9;62700;INTARIAN_PEPPER_ROOT;22057;9;22054;11;;;22069;11;22070;10;;;22063.0;0.0
9;62800;ASH_COATED_OSMIUM;9990;15;9987;15;9986;13;10006;14;10007;24;10008;26;9998.0;0.0
9;62800;INTARIAN_PEPPER_ROOT;22055;9;22054;10;;;22068;12;22070;12;;;22062.0;0.0
9;62900;ASH_COATED_OSMIUM;9993;10;9991;11;;;10012;11;10013;13;;;10003.0;0.0
9;62900;INTARIAN_PEPPER_ROOT;22057;9;22054;11;;;22071;25;22073;11;;;22064.0;0.0
9;63000;ASH_COATED_OSMIUM;9995;14;;;;;10011;12;;;;;10003.0;0.0
9;63000;INTARIAN_PEPPER_ROOT;22060;9;22057;8;22054;8;22063;12;22066;10;22068;8;22062.0;0.0
9;63100;ASH_COATED_OSMIUM;9994;26;9991;5;9990;14;10010;12;10012;25;10013;11;10002.5;0.0
9;63100;INTARIAN_PEPPER_ROOT;22055;7;22054;11;;;22067;8;22068;8;;;22061.5;0.0
9;63200;ASH_COATED_OSMIUM;9988;12;9986;12;;;10006;26;10008;13;;;9997.5;0.0
9;63200;INTARIAN_PEPPER_ROOT;22054;11;;;;;22069;7;;;;;22061.5;0.0
9;63300;ASH_COATED_OSMIUM;9999;11;9996;14;;;10006;12;10009;13;;;10002.5;0.0
9;63300;INTARIAN_PEPPER_ROOT;22056;7;;;;;22069;9;;;;;22062.5;0.0
9;63400;ASH_COATED_OSMIUM;9990;10;9989;10;9988;29;10006;2;10009;11;10012;10;9998.0;0.0
9;63400;INTARIAN_PEPPER_ROOT;22056;9;22053;12;;;22069;9;22072;9;;;22062.5;0.0
9;63500;ASH_COATED_OSMIUM;9999;20;;;;;10009;15;;;;;10004.0;0.0
9;63500;INTARIAN_PEPPER_ROOT;22057;10;22054;8;22053;8;22069;9;22071;9;22074;10;22063.0;0.0
9;63600;ASH_COATED_OSMIUM;9996;24;;;;;10012;11;;;;;10004.0;0.0
9;63600;INTARIAN_PEPPER_ROOT;22061;9;22059;9;;;22072;12;22073;9;;;22066.5;0.0
9;63700;ASH_COATED_OSMIUM;9996;13;9995;10;;;10012;25;10013;15;;;10004.5;0.0
9;63700;INTARIAN_PEPPER_ROOT;22055;10;22052;10;;;22068;9;22071;19;;;22062.0;0.0
9;63800;ASH_COATED_OSMIUM;9996;15;;;;;10012;2;;;;;10004.0;0.0
9;63800;INTARIAN_PEPPER_ROOT;22056;9;;;;;22070;9;;;;;22063.0;0.0
9;63900;ASH_COATED_OSMIUM;9996;27;9993;20;9991;11;10012;15;10015;13;10018;12;10004.0;0.0
9;63900;INTARIAN_PEPPER_ROOT;22055;12;22054;9;;;22070;12;22071;24;;;22062.5;0.0
9;64000;ASH_COATED_OSMIUM;9991;11;;;;;10007;23;;;;;9999.0;0.0
9;64000;INTARIAN_PEPPER_ROOT;22064;21;22063;15;;;22066;8;22068;10;;;22065.0;0.0
9;64100;ASH_COATED_OSMIUM;9996;10;9994;14;;;10012;14;10013;14;;;10004.0;0.0
9;64100;INTARIAN_PEPPER_ROOT;22060;25;22057;20;;;22074;11;22076;10;;;22067.0;0.0
9;64200;ASH_COATED_OSMIUM;9996;30;9993;12;9992;12;10012;14;10014;12;10017;21;10004.5;0.0
9;64200;INTARIAN_PEPPER_ROOT;22057;10;22055;12;;;22068;9;22071;8;;;22062.5;0.0
9;64300;ASH_COATED_OSMIUM;10001;11;9999;14;;;10007;15;10009;12;;;10004.5;0.0
9;64300;INTARIAN_PEPPER_ROOT;22058;10;22056;8;22055;8;22072;9;22075;9;22076;9;22065.0;0.0
9;64400;ASH_COATED_OSMIUM;9991;10;9990;11;9988;13;10007;10;10009;10;10011;10;9999.0;0.0
9;64400;INTARIAN_PEPPER_ROOT;22056;15;;;;;22067;8;;;;;22062.0;0.0
9;64500;ASH_COATED_OSMIUM;9994;11;;;;;10015;11;;;;;10004.5;0.0
9;64500;INTARIAN_PEPPER_ROOT;22059;10;22056;9;22054;18;22073;15;22076;9;22079;8;22066.0;0.0
9;64600;ASH_COATED_OSMIUM;9996;27;9994;15;;;10012;13;10015;26;;;10004.5;0.0
9;64600;INTARIAN_PEPPER_ROOT;22054;9;;;;;22071;18;;;;;22062.5;0.0
9;64700;ASH_COATED_OSMIUM;9991;13;9990;24;9989;14;10007;13;10008;14;10010;15;9999.5;0.0
9;64700;INTARIAN_PEPPER_ROOT;22056;23;22055;8;;;22069;12;22071;17;;;22062.5;0.0
