day;timestamp;product;bid_price_1;bid_volume_1;bid_price_2;bid_volume_2;bid_price_3;bid_volume_3;ask_price_1;ask_volume_1;ask_price_2;ask_volume_2;ask_price_3;ask_volume_3;mid_price;profit_and_loss
5;0;ASH_COATED_OSMIUM;10000;11;9999;14;;;10006;11;10009;11;;;10003.5;0.0
5;0;INTARIAN_PEPPER_ROOT;17990;10;17987;9;17986;9;18007;9;18010;11;18011;8;17998.5;0.0
5;100;ASH_COATED_OSMIUM;9994;10;9993;25;9990;13;10012;15;10014;15;10016;12;10003.0;0.0
5;100;INTARIAN_PEPPER_ROOT;17993;10;17992;10;;;18006;9;18007;15;;;17999.5;0.0
5;200;ASH_COATED_OSMIUM;9993;12;9990;12;;;10003;11;10006;14;;;9998.5;0.0
5;200;INTARIAN_PEPPER_ROOT;17993;12;17992;25;17990;10;18007;12;18010;11;18011;9;18000.5;0.0
5;300;ASH_COATED_OSMIUM;9989;10;9988;11;;;10005;26;10008;10;;;9997.5;0.0
5;300;INTARIAN_PEPPER_ROOT;17993;11;17990;8;;;18005;9;18008;11;;;17999.5;0.0
5;400;ASH_COATED_OSMIUM;9992;11;9989;15;;;10013;12;10014;12;;;10002.5;0.0
5;400;INTARIAN_PEPPER_ROOT;17993;9;17992;10;17989;8;18008;10;18011;8;18014;8;18000.5;0.0
5;500;ASH_COATED_OSMIUM;9997;12;9994;14;9992;12;10007;30;10009;28;10012;13;10002.5;0.0
5;500;INTARIAN_PEPPER_ROOT;17989;8;17987;16;;;18006;11;18009;10;;;17997.5;0.0
5;600;ASH_COATED_OSMIUM;9993;12;;;;;10012;25;;;;;10003.0;0.0
5;600;INTARIAN_PEPPER_ROOT;17999;8;17998;9;17996;10;18011;11;18014;15;18017;19;18005.0;0.0
5;700;ASH_COATED_OSMIUM;9989;12;;;;;10005;11;;;;;9997.5;0.0
5;700;INTARIAN_PEPPER_ROOT;17994;12;17991;11;;;18007;9;18010;12;;;18001.0;0.0
5;800;ASH_COATED_OSMIUM;9994;10;;;;;10010;27;;;;;10002.5;0.0
5;800;INTARIAN_PEPPER_ROOT;17996;11;;;;;18010;9;;;;;18003.5;0.0
5;900;ASH_COATED_OSMIUM;9988;14;9985;15;9984;10;10004;14;10005;11;10006;12;9996.5;0.0
5;900;INTARIAN_PEPPER_ROOT;17996;12;;;;;18010;11;;;;;18003.0;0.0
5;1000;ASH_COATED_OSMIUM;9988;14;;;;;10004;12;;;;;9996.5;0.0
5;1000;INTARIAN_PEPPER_ROOT;17991;9;17988;19;;;18008;12;18009;12;;;17999.5;0.0
5;1100;ASH_COATED_OSMIUM;9994;10;9993;15;;;10010;13;10013;12;;;10002.5;0.0
5;1100;INTARIAN_PEPPER_ROOT;17989;9;17987;10;;;18001;9;18004;12;;;17995.5;0.0
5;1200;ASH_COATED_OSMIUM;9994;14;9991;20;9988;10;10010;13;10011;23;10014;12;10002.0;0.0
5;1200;INTARIAN_PEPPER_ROOT;17994;17;17992;15;;;18009;11;18010;10;;;18002.0;0.0
5;1300;ASH_COATED_OSMIUM;9989;27;9987;15;9986;15;10005;13;10008;11;10010;4;9997.0;0.0
5;1300;INTARIAN_PEPPER_ROOT;17992;10;17989;9;17986;9;18005;19;18007;10;18009;12;17998.5;0.0
5;1400;ASH_COATED_OSMIUM;9992;13;9990;10;;;10011;15;10013;11;;;10002.0;0.0
5;1400;INTARIAN_PEPPER_ROOT;17997;9;17996;10;;;18009;11;18010;12;;;18003.0;0.0
5;1500;ASH_COATED_OSMIUM;9991;14;;;;;10012;14;;;;;10002.0;0.0
5;1500;INTARIAN_PEPPER_ROOT;17995;11;17994;25;17991;11;18007;11;18010;9;18012;10;18001.5;0.0
5;1600;ASH_COATED_OSMIUM;9988;11;9986;14;9983;15;10004;27;10007;12;10008;15;9996.5;0.0
5;1600;INTARIAN_PEPPER_ROOT;17995;12;17994;10;17993;22;18006;10;18008;12;18009;9;18000.5;0.0
5;1700;ASH_COATED_OSMIUM;9994;15;9991;12;;;10010;14;10011;2;;;10002.0;0.0
5;1700;INTARIAN_PEPPER_ROOT;17996;9;17994;10;;;18008;12;18011;9;;;18002.0;0.0
5;1800;ASH_COATED_OSMIUM;9997;13;;;;;10007;4;;;;;10002.0;0.0
5;1800;INTARIAN_PEPPER_ROOT;17999;11;17997;17;17995;8;18012;10;18013;11;18016;11;18005.5;0.0
5;1900;ASH_COATED_OSMIUM;9989;12;9988;15;9985;13;10005;13;10008;13;10010;10;9997.5;0.0
5;1900;INTARIAN_PEPPER_ROOT;17996;12;17994;23;17993;12;18010;11;18011;8;18012;8;18003.0;0.0
5;2000;ASH_COATED_OSMIUM;9994;14;9991;12;9989;12;10010;11;10013;11;10016;11;10002.5;0.0
5;2000;INTARIAN_PEPPER_ROOT;17992;11;;;;;18009;21;;;;;18000.5;0.0
5;2100;ASH_COATED_OSMIUM;9989;11;;;;;10005;13;;;;;9997.0;0.0
5;2100;INTARIAN_PEPPER_ROOT;17992;4;17991;10;17990;10;18010;9;18011;9;18012;9;18001.5;0.0
5;2200;ASH_COATED_OSMIUM;9987;14;;;;;10006;11;;;;;9997.0;0.0
5;2200;INTARIAN_PEPPER_ROOT;17995;20;;;;;18006;10;;;;;18001.0;0.0
5;2300;ASH_COATED_OSMIUM;9994;14;9993;13;;;10010;13;10011;12;;;10002.0;0.0
5;2300;INTARIAN_PEPPER_ROOT;17996;11;17995;24;;;18010;3;18012;12;;;18003.0;0.0
5;2400;ASH_COATED_OSMIUM;9994;14;9993;11;9991;25;10010;15;10012;24;10013;13;10002.5;0.0
5;2400;INTARIAN_PEPPER_ROOT;17996;12;17993;10;;;18009;12;18012;12;;;18002.5;0.0
5;2500;ASH_COATED_OSMIUM;9994;13;;;;;10010;15;;;;;10002.0;0.0
5;2500;INTARIAN_PEPPER_ROOT;17997;19;;;;;18009;8;;;;;18003.0;0.0
5;2600;ASH_COATED_OSMIUM;9989;11;9987;10;;;10005;14;10007;13;;;9997.0;0.0
5;2600;INTARIAN_PEPPER_ROOT;17997;8;;;;;18010;9;;;;;18003.5;0.0
5;2700;ASH_COATED_OSMIUM;9994;20;9992;14;;;10010;12;10012;22;;;10002.5;0.0
5;2700;INTARIAN_PEPPER_ROOT;17998;10;17996;11;;;18010;12;18011;10;;;18004.5;0.0
5;2800;ASH_COATED_OSMIUM;9993;13;9990;14;;;10011;11;10013;15;;;10002.5;0.0
5;2800;INTARIAN_PEPPER_ROOT;17993;25;17990;12;;;18007;9;18008;9;;;18000.0;0.0
5;2900;ASH_COATED_OSMIUM;9988;20;9987;15;9986;15;10006;15;10007;15;10010;10;9997.0;0.0
5;2900;INTARIAN_PEPPER_ROOT;17995;9;17992;12;;;18009;11;18011;11;;;18002.5;0.0
5;3000;ASH_COATED_OSMIUM;9989;11;9987;11;;;10005;27;10006;5;;;9997.0;0.0
5;3000;INTARIAN_PEPPER_ROOT;17995;12;17993;11;17991;9;18008;11;18011;12;18012;11;18002.0;0.0
5;3100;ASH_COATED_OSMIUM;9994;14;;;;;10010;11;;;;;10002.0;0.0
5;3100;INTARIAN_PEPPER_ROOT;17996;21;17993;11;;;18009;10;18010;12;;;18003.0;0.0
5;3200;ASH_COATED_OSMIUM;9994;3;;;;;10010;10;;;;;10002.0;0.0
5;3200;INTARIAN_PEPPER_ROOT;17996;8;17995;8;17994;21;18009;10;18010;10;18011;12;18002.5;0.0
5;3300;ASH_COATED_OSMIUM;9989;30;9986;10;9985;12;10005;15;10008;13;10010;20;9997.0;0.0
5;3300;INTARIAN_PEPPER_ROOT;18001;9;17999;8;17998;9;18012;8;18015;11;18016;8;18006.5;0.0
5;3400;ASH_COATED_OSMIUM;9988;12;9987;10;9984;10;10004;12;10007;13;10009;11;9996.0;0.0
5;3400;INTARIAN_PEPPER_ROOT;18004;11;18003;10;;;18006;10;18009;8;;;18005.0;0.0
5;3500;ASH_COATED_OSMIUM;9998;12;9997;15;;;10005;28;10008;2;;;10001.5;0.0
5;3500;INTARIAN_PEPPER_ROOT;17996;8;17993;10;;;18009;17;18012;8;;;18002.5;0.0
5;3600;ASH_COATED_OSMIUM;9991;11;9988;22;9987;4;10012;14;10015;12;10018;22;10001.5;0.0
5;3600;INTARIAN_PEPPER_ROOT;17998;11;17996;9;17994;18;18009;11;18010;12;18011;8;18004.0;0.0
5;3700;ASH_COATED_OSMIUM;9988;13;;;;;10004;11;;;;;9996.5;0.0
5;3700;INTARIAN_PEPPER_ROOT;17997;10;17995;11;;;18014;11;18017;10;;;18005.5;0.0
5;3800;ASH_COATED_OSMIUM;9993;13;;;;;10009;13;;;;;10001.5;0.0
5;3800;INTARIAN_PEPPER_ROOT;17999;8;17998;8;;;18013;18;18014;23;;;18006.5;0.0
5;3900;ASH_COATED_OSMIUM;9988;10;9985;15;;;10004;11;10006;10;;;9996.5;0.0
5;3900;INTARIAN_PEPPER_ROOT;17997;9;17995;8;;;18010;10;18012;11;;;18003.5;0.0
5;4000;ASH_COATED_OSMIUM;9994;15;;;;;10010;13;;;;;10002.0;0.0
5;4000;INTARIAN_PEPPER_ROOT;18000;10;17997;16;;;18011;8;18012;15;;;18005.5;0.0
5;4100;ASH_COATED_OSMIUM;9988;12;;;;;10004;15;;;;;9996.0;0.0
5;4100;INTARIAN_PEPPER_ROOT;17995;12;;;;;18010;11;;;;;18002.5;0.0
5;4200;ASH_COATED_OSMIUM;9993;11;9992;15;9991;14;10009;10;10010;13;10012;24;10001.0;0.0
5;4200;INTARIAN_PEPPER_ROOT;17997;23;17996;20;;;18009;11;18011;11;;;18003.5;0.0
5;4300;ASH_COATED_OSMIUM;9993;22;9991;12;9988;15;10009;11;10011;13;10013;14;10001.0;0.0
5;4300;INTARIAN_PEPPER_ROOT;17994;8;;;;;18007;11;;;;;18001.0;0.0
5;4400;ASH_COATED_OSMIUM;9997;25;9994;15;;;10002;13;10004;14;;;10000.0;0.0
5;4400;INTARIAN_PEPPER_ROOT;17996;10;17993;8;;;18012;11;18015;7;;;18004.0;0.0
5;4500;ASH_COATED_OSMIUM;9985;29;;;;;10004;14;;;;;9994.5;0.0
5;4500;INTARIAN_PEPPER_ROOT;17997;11;17994;9;;;18009;10;18011;11;;;18003.0;0.0
5;4600;ASH_COATED_OSMIUM;9990;29;;;;;10009;15;;;;;9999.5;0.0
5;4600;INTARIAN_PEPPER_ROOT;17998;11;17996;9;;;18011;24;18012;8;;;18005.0;0.0
5;4700;ASH_COATED_OSMIUM;9991;12;9989;10;;;10009;12;10011;11;;;10000.0;0.0
5;4700;INTARIAN_PEPPER_ROOT;17998;8;17996;9;;;18011;12;18014;9;;;18005.0;0.0
5;4800;ASH_COATED_OSMIUM;9990;10;;;;;10000;10;;;;;9995.0;0.0
5;4800;INTARIAN_PEPPER_ROOT;18004;8;18002;9;;;18008;10;18010;12;;;18006.0;0.0
5;4900;ASH_COATED_OSMIUM;9987;14;;;;;10003;6;;;;;9995.5;0.0
5;4900;INTARIAN_PEPPER_ROOT;17997;8;;;;;18009;10;;;;;18003.5;0.0
5;5000;ASH_COATED_OSMIUM;9988;11;;;;;10004;12;;;;;9996.0;0.0
5;5000;INTARIAN_PEPPER_ROOT;17996;11;17994;12;17993;11;18010;9;18013;10;18014;10;18003.0;0.0
5;5100;ASH_COATED_OSMIUM;9993;11;9991;10;;;10009;10;10011;13;;;10001.5;0.0
5;5100;INTARIAN_PEPPER_ROOT;17996;8;17993;8;;;18008;8;18010;24;;;18002.5;0.0
5;5200;ASH_COATED_OSMIUM;9992;24;9989;15;;;10010;14;10013;10;;;10001.5;0.0
5;5200;INTARIAN_PEPPER_ROOT;17999;8;;;;;18011;15;;;;;18005.5;0.0
5;5300;ASH_COATED_OSMIUM;9988;14;9985;10;;;10004;2;10006;13;;;9996.5;0.0
5;5300;INTARIAN_PEPPER_ROOT;17997;9;17994;12;17992;12;18009;8;18012;22;18015;22;18003.0;0.0
5;5400;ASH_COATED_OSMIUM;9993;15;;;;;10009;15;;;;;10001.0;0.0
5;5400;INTARIAN_PEPPER_ROOT;17997;9;17994;11;17991;9;18009;9;18012;10;18014;8;18003.5;0.0
5;5500;ASH_COATED_OSMIUM;9988;15;;;;;10004;15;;;;;9996.0;0.0
5;5500;INTARIAN_PEPPER_ROOT;18000;10;;;;;18012;11;;;;;18006.5;0.0
5;5600;ASH_COATED_OSMIUM;9992;20;;;;;10010;10;;;;;10001.0;0.0
5;5600;INTARIAN_PEPPER_ROOT;17998;9;17996;8;;;18009;11;18011;10;;;18004.0;0.0
5;5700;ASH_COATED_OSMIUM;9994;22;9992;10;;;10010;26;10012;14;;;10002.0;0.0
5;5700;INTARIAN_PEPPER_ROOT;17998;11;17996;12;;;18011;12;18012;12;;;18005.0;0.0
5;5800;ASH_COATED_OSMIUM;9988;10;;;;;10004;14;;;;;9996.5;0.0
5;5800;INTARIAN_PEPPER_ROOT;18002;23;18001;10;;;18013;12;18016;11;;;18008.0;0.0
5;5900;ASH_COATED_OSMIUM;9993;25;9992;11;;;10009;10;10011;10;;;10001.5;0.0
5;5900;INTARIAN_PEPPER_ROOT;18002;15;18001;8;;;18015;23;18017;8;;;18008.5;0.0
5;6000;ASH_COATED_OSMIUM;9993;12;9990;15;;;10009;12;10012;24;;;10001.5;0.0
5;6000;INTARIAN_PEPPER_ROOT;18001;11;18000;16;;;18014;12;18015;9;;;18007.5;0.0
5;6100;ASH_COATED_OSMIUM;9989;14;;;;;10005;13;;;;;9997.0;0.0
5;6100;INTARIAN_PEPPER_ROOT;17997;12;;;;;18013;9;;;;;18005.5;0.0
5;6200;ASH_COATED_OSMIUM;9994;15;9991;12;;;10010;10;10011;12;;;10002.5;0.0
5;6200;INTARIAN_PEPPER_ROOT;18002;12;;;;;18013;8;;;;;18008.0;0.0
5;6300;ASH_COATED_OSMIUM;9994;11;9992;14;9990;10;10010;12;10011;15;10012;14;10002.0;0.0
5;6300;INTARIAN_PEPPER_ROOT;18003;11;;;;;18015;8;;;;;18009.5;0.0
5;6400;ASH_COATED_OSMIUM;9993;5;9990;14;9987;14;10011;11;10012;14;10015;11;10002.5;0.0
5;6400;INTARIAN_PEPPER_ROOT;18000;9;17997;10;;;18012;11;18013;12;;;18006.5;0.0
5;6500;ASH_COATED_OSMIUM;9990;27;;;;;10006;12;;;;;9998.5;0.0
5;6500;INTARIAN_PEPPER_ROOT;18003;12;;;;;18017;9;;;;;18010.0;0.0
5;6600;ASH_COATED_OSMIUM;9989;11;9986;21;;;10008;12;10010;13;;;9998.5;0.0
5;6600;INTARIAN_PEPPER_ROOT;18000;16;17997;11;;;18011;19;18012;8;;;18006.0;0.0
5;6700;ASH_COATED_OSMIUM;9990;14;;;;;10006;29;;;;;9998.5;0.0
5;6700;INTARIAN_PEPPER_ROOT;17999;9;17997;3;17995;8;18013;10;18015;8;18017;11;18006.0;0.0
5;6800;ASH_COATED_OSMIUM;9990;15;9989;14;9986;12;10006;30;10009;14;10011;11;9998.5;0.0
5;6800;INTARIAN_PEPPER_ROOT;18001;12;17999;20;;;18013;10;18016;10;;;18007.0;0.0
5;6900;ASH_COATED_OSMIUM;9989;13;;;;;10007;10;;;;;9998.5;0.0
5;6900;INTARIAN_PEPPER_ROOT;17994;11;17993;9;;;18010;9;18013;12;;;18002.0;0.0
5;7000;ASH_COATED_OSMIUM;9997;15;9995;10;;;10010;10;10011;10;;;10003.5;0.0
5;7000;INTARIAN_PEPPER_ROOT;17999;11;17997;9;;;18013;12;18015;18;;;18006.0;0.0
5;7100;ASH_COATED_OSMIUM;9995;12;9993;14;;;10011;22;10013;11;;;10003.5;0.0
5;7100;INTARIAN_PEPPER_ROOT;18000;25;17999;17;;;18014;9;18016;12;;;18007.0;0.0
5;7200;ASH_COATED_OSMIUM;9995;12;9994;13;9993;20;10011;10;10013;15;10014;27;10003.5;0.0
5;7200;INTARIAN_PEPPER_ROOT;18002;10;;;;;18013;25;;;;;18008.0;0.0
5;7300;ASH_COATED_OSMIUM;9990;14;9988;28;9987;12;10006;14;10007;15;10010;13;9998.5;0.0
5;7300;INTARIAN_PEPPER_ROOT;18001;8;;;;;18017;9;;;;;18009.5;0.0
5;7400;ASH_COATED_OSMIUM;9996;14;9994;11;;;10012;30;10015;20;;;10004.0;0.0
5;7400;INTARIAN_PEPPER_ROOT;17997;11;17996;8;17995;11;18009;12;18010;8;18013;24;18003.0;0.0
5;7500;ASH_COATED_OSMIUM;9999;10;;;;;10009;11;;;;;10004.0;0.0
5;7500;INTARIAN_PEPPER_ROOT;18000;9;;;;;18012;8;;;;;18006.5;0.0
5;7600;ASH_COATED_OSMIUM;9991;14;9990;30;9987;22;10007;14;10008;15;10011;10;9999.0;0.0
5;7600;INTARIAN_PEPPER_ROOT;18001;11;18000;11;;;18014;8;18017;8;;;18008.0;0.0
5;7700;ASH_COATED_OSMIUM;9991;23;;;;;10007;10;;;;;9999.0;0.0
5;7700;INTARIAN_PEPPER_ROOT;18002;11;;;;;18015;11;;;;;18009.0;0.0
5;7800;ASH_COATED_OSMIUM;9991;13;9988;28;;;10007;14;10008;3;;;9999.5;0.0
5;7800;INTARIAN_PEPPER_ROOT;18000;12;17998;9;;;18012;8;18015;8;;;18006.5;0.0
5;7900;ASH_COATED_OSMIUM;9991;25;;;;;10007;13;;;;;9999.5;0.0
5;7900;INTARIAN_PEPPER_ROOT;18008;12;;;;;18010;12;;;;;18009.0;0.0
5;8000;ASH_COATED_OSMIUM;9996;12;9993;23;9991;14;10014;24;10017;10;10020;11;10005.0;0.0
5;8000;INTARIAN_PEPPER_ROOT;18000;9;17998;19;;;18014;12;18017;9;;;18007.0;0.0
5;8100;ASH_COATED_OSMIUM;9997;10;9995;10;9994;12;10013;10;10016;12;10019;25;10005.5;0.0
5;8100;INTARIAN_PEPPER_ROOT;18002;11;17999;11;;;18013;11;18014;8;;;18008.0;0.0
5;8200;ASH_COATED_OSMIUM;9997;13;9996;10;;;10013;13;10016;14;;;10005.5;0.0
5;8200;INTARIAN_PEPPER_ROOT;18005;9;18002;25;;;18016;11;18017;11;;;18010.5;0.0
5;8300;ASH_COATED_OSMIUM;9998;13;9997;29;;;10014;13;10017;14;;;10006.0;0.0
5;8300;INTARIAN_PEPPER_ROOT;17999;10;17996;11;;;18014;10;18016;11;;;18007.0;0.0
5;8400;ASH_COATED_OSMIUM;9996;13;9993;11;;;10015;12;10018;13;;;10006.0;0.0
5;8400;INTARIAN_PEPPER_ROOT;18003;9;18000;20;;;18015;11;18017;11;;;18009.5;0.0
5;8500;ASH_COATED_OSMIUM;9998;30;;;;;10014;12;;;;;10006.0;0.0
5;8500;INTARIAN_PEPPER_ROOT;18003;11;18001;12;;;18014;11;18017;12;;;18008.5;0.0
5;8600;ASH_COATED_OSMIUM;9998;23;9996;15;9993;21;10014;12;10015;14;10018;11;10006.0;0.0
5;8600;INTARIAN_PEPPER_ROOT;18004;8;;;;;18017;11;;;;;18011.0;0.0
5;8700;ASH_COATED_OSMIUM;9997;15;;;;;10015;12;;;;;10006.0;0.0
5;8700;INTARIAN_PEPPER_ROOT;18000;9;17997;10;;;18013;10;18014;12;;;18007.0;0.0
5;8800;ASH_COATED_OSMIUM;9997;12;9995;25;;;10015;11;10016;11;;;10006.0;0.0
5;8800;INTARIAN_PEPPER_ROOT;18000;9;;;;;18017;11;;;;;18008.5;0.0
5;8900;ASH_COATED_OSMIUM;9993;13;9992;15;;;10009;11;10012;14;;;10001.0;0.0
5;8900;INTARIAN_PEPPER_ROOT;18002;11;;;;;18015;8;;;;;18009.0;0.0
5;9000;ASH_COATED_OSMIUM;9991;21;9990;30;;;10010;11;10013;26;;;10000.5;0.0
5;9000;INTARIAN_PEPPER_ROOT;18006;10;18005;11;;;18018;10;18020;8;;;18012.0;0.0
5;9100;ASH_COATED_OSMIUM;9992;28;;;;;10008;15;;;;;10000.5;0.0
5;9100;INTARIAN_PEPPER_ROOT;18002;10;;;;;18014;11;;;;;18008.0;0.0
5;9200;ASH_COATED_OSMIUM;9997;12;;;;;10013;25;;;;;10005.0;0.0
5;9200;INTARIAN_PEPPER_ROOT;18001;10;17998;8;17995;12;18014;10;18015;8;18018;11;18007.5;0.0
5;9300;ASH_COATED_OSMIUM;9995;23;9993;23;9992;13;10014;10;10016;14;10018;11;10005.0;0.0
5;9300;INTARIAN_PEPPER_ROOT;18006;12;18003;16;;;18017;8;18019;19;;;18011.5;0.0
5;9400;ASH_COATED_OSMIUM;9991;10;;;;;10009;24;;;;;10000.0;0.0
5;9400;INTARIAN_PEPPER_ROOT;18001;15;17999;10;;;18018;12;18021;11;;;18010.0;0.0
5;9500;ASH_COATED_OSMIUM;9995;25;9993;15;9990;11;10005;14;10006;14;10008;22;10000.0;0.0
5;9500;INTARIAN_PEPPER_ROOT;18003;10;18002;11;18001;21;18015;8;18016;8;18019;10;18009.5;0.0
5;9600;ASH_COATED_OSMIUM;9996;11;9994;10;9991;15;10014;12;10016;12;10018;27;10005.5;0.0
5;9600;INTARIAN_PEPPER_ROOT;17996;12;17994;8;;;18010;9;18012;9;;;18003.5;0.0
5;9700;ASH_COATED_OSMIUM;9991;14;9988;20;;;10010;12;10012;14;;;10000.5;0.0
5;9700;INTARIAN_PEPPER_ROOT;18003;21;18002;17;;;18017;11;18019;11;;;18010.0;0.0
5;9800;ASH_COATED_OSMIUM;9997;14;;;;;10013;27;;;;;10005.0;0.0
5;9800;INTARIAN_PEPPER_ROOT;18004;10;;;;;18016;11;;;;;18010.5;0.0
5;9900;ASH_COATED_OSMIUM;9996;15;9993;13;;;10012;13;10014;14;;;10004.5;0.0
5;9900;INTARIAN_PEPPER_ROOT;18000;12;17998;11;;;18016;10;18018;8;;;18008.0;0.0
5;10000;ASH_COATED_OSMIUM;9995;15;9994;10;;;10014;13;10017;28;;;10005.0;0.0
5;10000;INTARIAN_PEPPER_ROOT;18004;9;;;;;18015;12;;;;;18009.5;0.0
5;10100;ASH_COATED_OSMIUM;9991;10;9988;12;9987;12;10007;23;10009;15;10011;12;9999.0;0.0
5;10100;INTARIAN_PEPPER_ROOT;18005;11;;;;;18016;10;;;;;18010.5;0.0
5;10200;ASH_COATED_OSMIUM;9995;13;;;;;10013;11;;;;;10004.5;0.0
5;10200;INTARIAN_PEPPER_ROOT;18006;11;;;;;18019;8;;;;;18012.5;0.0
5;10300;ASH_COATED_OSMIUM;9995;13;9992;15;9990;14;10004;21;10007;14;10010;12;9999.5;0.0
5;10300;INTARIAN_PEPPER_ROOT;18006;8;18005;11;;;18017;9;18019;12;;;18011.5;0.0
5;10400;ASH_COATED_OSMIUM;9997;13;9996;11;;;10013;22;10015;12;;;10005.0;0.0
5;10400;INTARIAN_PEPPER_ROOT;18006;19;18003;9;18000;10;18019;8;18020;12;18021;12;18012.5;0.0
5;10500;ASH_COATED_OSMIUM;9997;29;9995;11;;;10013;12;10016;13;;;10005.5;0.0
5;10500;INTARIAN_PEPPER_ROOT;18003;10;18000;8;17999;8;18019;12;18021;11;18023;11;18011.0;0.0
5;10600;ASH_COATED_OSMIUM;9992;15;;;;;10008;14;;;;;10000.5;0.0
5;10600;INTARIAN_PEPPER_ROOT;18004;9;18001;8;18000;22;18018;12;18019;10;18022;11;18011.5;0.0
5;10700;ASH_COATED_OSMIUM;9997;10;9995;10;9993;10;10013;2;10016;13;10017;12;10005.5;0.0
5;10700;INTARIAN_PEPPER_ROOT;17999;8;;;;;18010;21;;;;;18005.0;0.0
5;10800;ASH_COATED_OSMIUM;9989;15;9986;24;;;10010;15;10013;10;;;10000.0;0.0
5;10800;INTARIAN_PEPPER_ROOT;18005;8;18002;11;18000;12;18018;10;18021;23;18022;8;18012.0;0.0
5;10900;ASH_COATED_OSMIUM;9995;24;9992;10;9989;12;10016;13;10017;12;10020;13;10005.5;0.0
5;10900;INTARIAN_PEPPER_ROOT;18004;11;18001;11;;;18017;23;18020;12;;;18011.0;0.0
5;11000;ASH_COATED_OSMIUM;9995;14;9992;5;;;10014;15;10015;15;;;10005.0;0.0
5;11000;INTARIAN_PEPPER_ROOT;18004;8;18002;12;17999;8;18018;8;18019;11;18022;9;18011.0;0.0
5;11100;ASH_COATED_OSMIUM;9997;13;9994;26;9991;13;10013;11;10016;12;10018;13;10005.0;0.0
5;11100;INTARIAN_PEPPER_ROOT;18006;11;18005;8;18002;19;18020;12;18021;10;18023;8;18013.0;0.0
5;11200;ASH_COATED_OSMIUM;9991;12;;;;;10007;12;;;;;9999.0;0.0
5;11200;INTARIAN_PEPPER_ROOT;18005;8;18003;16;;;18016;9;18019;9;;;18010.5;0.0
5;11300;ASH_COATED_OSMIUM;9996;10;;;;;10012;10;;;;;10004.5;0.0
5;11300;INTARIAN_PEPPER_ROOT;18005;11;18004;25;18002;10;18020;15;18021;21;18024;9;18012.5;0.0
5;11400;ASH_COATED_OSMIUM;9990;21;9987;28;;;10009;11;10011;10;;;9999.5;0.0
5;11400;INTARIAN_PEPPER_ROOT;18003;11;;;;;18016;19;;;;;18009.5;0.0
5;11500;ASH_COATED_OSMIUM;9995;12;9993;27;;;10014;12;10016;11;;;10005.0;0.0
5;11500;INTARIAN_PEPPER_ROOT;18003;8;18001;8;;;18019;24;18020;9;;;18011.0;0.0
5;11600;ASH_COATED_OSMIUM;9992;14;;;;;10008;27;;;;;10000.0;0.0
5;11600;INTARIAN_PEPPER_ROOT;18003;10;18002;25;;;18016;22;18019;9;;;18010.0;0.0
5;11700;ASH_COATED_OSMIUM;9996;15;9995;3;;;10014;14;10017;10;;;10005.5;0.0
5;11700;INTARIAN_PEPPER_ROOT;18005;9;;;;;18018;20;;;;;18012.0;0.0
5;11800;ASH_COATED_OSMIUM;9997;10;9995;13;;;10004;15;10007;15;;;10000.5;0.0
5;11800;INTARIAN_PEPPER_ROOT;18001;12;17999;11;;;18014;10;18015;19;;;18007.5;0.0
5;11900;ASH_COATED_OSMIUM;9998;11;9997;14;;;10014;12;10015;15;;;10006.0;0.0
5;11900;INTARIAN_PEPPER_ROOT;18002;9;;;;;18019;9;;;;;18010.5;0.0
5;12000;ASH_COATED_OSMIUM;9992;15;9991;10;9988;15;10010;11;10013;14;10016;28;10001.0;0.0
5;12000;INTARIAN_PEPPER_ROOT;18004;12;18003;20;;;18021;10;18023;11;;;18012.5;0.0
5;12100;ASH_COATED_OSMIUM;9997;13;9996;11;;;10016;4;10019;13;;;10007.0;0.0
5;12100;INTARIAN_PEPPER_ROOT;18004;8;18002;12;;;18019;12;18021;12;;;18012.0;0.0
5;12200;ASH_COATED_OSMIUM;9993;30;9992;13;;;10009;23;10010;15;;;10001.5;0.0
5;12200;INTARIAN_PEPPER_ROOT;18005;11;18002;8;;;18017;12;18020;9;;;18011.0;0.0
5;12300;ASH_COATED_OSMIUM;9993;3;;;;;10011;22;;;;;10002.0;0.0
5;12300;INTARIAN_PEPPER_ROOT;18004;9;;;;;18019;9;;;;;18012.0;0.0
5;12400;ASH_COATED_OSMIUM;9994;30;;;;;10010;23;;;;;10002.0;0.0
5;12400;INTARIAN_PEPPER_ROOT;18003;10;18002;5;;;18020;18;18021;12;;;18012.0;0.0
5;12500;ASH_COATED_OSMIUM;9994;15;;;;;10010;10;;;;;10002.0;0.0
5;12500;INTARIAN_PEPPER_ROOT;18006;25;18003;8;18000;10;18019;19;18022;12;18025;8;18013.0;0.0
5;12600;ASH_COATED_OSMIUM;9993;14;;;;;10009;11;;;;;10001.5;0.0
5;12600;INTARIAN_PEPPER_ROOT;18003;8;18000;12;17999;10;18015;12;18018;20;18020;12;18009.5;0.0
5;12700;ASH_COATED_OSMIUM;9992;14;;;;;10011;15;;;;;10002.0;0.0
5;12700;INTARIAN_PEPPER_ROOT;18004;11;18003;10;;;18016;11;18017;9;;;18010.0;0.0
5;12800;ASH_COATED_OSMIUM;9997;26;9995;29;;;10015;13;10017;12;;;10006.5;0.0
5;12800;INTARIAN_PEPPER_ROOT;18006;9;18005;12;;;18025;10;18027;22;;;18015.5;0.0
5;12900;ASH_COATED_OSMIUM;9998;12;9996;25;;;10014;21;10017;10;;;10006.5;0.0
5;12900;INTARIAN_PEPPER_ROOT;18012;11;18010;12;18009;22;18015;9;18016;9;18019;8;18014.0;0.0
5;13000;ASH_COATED_OSMIUM;9998;12;9996;10;9993;11;10014;12;10017;11;10019;28;10006.5;0.0
5;13000;INTARIAN_PEPPER_ROOT;18007;8;18005;9;;;18019;10;18022;12;;;18013.0;0.0
5;13100;ASH_COATED_OSMIUM;9994;12;9992;29;;;10010;13;10011;14;;;10002.0;0.0
5;13100;INTARIAN_PEPPER_ROOT;18005;11;18002;8;18000;6;18021;11;18024;9;18025;12;18013.0;0.0
5;13200;ASH_COATED_OSMIUM;9999;14;9997;23;9996;14;10015;15;10016;13;10019;10;10007.5;0.0
5;13200;INTARIAN_PEPPER_ROOT;18007;9;18004;9;18001;10;18020;8;18023;12;18026;9;18013.5;0.0
5;13300;ASH_COATED_OSMIUM;9999;15;9997;15;9996;10;10015;15;10017;14;10018;11;10007.5;0.0
5;13300;INTARIAN_PEPPER_ROOT;18006;11;18004;22;;;18018;8;18019;9;;;18012.5;0.0
5;13400;ASH_COATED_OSMIUM;9998;29;9995;2;;;10017;14;10018;14;;;10007.5;0.0
5;13400;INTARIAN_PEPPER_ROOT;18004;8;18002;16;18000;12;18020;8;18022;9;18025;12;18012.0;0.0
5;13500;ASH_COATED_OSMIUM;9999;3;9998;12;;;10015;12;10016;7;;;10007.0;0.0
5;13500;INTARIAN_PEPPER_ROOT;18005;8;18002;11;;;18019;10;18021;10;;;18012.5;0.0
5;13600;ASH_COATED_OSMIUM;9994;15;;;;;10010;12;;;;;10002.0;0.0
5;13600;INTARIAN_PEPPER_ROOT;18004;9;;;;;18018;12;;;;;18011.5;0.0
5;13700;ASH_COATED_OSMIUM;9999;13;9996;13;;;10015;14;10017;13;;;10007.0;0.0
5;13700;INTARIAN_PEPPER_ROOT;18007;8;18005;11;;;18024;10;18025;12;;;18015.5;0.0
5;13800;ASH_COATED_OSMIUM;9992;11;9991;24;;;10010;12;10013;25;;;10001.0;0.0
5;13800;INTARIAN_PEPPER_ROOT;18008;10;18007;9;18006;11;18019;10;18021;8;18024;8;18013.5;0.0
5;13900;ASH_COATED_OSMIUM;9993;24;;;;;10009;10;;;;;10001.5;0.0
5;13900;INTARIAN_PEPPER_ROOT;18009;11;18007;25;;;18021;8;18023;9;;;18015.5;0.0
5;14000;ASH_COATED_OSMIUM;9999;2;9997;11;9995;26;10015;29;10017;12;10018;28;10007.0;0.0
5;14000;INTARIAN_PEPPER_ROOT;18007;19;;;;;18018;10;;;;;18012.5;0.0
5;14100;ASH_COATED_OSMIUM;9999;21;9998;13;9996;11;10015;22;10017;11;10019;13;10007.0;0.0
5;14100;INTARIAN_PEPPER_ROOT;18013;8;18011;12;18009;8;18016;8;18019;19;18021;17;18014.5;0.0
5;14200;ASH_COATED_OSMIUM;9998;14;;;;;10016;29;;;;;10007.0;0.0
5;14200;INTARIAN_PEPPER_ROOT;18007;8;18005;8;18003;9;18019;12;18022;12;18024;12;18013.0;0.0
5;14300;ASH_COATED_OSMIUM;9993;25;;;;;10009;14;;;;;10001.5;0.0
5;14300;INTARIAN_PEPPER_ROOT;18009;10;18006;24;;;18023;11;18025;10;;;18016.0;0.0
5;14400;ASH_COATED_OSMIUM;9998;10;;;;;10014;10;;;;;10006.5;0.0
5;14400;INTARIAN_PEPPER_ROOT;18000;10;;;;;18013;17;;;;;18006.5;0.0
5;14500;ASH_COATED_OSMIUM;9992;14;9991;15;9990;15;10010;12;10013;13;10016;13;10001.0;0.0
5;14500;INTARIAN_PEPPER_ROOT;18007;12;18004;9;;;18019;8;18020;19;;;18013.5;0.0
5;14600;ASH_COATED_OSMIUM;9993;13;9992;11;9991;15;10009;7;10010;23;10013;15;10001.5;0.0
5;14600;INTARIAN_PEPPER_ROOT;18007;9;;;;;18019;25;;;;;18013.5;0.0
5;14700;ASH_COATED_OSMIUM;9993;20;9990;14;;;10009;14;10010;20;;;10001.5;0.0
5;14700;INTARIAN_PEPPER_ROOT;18005;11;;;;;18021;8;;;;;18013.0;0.0
5;14800;ASH_COATED_OSMIUM;9994;12;9993;10;;;10010;13;10013;10;;;10002.0;0.0
5;14800;INTARIAN_PEPPER_ROOT;18010;9;18008;12;18007;8;18022;8;18025;11;18026;10;18016.0;0.0
5;14900;ASH_COATED_OSMIUM;9993;14;9992;11;;;10011;11;10014;14;;;10002.0;0.0
5;14900;INTARIAN_PEPPER_ROOT;18009;8;18006;8;;;18021;11;18022;7;;;18015.0;0.0
5;15000;ASH_COATED_OSMIUM;9993;11;9992;22;;;10009;5;10012;12;;;10001.5;0.0
5;15000;INTARIAN_PEPPER_ROOT;18010;10;18007;11;18004;8;18023;10;18024;9;18025;12;18016.5;0.0
5;15100;ASH_COATED_OSMIUM;9999;11;;;;;10015;11;;;;;10007.0;0.0
5;15100;INTARIAN_PEPPER_ROOT;18009;9;;;;;18023;9;;;;;18016.0;0.0
5;15200;ASH_COATED_OSMIUM;9994;3;;;;;10010;28;;;;;10002.5;0.0
5;15200;INTARIAN_PEPPER_ROOT;18009;12;;;;;18023;22;;;;;18016.0;0.0
5;15300;ASH_COATED_OSMIUM;9999;10;9996;13;;;10015;15;10017;15;;;10007.0;0.0
5;15300;INTARIAN_PEPPER_ROOT;18010;11;18008;15;;;18019;8;18022;11;;;18014.5;0.0
5;15400;ASH_COATED_OSMIUM;9999;12;9996;12;;;10015;15;10016;11;;;10007.0;0.0
5;15400;INTARIAN_PEPPER_ROOT;18007;8;;;;;18023;11;;;;;18015.0;0.0
5;15500;ASH_COATED_OSMIUM;9999;10;9996;10;9994;15;10015;14;10016;11;10019;15;10007.0;0.0
5;15500;INTARIAN_PEPPER_ROOT;18007;11;18005;9;;;18021;11;18022;10;;;18014.5;0.0
5;15600;ASH_COATED_OSMIUM;9998;10;;;;;10016;20;;;;;10007.0;0.0
5;15600;INTARIAN_PEPPER_ROOT;18007;8;18004;12;;;18020;11;18022;9;;;18013.5;0.0
5;15700;ASH_COATED_OSMIUM;9993;14;9991;10;;;10011;10;10013;3;;;10002.0;0.0
5;15700;INTARIAN_PEPPER_ROOT;18010;10;18008;9;;;18021;18;18022;8;;;18015.5;0.0
5;15800;ASH_COATED_OSMIUM;9998;14;9997;11;;;10014;4;10016;15;;;10006.0;0.0
5;15800;INTARIAN_PEPPER_ROOT;18009;8;18006;22;;;18024;11;18026;8;;;18017.0;0.0
5;15900;ASH_COATED_OSMIUM;9996;11;9994;12;9991;13;10014;10;10017;13;10018;30;10005.5;0.0
5;15900;INTARIAN_PEPPER_ROOT;18010;23;;;;;18027;9;;;;;18019.0;0.0
5;16000;ASH_COATED_OSMIUM;9996;5;9993;11;;;10005;13;10008;10;;;10000.5;0.0
5;16000;INTARIAN_PEPPER_ROOT;18008;16;18005;8;;;18025;12;18026;8;;;18016.5;0.0
5;16100;ASH_COATED_OSMIUM;9997;28;;;;;10013;14;;;;;10005.5;0.0
5;16100;INTARIAN_PEPPER_ROOT;18006;9;;;;;18024;9;;;;;18015.5;0.0
5;16200;ASH_COATED_OSMIUM;9993;27;9991;14;;;10009;14;10011;14;;;10001.5;0.0
5;16200;INTARIAN_PEPPER_ROOT;18005;19;18002;9;;;18021;9;18024;10;;;18013.5;0.0
5;16300;ASH_COATED_OSMIUM;9996;20;9995;13;;;10015;12;10017;10;;;10006.0;0.0
5;16300;INTARIAN_PEPPER_ROOT;18012;23;18010;10;18007;12;18023;15;18025;10;18028;22;18018.0;0.0
5;16400;ASH_COATED_OSMIUM;9998;15;9997;11;;;10014;11;10016;5;;;10006.0;0.0
5;16400;INTARIAN_PEPPER_ROOT;18011;9;;;;;18023;9;;;;;18017.0;0.0
5;16500;ASH_COATED_OSMIUM;10003;12;10001;14;10000;15;10009;15;10012;12;10014;24;10006.0;0.0
5;16500;INTARIAN_PEPPER_ROOT;18013;10;18010;9;;;18026;12;18027;9;;;18020.0;0.0
5;16600;ASH_COATED_OSMIUM;9992;12;;;;;10008;14;;;;;10000.5;0.0
5;16600;INTARIAN_PEPPER_ROOT;18009;12;18008;9;;;18022;9;18025;11;;;18016.0;0.0
5;16700;ASH_COATED_OSMIUM;9997;12;;;;;10015;14;;;;;10006.0;0.0
5;16700;INTARIAN_PEPPER_ROOT;18011;11;;;;;18022;12;;;;;18016.5;0.0
5;16800;ASH_COATED_OSMIUM;9997;11;9994;10;;;10013;11;10016;10;;;10005.5;0.0
5;16800;INTARIAN_PEPPER_ROOT;18008;12;;;;;18021;10;;;;;18014.5;0.0
5;16900;ASH_COATED_OSMIUM;9997;11;;;;;10013;26;;;;;10005.5;0.0
5;16900;INTARIAN_PEPPER_ROOT;18011;12;18009;16;;;18023;11;18024;21;;;18017.0;0.0
5;17000;ASH_COATED_OSMIUM;9996;13;9995;13;;;10015;30;10016;24;;;10006.0;0.0
5;17000;INTARIAN_PEPPER_ROOT;18013;10;18011;25;18008;16;18025;25;18027;10;18028;9;18019.0;0.0
5;17100;ASH_COATED_OSMIUM;9998;10;9996;11;;;10014;27;10017;14;;;10006.0;0.0
5;17100;INTARIAN_PEPPER_ROOT;18011;22;;;;;18024;9;;;;;18017.5;0.0
5;17200;ASH_COATED_OSMIUM;9998;12;;;;;10014;15;;;;;10006.0;0.0
5;17200;INTARIAN_PEPPER_ROOT;18009;8;18006;12;18003;11;18022;11;18024;11;18025;10;18015.5;0.0
5;17300;ASH_COATED_OSMIUM;9996;10;9993;15;9990;10;10015;11;10018;10;10019;13;10006.0;0.0
5;17300;INTARIAN_PEPPER_ROOT;18009;9;18008;11;;;18024;12;18026;10;;;18016.5;0.0
5;17400;ASH_COATED_OSMIUM;9997;15;9996;11;9995;14;10013;15;10014;23;10016;13;10005.5;0.0
5;17400;INTARIAN_PEPPER_ROOT;18012;10;18010;12;18009;8;18023;8;18024;11;18027;12;18018.0;0.0
5;17500;ASH_COATED_OSMIUM;9997;12;;;;;10013;30;;;;;10005.5;0.0
5;17500;INTARIAN_PEPPER_ROOT;18011;10;18010;9;;;18025;8;18027;9;;;18018.5;0.0
5;17600;ASH_COATED_OSMIUM;9991;12;9990;12;9987;12;10007;24;10008;12;10010;2;9999.5;0.0
5;17600;INTARIAN_PEPPER_ROOT;18012;8;18009;12;18008;10;18024;8;18027;11;18028;11;18018.0;0.0
5;17700;ASH_COATED_OSMIUM;9997;13;9996;22;;;10013;10;10014;15;;;10005.0;0.0
5;17700;INTARIAN_PEPPER_ROOT;18011;11;;;;;18027;8;;;;;18019.0;0.0
5;17800;ASH_COATED_OSMIUM;9997;15;;;;;10013;20;;;;;10005.0;0.0
5;17800;INTARIAN_PEPPER_ROOT;18008;9;;;;;18023;10;;;;;18015.5;0.0
5;17900;ASH_COATED_OSMIUM;9997;14;9994;11;9992;14;10013;10;10014;11;10017;14;10005.0;0.0
5;17900;INTARIAN_PEPPER_ROOT;18012;11;18010;6;;;18027;11;18029;21;;;18019.5;0.0
5;18000;ASH_COATED_OSMIUM;9997;15;9994;14;9991;8;10013;11;10015;15;10016;14;10005.0;0.0
5;18000;INTARIAN_PEPPER_ROOT;18009;12;18008;8;18006;8;18021;11;18024;11;18025;12;18015.5;0.0
5;18100;ASH_COATED_OSMIUM;9997;12;9995;10;;;10013;13;10014;10;;;10005.0;0.0
5;18100;INTARIAN_PEPPER_ROOT;18007;11;;;;;18025;21;;;;;18016.0;0.0
5;18200;ASH_COATED_OSMIUM;9990;13;9988;11;;;10009;27;10012;11;;;10000.0;0.0
5;18200;INTARIAN_PEPPER_ROOT;18012;9;;;;;18024;11;;;;;18018.0;0.0
5;18300;ASH_COATED_OSMIUM;9995;12;9992;13;9990;14;10014;14;10016;26;10018;12;10004.5;0.0
5;18300;INTARIAN_PEPPER_ROOT;18014;9;18012;10;;;18026;10;18027;5;;;18020.0;0.0
5;18400;ASH_COATED_OSMIUM;9991;15;9988;22;;;10007;15;10008;15;;;9999.5;0.0
5;18400;INTARIAN_PEPPER_ROOT;18009;11;18006;10;18003;10;18022;8;18025;23;18026;11;18016.0;0.0
5;18500;ASH_COATED_OSMIUM;9996;14;;;;;10012;11;;;;;10004.5;0.0
5;18500;INTARIAN_PEPPER_ROOT;18010;9;18007;11;;;18022;12;18025;23;;;18016.0;0.0
5;18600;ASH_COATED_OSMIUM;9996;10;9993;13;9991;12;10012;10;10015;2;10017;15;10004.5;0.0
5;18600;INTARIAN_PEPPER_ROOT;18011;5;18010;11;;;18022;9;18023;12;;;18016.5;0.0
5;18700;ASH_COATED_OSMIUM;9990;14;;;;;10008;10;;;;;9999.0;0.0
5;18700;INTARIAN_PEPPER_ROOT;18012;9;18009;8;18006;8;18025;11;18027;8;18028;11;18018.5;0.0
5;18800;ASH_COATED_OSMIUM;9996;12;9993;27;9992;10;10012;11;10014;11;10017;11;10004.0;0.0
5;18800;INTARIAN_PEPPER_ROOT;18013;18;;;;;18025;11;;;;;18019.5;0.0
5;18900;ASH_COATED_OSMIUM;9994;13;9993;15;;;10013;13;10016;11;;;10004.0;0.0
5;18900;INTARIAN_PEPPER_ROOT;18013;11;18010;10;18009;8;18026;9;18028;9;18030;9;18020.0;0.0
5;19000;ASH_COATED_OSMIUM;9996;12;9993;11;;;10012;10;10014;13;;;10004.5;0.0
5;19000;INTARIAN_PEPPER_ROOT;18009;10;18007;9;;;18023;18;18024;10;;;18016.0;0.0
5;19100;ASH_COATED_OSMIUM;9996;22;9993;14;;;10012;12;10014;12;;;10004.5;0.0
5;19100;INTARIAN_PEPPER_ROOT;18014;12;18011;8;;;18026;8;18028;12;;;18020.0;0.0
5;19200;ASH_COATED_OSMIUM;9996;10;9995;12;9994;15;10012;15;10015;13;10017;15;10004.0;0.0
5;19200;INTARIAN_PEPPER_ROOT;18014;10;18012;10;18011;9;18028;10;18029;10;18031;24;18021.0;0.0
5;19300;ASH_COATED_OSMIUM;9995;11;9993;28;;;10014;10;10016;12;;;10004.5;0.0
5;19300;INTARIAN_PEPPER_ROOT;18012;10;18010;11;;;18024;9;18025;8;;;18018.5;0.0
5;19400;ASH_COATED_OSMIUM;9990;13;9987;14;;;10006;10;10009;11;;;9998.5;0.0
5;19400;INTARIAN_PEPPER_ROOT;18007;11;;;;;18023;11;;;;;18015.0;0.0
5;19500;ASH_COATED_OSMIUM;9987;12;9984;11;9983;13;10008;15;10011;22;10012;12;9998.0;0.0
5;19500;INTARIAN_PEPPER_ROOT;18013;8;18011;9;18010;12;18024;11;18027;16;18028;21;18019.0;0.0
5;19600;ASH_COATED_OSMIUM;9995;15;9992;14;9991;12;10011;30;10014;10;10017;10;10003.0;0.0
5;19600;INTARIAN_PEPPER_ROOT;18016;9;;;;;18028;8;;;;;18022.5;0.0
5;19700;ASH_COATED_OSMIUM;9990;11;9987;14;;;10006;15;10007;14;;;9998.0;0.0
5;19700;INTARIAN_PEPPER_ROOT;18012;9;;;;;18024;11;;;;;18018.5;0.0
5;19800;ASH_COATED_OSMIUM;9995;11;;;;;10011;15;;;;;10003.0;0.0
5;19800;INTARIAN_PEPPER_ROOT;18011;9;;;;;18028;9;;;;;18019.5;0.0
5;19900;ASH_COATED_OSMIUM;9995;30;9992;10;;;10011;2;10013;15;;;10003.5;0.0
5;19900;INTARIAN_PEPPER_ROOT;18015;12;18013;11;;;18027;8;18028;18;;;18021.5;0.0
5;20000;ASH_COATED_OSMIUM;9988;15;9987;15;9986;13;10006;12;10008;11;10009;10;9997.5;0.0
5;20000;INTARIAN_PEPPER_ROOT;18016;8;18015;11;18013;10;18029;10;18030;9;18033;11;18022.5;0.0
5;20100;ASH_COATED_OSMIUM;9992;13;;;;;10002;12;;;;;9997.5;0.0
5;20100;INTARIAN_PEPPER_ROOT;18012;12;;;;;18028;10;;;;;18020.5;0.0
5;20200;ASH_COATED_OSMIUM;9993;11;;;;;10012;15;;;;;10002.5;0.0
5;20200;INTARIAN_PEPPER_ROOT;18016;10;18015;11;;;18028;9;18031;17;;;18022.0;0.0
5;20300;ASH_COATED_OSMIUM;9995;15;9994;14;9993;13;10011;11;10013;12;10016;20;10003.0;0.0
5;20300;INTARIAN_PEPPER_ROOT;18015;8;18013;10;18011;9;18027;8;18028;11;18029;10;18021.0;0.0
5;20400;ASH_COATED_OSMIUM;9992;10;9991;14;;;10011;15;10014;15;;;10001.5;0.0
5;20400;INTARIAN_PEPPER_ROOT;18017;12;18014;8;18012;11;18023;12;18025;8;18027;10;18020.0;0.0
5;20500;ASH_COATED_OSMIUM;9989;12;9988;15;;;10005;15;10006;15;;;9997.0;0.0
5;20500;INTARIAN_PEPPER_ROOT;18012;8;;;;;18023;12;;;;;18018.0;0.0
5;20600;ASH_COATED_OSMIUM;9988;13;9986;15;9985;10;10004;10;10007;21;10010;10;9996.5;0.0
5;20600;INTARIAN_PEPPER_ROOT;18015;12;;;;;18028;8;;;;;18021.5;0.0
5;20700;ASH_COATED_OSMIUM;9993;11;9991;14;9989;14;10012;11;10014;20;10015;11;10002.5;0.0
5;20700;INTARIAN_PEPPER_ROOT;18012;9;18010;11;18009;12;18023;10;18025;11;18027;9;18018.0;0.0
5;20800;ASH_COATED_OSMIUM;9995;11;9992;14;;;10011;12;10013;2;;;10003.0;0.0
5;20800;INTARIAN_PEPPER_ROOT;18011;17;18009;9;18008;9;18025;8;18028;10;18029;8;18018.0;0.0
5;20900;ASH_COATED_OSMIUM;9989;12;;;;;10005;11;;;;;9997.5;0.0
5;20900;INTARIAN_PEPPER_ROOT;18014;12;18013;8;;;18027;10;18030;19;;;18021.0;0.0
5;21000;ASH_COATED_OSMIUM;9988;11;9986;10;9984;13;10007;11;10010;14;10012;11;9998.0;0.0
5;21000;INTARIAN_PEPPER_ROOT;18020;20;;;;;18023;9;;;;;18021.5;0.0
5;21100;ASH_COATED_OSMIUM;9995;11;9992;12;;;10011;10;10013;10;;;10003.0;0.0
5;21100;INTARIAN_PEPPER_ROOT;18016;8;;;;;18030;10;;;;;18023.0;0.0
5;21200;ASH_COATED_OSMIUM;9994;15;9993;14;9992;11;10013;14;10016;10;10018;2;10003.5;0.0
5;21200;INTARIAN_PEPPER_ROOT;18009;8;18006;8;;;18025;9;18028;9;;;18017.0;0.0
5;21300;ASH_COATED_OSMIUM;9990;12;9987;5;;;10006;12;10008;13;;;9998.0;0.0
5;21300;INTARIAN_PEPPER_ROOT;18014;11;18013;25;;;18027;18;18030;12;;;18021.0;0.0
5;21400;ASH_COATED_OSMIUM;9995;3;;;;;10011;15;;;;;10003.0;0.0
5;21400;INTARIAN_PEPPER_ROOT;18018;20;;;;;18031;11;;;;;18024.5;0.0
5;21500;ASH_COATED_OSMIUM;9994;12;9991;13;;;10010;11;10013;11;;;10002.5;0.0
5;21500;INTARIAN_PEPPER_ROOT;18013;11;18012;11;18010;11;18026;12;18027;11;18030;12;18019.5;0.0
5;21600;ASH_COATED_OSMIUM;9992;11;9990;11;9989;15;10011;11;10012;12;10014;14;10002.0;0.0
5;21600;INTARIAN_PEPPER_ROOT;18009;18;18007;16;;;18023;9;18026;11;;;18016.0;0.0
5;21700;ASH_COATED_OSMIUM;9992;11;;;;;10010;12;;;;;10001.5;0.0
5;21700;INTARIAN_PEPPER_ROOT;18016;9;;;;;18028;8;;;;;18022.0;0.0
5;21800;ASH_COATED_OSMIUM;9993;15;9992;15;9991;30;10009;27;10012;7;10014;12;10001.5;0.0
5;21800;INTARIAN_PEPPER_ROOT;18013;10;;;;;18029;18;;;;;18021.5;0.0
5;21900;ASH_COATED_OSMIUM;9991;26;9990;13;;;10010;15;10012;11;;;10001.0;0.0
5;21900;INTARIAN_PEPPER_ROOT;18011;9;;;;;18028;10;;;;;18020.0;0.0
5;22000;ASH_COATED_OSMIUM;9992;14;9989;15;9988;14;10008;14;10010;11;10013;12;10000.5;0.0
5;22000;INTARIAN_PEPPER_ROOT;18015;6;18013;12;18010;11;18027;11;18029;5;18031;11;18021.0;0.0
5;22100;ASH_COATED_OSMIUM;9985;11;;;;;10004;10;;;;;9995.0;0.0
5;22100;INTARIAN_PEPPER_ROOT;18013;10;18010;10;18008;12;18026;8;18028;9;18031;12;18019.5;0.0
5;22200;ASH_COATED_OSMIUM;9992;30;;;;;10008;15;;;;;10000.5;0.0
5;22200;INTARIAN_PEPPER_ROOT;18016;8;18013;8;;;18028;12;18029;8;;;18022.5;0.0
5;22300;ASH_COATED_OSMIUM;9991;2;9989;10;9986;11;10010;11;10012;13;10014;22;10001.0;0.0
5;22300;INTARIAN_PEPPER_ROOT;18018;8;;;;;18030;8;;;;;18024.0;0.0
5;22400;ASH_COATED_OSMIUM;9991;21;9989;10;9987;15;10010;11;10011;7;10013;11;10000.5;0.0
5;22400;INTARIAN_PEPPER_ROOT;18017;17;;;;;18032;20;;;;;18025.0;0.0
5;22500;ASH_COATED_OSMIUM;9993;12;9990;5;9987;15;10009;11;10011;10;10012;14;10001.0;0.0
5;22500;INTARIAN_PEPPER_ROOT;18015;12;18014;8;18011;11;18027;15;18030;11;18033;10;18021.5;0.0
5;22600;ASH_COATED_OSMIUM;9992;22;9991;15;;;10008;25;10009;12;;;10000.0;0.0
5;22600;INTARIAN_PEPPER_ROOT;18015;10;;;;;18029;11;;;;;18022.0;0.0
5;22700;ASH_COATED_OSMIUM;9992;11;9989;11;;;10008;11;10009;13;;;10000.0;0.0
5;22700;INTARIAN_PEPPER_ROOT;18015;8;18012;11;;;18029;9;18032;12;;;18022.5;0.0
5;22800;ASH_COATED_OSMIUM;9987;29;9986;11;;;10003;11;10004;10;;;9995.0;0.0
5;22800;INTARIAN_PEPPER_ROOT;18009;9;18008;12;18006;9;18026;10;18027;11;18030;11;18018.0;0.0
5;22900;ASH_COATED_OSMIUM;9992;12;;;;;10008;14;;;;;10000.5;0.0
5;22900;INTARIAN_PEPPER_ROOT;18013;12;;;;;18030;18;;;;;18021.5;0.0
5;23000;ASH_COATED_OSMIUM;9987;11;9984;13;9981;11;10003;13;10004;13;10006;2;9995.5;0.0
5;23000;INTARIAN_PEPPER_ROOT;18009;8;18008;9;18005;23;18022;8;18023;8;18025;11;18016.0;0.0
5;23100;ASH_COATED_OSMIUM;9992;12;9991;29;;;10008;11;10009;10;;;10000.0;0.0
5;23100;INTARIAN_PEPPER_ROOT;18020;8;;;;;18023;8;;;;;18021.5;0.0
5;23200;ASH_COATED_OSMIUM;9987;22;;;;;10003;15;;;;;9995.0;0.0
5;23200;INTARIAN_PEPPER_ROOT;18018;8;18015;8;;;18031;8;18034;11;;;18025.0;0.0
5;23300;ASH_COATED_OSMIUM;9986;13;9985;14;;;10002;15;10003;13;;;9994.5;0.0
5;23300;INTARIAN_PEPPER_ROOT;18016;11;18015;12;18012;9;18031;9;18034;8;18036;12;18023.5;0.0
5;23400;ASH_COATED_OSMIUM;9991;10;9990;14;9988;12;9997;15;9999;15;10000;13;9994.5;0.0
5;23400;INTARIAN_PEPPER_ROOT;18017;11;18015;12;;;18030;12;18032;12;;;18023.5;0.0
5;23500;ASH_COATED_OSMIUM;9992;10;9990;12;;;10008;15;10011;12;;;10000.0;0.0
5;23500;INTARIAN_PEPPER_ROOT;18017;8;18014;12;;;18029;8;18031;11;;;18023.0;0.0
5;23600;ASH_COATED_OSMIUM;9991;24;9989;14;;;10007;27;10009;20;;;9999.5;0.0
5;23600;INTARIAN_PEPPER_ROOT;18022;9;18020;12;;;18033;19;18035;8;;;18028.0;0.0
5;23700;ASH_COATED_OSMIUM;9990;11;9989;14;9986;15;9999;10;10002;13;10004;12;9994.5;0.0
5;23700;INTARIAN_PEPPER_ROOT;18014;8;;;;;18027;10;;;;;18020.5;0.0
5;23800;ASH_COATED_OSMIUM;9991;11;;;;;10007;13;;;;;9999.5;0.0
5;23800;INTARIAN_PEPPER_ROOT;18019;9;18016;11;18015;6;18031;12;18033;19;18034;12;18025.0;0.0
5;23900;ASH_COATED_OSMIUM;9985;14;9982;10;;;10004;15;10005;11;;;9994.5;0.0
5;23900;INTARIAN_PEPPER_ROOT;18018;11;;;;;18030;10;;;;;18024.0;0.0
5;24000;ASH_COATED_OSMIUM;9986;12;;;;;10002;14;;;;;9994.5;0.0
5;24000;INTARIAN_PEPPER_ROOT;18021;12;;;;;18033;20;;;;;18027.0;0.0
5;24100;ASH_COATED_OSMIUM;9987;30;;;;;10003;15;;;;;9995.0;0.0
5;24100;INTARIAN_PEPPER_ROOT;18016;11;18015;9;18013;16;18030;12;18031;9;18033;11;18023.0;0.0
5;24200;ASH_COATED_OSMIUM;9992;15;9989;10;;;10008;21;10010;27;;;10000.0;0.0
5;24200;INTARIAN_PEPPER_ROOT;18016;11;18013;10;;;18033;9;18036;24;;;18025.0;0.0
5;24300;ASH_COATED_OSMIUM;9991;14;;;;;10009;21;;;;;10000.0;0.0
5;24300;INTARIAN_PEPPER_ROOT;18019;9;;;;;18035;8;;;;;18027.5;0.0
5;24400;ASH_COATED_OSMIUM;9992;14;9990;11;9988;11;10008;14;10011;15;10013;11;10000.0;0.0
5;24400;INTARIAN_PEPPER_ROOT;18017;8;;;;;18030;9;;;;;18024.0;0.0
5;24500;ASH_COATED_OSMIUM;9986;15;9985;10;;;10002;14;10005;12;;;9994.5;0.0
5;24500;INTARIAN_PEPPER_ROOT;18017;10;18016;8;;;18029;12;18030;24;;;18023.5;0.0
5;24600;ASH_COATED_OSMIUM;9992;10;9991;12;;;10008;10;10010;11;;;10000.0;0.0
5;24600;INTARIAN_PEPPER_ROOT;18018;8;;;;;18031;12;;;;;18025.0;0.0
5;24700;ASH_COATED_OSMIUM;9992;11;9991;13;;;9998;20;10001;14;;;9995.0;0.0
5;24700;INTARIAN_PEPPER_ROOT;18018;12;18017;23;18016;9;18031;12;18032;9;18034;10;18025.0;0.0
5;24800;ASH_COATED_OSMIUM;9987;10;9985;14;;;10003;25;10004;10;;;9995.0;0.0
5;24800;INTARIAN_PEPPER_ROOT;18017;25;18014;8;18013;10;18030;9;18032;8;18033;16;18023.5;0.0
5;24900;ASH_COATED_OSMIUM;9985;11;9984;27;9981;15;10004;15;10007;10;10010;3;9995.0;0.0
5;24900;INTARIAN_PEPPER_ROOT;18015;17;18012;11;;;18032;11;18035;10;;;18024.0;0.0
5;25000;ASH_COATED_OSMIUM;9992;15;9989;14;;;10008;10;10009;29;;;10000.5;0.0
5;25000;INTARIAN_PEPPER_ROOT;18020;11;18018;8;;;18033;8;18035;11;;;18026.5;0.0
5;25100;ASH_COATED_OSMIUM;9987;27;9986;12;;;10003;12;10006;15;;;9995.5;0.0
5;25100;INTARIAN_PEPPER_ROOT;18016;9;18015;12;18014;9;18030;8;18032;8;18034;12;18023.0;0.0
5;25200;ASH_COATED_OSMIUM;9993;12;9992;14;;;10009;12;10010;10;;;10001.0;0.0
5;25200;INTARIAN_PEPPER_ROOT;18020;10;18019;12;;;18034;8;18037;10;;;18027.5;0.0
5;25300;ASH_COATED_OSMIUM;9993;10;9992;15;;;10009;11;10011;21;;;10001.0;0.0
5;25300;INTARIAN_PEPPER_ROOT;18020;21;18018;8;;;18034;9;18036;12;;;18027.0;0.0
5;25400;ASH_COATED_OSMIUM;9996;13;;;;;10005;21;;;;;10000.5;0.0
5;25400;INTARIAN_PEPPER_ROOT;18020;8;18017;9;18015;19;18034;10;18036;12;18037;12;18027.0;0.0
5;25500;ASH_COATED_OSMIUM;9987;14;9986;23;9983;14;10003;28;10005;12;10007;7;9995.5;0.0
5;25500;INTARIAN_PEPPER_ROOT;18026;9;;;;;18030;8;;;;;18028.0;0.0
5;25600;ASH_COATED_OSMIUM;9987;14;9986;25;9984;26;10003;29;10004;10;10006;13;9995.5;0.0
5;25600;INTARIAN_PEPPER_ROOT;18022;12;18020;9;18017;10;18033;10;18036;9;18039;16;18027.5;0.0
5;25700;ASH_COATED_OSMIUM;9987;10;9985;15;9982;14;10003;15;10006;13;10007;12;9995.5;0.0
5;25700;INTARIAN_PEPPER_ROOT;18022;12;18020;18;;;18034;18;18037;8;;;18028.5;0.0
5;25800;ASH_COATED_OSMIUM;9992;4;9990;15;;;10008;13;10011;27;;;10000.5;0.0
5;25800;INTARIAN_PEPPER_ROOT;18017;8;18016;9;18013;12;18030;15;18031;8;18034;12;18024.0;0.0
5;25900;ASH_COATED_OSMIUM;9987;21;9984;14;;;10003;14;10004;14;;;9995.5;0.0
5;25900;INTARIAN_PEPPER_ROOT;18027;8;18024;12;;;18029;10;18031;3;;;18028.0;0.0
5;26000;ASH_COATED_OSMIUM;9992;13;9991;12;9990;13;10008;11;10009;15;10012;13;10000.5;0.0
5;26000;INTARIAN_PEPPER_ROOT;18021;20;18020;12;18019;23;18034;12;18037;11;18039;10;18027.5;0.0
5;26100;ASH_COATED_OSMIUM;9987;11;9985;14;;;10003;26;10004;11;;;9995.0;0.0
5;26100;INTARIAN_PEPPER_ROOT;18017;25;18014;10;18012;8;18030;12;18032;9;18033;10;18023.5;0.0
5;26200;ASH_COATED_OSMIUM;9985;15;;;;;10003;14;;;;;9994.0;0.0
5;26200;INTARIAN_PEPPER_ROOT;18018;10;18015;12;18014;21;18031;8;18034;9;18036;8;18024.5;0.0
5;26300;ASH_COATED_OSMIUM;9990;14;9989;15;;;10006;11;10007;14;;;9998.5;0.0
5;26300;INTARIAN_PEPPER_ROOT;18018;10;18016;9;18015;20;18031;12;18032;11;18034;19;18024.5;0.0
5;26400;ASH_COATED_OSMIUM;9990;10;9989;10;;;10006;13;10007;12;;;9998.0;0.0
5;26400;INTARIAN_PEPPER_ROOT;18022;20;;;;;18034;11;;;;;18028.5;0.0
5;26500;ASH_COATED_OSMIUM;9983;13;9981;15;;;10001;13;10003;15;;;9992.5;0.0
5;26500;INTARIAN_PEPPER_ROOT;18016;9;18015;23;;;18028;11;18031;9;;;18022.5;0.0
5;26600;ASH_COATED_OSMIUM;9989;15;9986;14;;;9996;15;9998;11;;;9993.0;0.0
5;26600;INTARIAN_PEPPER_ROOT;18012;12;18010;12;18007;9;18026;8;18028;11;18031;18;18019.5;0.0
5;26700;ASH_COATED_OSMIUM;9989;10;;;;;10007;11;;;;;9998.5;0.0
5;26700;INTARIAN_PEPPER_ROOT;18017;11;18016;11;;;18038;9;18039;9;;;18027.5;0.0
5;26800;ASH_COATED_OSMIUM;9985;11;9983;4;;;10001;14;10004;11;;;9993.5;0.0
5;26800;INTARIAN_PEPPER_ROOT;18015;20;;;;;18031;9;;;;;18023.5;0.0
5;26900;ASH_COATED_OSMIUM;9990;29;9988;13;9985;11;10008;24;10009;24;10012;14;9999.0;0.0
5;26900;INTARIAN_PEPPER_ROOT;18021;8;;;;;18033;11;;;;;18027.0;0.0
5;27000;ASH_COATED_OSMIUM;9989;14;9988;11;;;10008;10;10011;15;;;9998.5;0.0
5;27000;INTARIAN_PEPPER_ROOT;18021;11;18018;10;18017;22;18034;11;18036;11;18039;23;18028.0;0.0
5;27100;ASH_COATED_OSMIUM;9990;15;9988;14;;;10006;12;10009;10;;;9998.0;0.0
5;27100;INTARIAN_PEPPER_ROOT;18022;12;;;;;18036;11;;;;;18029.0;0.0
5;27200;ASH_COATED_OSMIUM;9985;30;9984;10;;;10001;14;10003;13;;;9993.0;0.0
5;27200;INTARIAN_PEPPER_ROOT;18018;21;;;;;18030;11;;;;;18024.5;0.0
5;27300;ASH_COATED_OSMIUM;9990;11;;;;;10006;12;;;;;9998.0;0.0
5;27300;INTARIAN_PEPPER_ROOT;18022;10;18019;21;;;18036;11;18037;15;;;18029.5;0.0
5;27400;ASH_COATED_OSMIUM;9990;25;9988;15;;;10006;11;10008;29;;;9998.0;0.0
5;27400;INTARIAN_PEPPER_ROOT;18022;10;18021;9;;;18034;8;18036;22;;;18028.5;0.0
5;27500;ASH_COATED_OSMIUM;9984;14;9983;24;;;10000;24;10002;14;;;9992.5;0.0
5;27500;INTARIAN_PEPPER_ROOT;18021;9;;;;;18035;10;;;;;18028.5;0.0
5;27600;ASH_COATED_OSMIUM;9985;10;;;;;10001;15;;;;;9993.0;0.0
5;27600;INTARIAN_PEPPER_ROOT;18012;11;18009;9;18006;10;18027;12;18030;12;18033;11;18019.5;0.0
5;27700;ASH_COATED_OSMIUM;9985;13;9984;11;9982;13;10001;15;10004;12;10006;10;9993.0;0.0
5;27700;INTARIAN_PEPPER_ROOT;18018;9;18016;11;18015;10;18034;8;18035;10;18038;16;18026.5;0.0
5;27800;ASH_COATED_OSMIUM;9990;14;9988;12;;;10006;8;10009;12;;;9998.0;0.0
5;27800;INTARIAN_PEPPER_ROOT;18018;10;18015;8;18012;10;18032;9;18033;6;18035;19;18025.0;0.0
5;27900;ASH_COATED_OSMIUM;9985;2;;;;;10001;11;;;;;9993.0;0.0
5;27900;INTARIAN_PEPPER_ROOT;18026;8;18025;10;;;18037;23;18039;10;;;18031.5;0.0
5;28000;ASH_COATED_OSMIUM;9990;13;;;;;10006;11;;;;;9998.0;0.0
5;28000;INTARIAN_PEPPER_ROOT;18021;11;18019;12;;;18034;8;18037;11;;;18028.0;0.0
5;28100;ASH_COATED_OSMIUM;9985;11;9982;10;;;10001;13;10003;28;;;9993.0;0.0
5;28100;INTARIAN_PEPPER_ROOT;18023;16;18020;12;;;18035;10;18037;11;;;18029.5;0.0
5;28200;ASH_COATED_OSMIUM;9984;29;;;;;10002;30;;;;;9993.5;0.0
5;28200;INTARIAN_PEPPER_ROOT;18022;12;18020;9;;;18037;15;18039;11;;;18030.0;0.0
5;28300;ASH_COATED_OSMIUM;9990;10;9987;13;9985;15;10009;15;10012;13;10014;14;10000.0;0.0
5;28300;INTARIAN_PEPPER_ROOT;18024;11;18021;17;;;18037;15;18040;12;;;18030.5;0.0
5;28400;ASH_COATED_OSMIUM;9985;15;9982;5;9980;25;10004;13;10005;29;10007;13;9994.5;0.0
5;28400;INTARIAN_PEPPER_ROOT;18021;8;18020;11;;;18039;8;18042;11;;;18030.0;0.0
5;28500;ASH_COATED_OSMIUM;9991;11;9988;14;9985;14;10007;12;10008;14;10011;15;9999.5;0.0
5;28500;INTARIAN_PEPPER_ROOT;18024;22;18021;19;;;18035;12;18038;12;;;18029.5;0.0
5;28600;ASH_COATED_OSMIUM;9991;15;9990;28;9989;14;10007;10;10010;15;10013;12;9999.0;0.0
5;28600;INTARIAN_PEPPER_ROOT;18020;9;;;;;18035;10;;;;;18028.0;0.0
5;28700;ASH_COATED_OSMIUM;9991;2;9989;11;9986;12;10007;10;10009;11;10012;12;9999.0;0.0
5;28700;INTARIAN_PEPPER_ROOT;18022;11;;;;;18037;12;;;;;18029.5;0.0
5;28800;ASH_COATED_OSMIUM;9991;12;9988;14;;;10007;29;10009;12;;;9999.0;0.0
5;28800;INTARIAN_PEPPER_ROOT;18019;22;18018;9;;;18036;12;18038;10;;;18027.5;0.0
5;28900;ASH_COATED_OSMIUM;9990;7;9989;15;;;10008;12;10011;15;;;9999.0;0.0
5;28900;INTARIAN_PEPPER_ROOT;18022;9;18020;9;;;18034;22;18037;12;;;18028.0;0.0
5;29000;ASH_COATED_OSMIUM;9986;11;9985;13;;;10001;27;10004;14;;;9994.0;0.0
5;29000;INTARIAN_PEPPER_ROOT;18023;10;;;;;18037;11;;;;;18030.0;0.0
5;29100;ASH_COATED_OSMIUM;9984;12;;;;;10003;15;;;;;9994.0;0.0
5;29100;INTARIAN_PEPPER_ROOT;18023;8;;;;;18038;8;;;;;18031.0;0.0
5;29200;ASH_COATED_OSMIUM;9991;15;9989;10;;;10007;14;10009;10;;;9999.0;0.0
5;29200;INTARIAN_PEPPER_ROOT;18027;11;18024;9;;;18040;8;18043;10;;;18034.0;0.0
5;29300;ASH_COATED_OSMIUM;9991;15;9989;28;;;10007;2;10010;12;;;9999.0;0.0
5;29300;INTARIAN_PEPPER_ROOT;18021;9;18020;12;18019;10;18035;12;18036;10;18037;8;18028.0;0.0
5;29400;ASH_COATED_OSMIUM;9985;8;9983;9;;;10001;24;10004;13;;;9993.5;0.0
5;29400;INTARIAN_PEPPER_ROOT;18020;8;18017;22;;;18037;11;18039;8;;;18029.0;0.0
5;29500;ASH_COATED_OSMIUM;9989;14;9988;14;;;10007;13;10009;25;;;9998.5;0.0
5;29500;INTARIAN_PEPPER_ROOT;18022;12;18020;17;18018;20;18034;11;18037;10;18040;8;18028.0;0.0
5;29600;ASH_COATED_OSMIUM;9990;14;9989;12;9986;20;10008;10;10011;11;10014;11;9999.0;0.0
5;29600;INTARIAN_PEPPER_ROOT;18024;8;18021;8;;;18038;19;18040;23;;;18031.5;0.0
5;29700;ASH_COATED_OSMIUM;9985;8;9983;30;;;10001;11;10004;15;;;9993.5;0.0
5;29700;INTARIAN_PEPPER_ROOT;18023;24;;;;;18036;12;;;;;18030.0;0.0
5;29800;ASH_COATED_OSMIUM;9990;15;9988;11;;;10008;29;10011;12;;;9999.0;0.0
5;29800;INTARIAN_PEPPER_ROOT;18021;10;18019;12;;;18035;12;18036;11;;;18028.5;0.0
5;29900;ASH_COATED_OSMIUM;9985;15;9982;13;;;10001;14;10002;12;;;9993.5;0.0
5;29900;INTARIAN_PEPPER_ROOT;18028;9;18027;3;;;18039;17;18042;11;;;18033.5;0.0
5;30000;ASH_COATED_OSMIUM;9990;14;9989;10;9986;14;10006;12;10008;13;10011;13;9998.5;0.0
5;30000;INTARIAN_PEPPER_ROOT;18024;8;18022;11;18021;10;18036;12;18037;9;18038;12;18030.0;0.0
5;30100;ASH_COATED_OSMIUM;9984;20;9981;12;;;10003;7;10006;14;;;9993.5;0.0
5;30100;INTARIAN_PEPPER_ROOT;18026;9;18025;10;;;18039;11;18040;11;;;18033.0;0.0
5;30200;ASH_COATED_OSMIUM;9985;21;9984;10;;;10001;12;10003;10;;;9993.5;0.0
5;30200;INTARIAN_PEPPER_ROOT;18025;8;;;;;18038;12;;;;;18031.5;0.0
5;30300;ASH_COATED_OSMIUM;9984;14;9981;13;;;10002;11;10004;10;;;9993.5;0.0
5;30300;INTARIAN_PEPPER_ROOT;18025;9;18022;10;;;18039;8;18042;11;;;18032.5;0.0
5;30400;ASH_COATED_OSMIUM;9985;13;;;;;10001;13;;;;;9993.5;0.0
5;30400;INTARIAN_PEPPER_ROOT;18019;11;;;;;18035;21;;;;;18027.5;0.0
5;30500;ASH_COATED_OSMIUM;9990;11;9987;13;;;10006;15;10009;28;;;9998.0;0.0
5;30500;INTARIAN_PEPPER_ROOT;18027;11;;;;;18039;10;;;;;18033.5;0.0
5;30600;ASH_COATED_OSMIUM;9988;10;9986;15;9985;10;10007;12;10009;15;10012;12;9998.0;0.0
5;30600;INTARIAN_PEPPER_ROOT;18025;20;18024;10;;;18038;11;18040;8;;;18032.0;0.0
5;30700;ASH_COATED_OSMIUM;9990;10;9987;13;;;10006;10;10007;15;;;9998.0;0.0
5;30700;INTARIAN_PEPPER_ROOT;18024;18;;;;;18037;9;;;;;18031.0;0.0
5;30800;ASH_COATED_OSMIUM;9985;10;9984;12;9981;11;10001;11;10003;15;10004;14;9993.0;0.0
5;30800;INTARIAN_PEPPER_ROOT;18023;16;18020;11;18018;17;18034;9;18037;9;18040;11;18028.5;0.0
5;30900;ASH_COATED_OSMIUM;9985;15;9983;14;9982;26;10001;20;10003;12;10005;5;9993.5;0.0
5;30900;INTARIAN_PEPPER_ROOT;18027;9;18026;8;;;18038;22;18040;9;;;18033.0;0.0
5;31000;ASH_COATED_OSMIUM;9982;13;9981;15;;;10003;7;10004;29;;;9993.0;0.0
5;31000;INTARIAN_PEPPER_ROOT;18023;10;18022;8;18021;8;18036;21;18037;11;18039;10;18030.0;0.0
5;31100;ASH_COATED_OSMIUM;9985;14;9984;10;9983;24;10001;14;10004;11;10006;22;9993.0;0.0
5;31100;INTARIAN_PEPPER_ROOT;18023;8;18020;8;;;18036;10;18038;8;;;18029.5;0.0
5;31200;ASH_COATED_OSMIUM;9989;12;;;;;10007;13;;;;;9998.5;0.0
5;31200;INTARIAN_PEPPER_ROOT;18026;8;18024;11;;;18038;9;18040;10;;;18032.0;0.0
5;31300;ASH_COATED_OSMIUM;9985;24;9982;25;9981;12;10001;10;10003;13;10004;10;9993.5;0.0
5;31300;INTARIAN_PEPPER_ROOT;18022;9;18020;23;;;18036;8;18039;9;;;18029.0;0.0
5;31400;ASH_COATED_OSMIUM;9990;28;9989;12;9987;14;10006;5;10007;13;10008;15;9998.5;0.0
5;31400;INTARIAN_PEPPER_ROOT;18024;12;18022;11;;;18037;5;18040;8;;;18031.0;0.0
5;31500;ASH_COATED_OSMIUM;9990;14;9988;29;;;10006;15;10008;9;;;9998.5;0.0
5;31500;INTARIAN_PEPPER_ROOT;18024;9;18021;9;;;18037;9;18038;12;;;18030.5;0.0
5;31600;ASH_COATED_OSMIUM;9985;10;9983;10;;;10001;11;10003;10;;;9993.5;0.0
5;31600;INTARIAN_PEPPER_ROOT;18027;10;18025;11;18023;9;18039;10;18040;8;18043;17;18033.5;0.0
5;31700;ASH_COATED_OSMIUM;9985;10;;;;;10001;10;;;;;9993.5;0.0
5;31700;INTARIAN_PEPPER_ROOT;18029;23;18027;10;;;18042;20;18045;23;;;18035.5;0.0
5;31800;ASH_COATED_OSMIUM;9986;14;9983;12;;;10002;20;10004;14;;;9994.0;0.0
5;31800;INTARIAN_PEPPER_ROOT;18022;9;;;;;18041;11;;;;;18031.5;0.0
5;31900;ASH_COATED_OSMIUM;9986;23;9984;22;9981;12;10002;14;10005;11;10006;11;9994.5;0.0
5;31900;INTARIAN_PEPPER_ROOT;18028;10;18027;8;18026;11;18039;12;18042;10;18045;9;18033.5;0.0
5;32000;ASH_COATED_OSMIUM;9990;15;;;;;10009;15;;;;;10000.0;0.0
5;32000;INTARIAN_PEPPER_ROOT;18023;10;18021;11;;;18037;11;18039;24;;;18030.0;0.0
5;32100;ASH_COATED_OSMIUM;9992;13;;;;;10008;15;;;;;10000.0;0.0
5;32100;INTARIAN_PEPPER_ROOT;18026;7;;;;;18038;10;;;;;18032.0;0.0
5;32200;ASH_COATED_OSMIUM;9992;14;9991;22;9990;15;10008;13;10009;15;10012;13;10000.0;0.0
5;32200;INTARIAN_PEPPER_ROOT;18028;10;18026;11;18023;12;18039;11;18040;8;18043;8;18034.0;0.0
5;32300;ASH_COATED_OSMIUM;9987;14;9984;13;9983;13;10003;13;10004;13;10006;12;9995.0;0.0
5;32300;INTARIAN_PEPPER_ROOT;18025;11;18022;8;18020;12;18037;10;18040;10;18043;12;18031.5;0.0
5;32400;ASH_COATED_OSMIUM;9991;13;9988;10;;;10009;10;10010;14;;;10000.0;0.0
5;32400;INTARIAN_PEPPER_ROOT;18027;11;18026;9;;;18039;10;18040;12;;;18033.5;0.0
5;32500;ASH_COATED_OSMIUM;9986;13;9984;25;;;10004;27;10007;14;;;9995.0;0.0
5;32500;INTARIAN_PEPPER_ROOT;18025;8;18023;9;;;18037;9;18038;10;;;18031.5;0.0
5;32600;ASH_COATED_OSMIUM;9991;12;;;;;10010;12;;;;;10000.5;0.0
5;32600;INTARIAN_PEPPER_ROOT;18027;12;;;;;18041;12;;;;;18034.5;0.0
5;32700;ASH_COATED_OSMIUM;9996;14;;;;;10005;15;;;;;10001.0;0.0
5;32700;INTARIAN_PEPPER_ROOT;18027;9;;;;;18038;10;;;;;18032.5;0.0
5;32800;ASH_COATED_OSMIUM;9986;15;9983;12;;;10004;11;10007;15;;;9995.5;0.0
5;32800;INTARIAN_PEPPER_ROOT;18024;11;;;;;18040;8;;;;;18032.5;0.0
5;32900;ASH_COATED_OSMIUM;9986;12;9985;11;;;10004;12;10006;11;;;9995.0;0.0
5;32900;INTARIAN_PEPPER_ROOT;18025;8;18023;10;;;18038;10;18040;11;;;18031.5;0.0
5;33000;ASH_COATED_OSMIUM;9991;10;9988;11;9986;13;10010;15;10013;13;10014;11;10000.5;0.0
5;33000;INTARIAN_PEPPER_ROOT;18029;8;18026;10;18025;25;18031;9;18034;12;18036;11;18030.0;0.0
5;33100;ASH_COATED_OSMIUM;9985;14;9984;11;;;10004;3;10006;12;;;9995.0;0.0
5;33100;INTARIAN_PEPPER_ROOT;18023;12;18022;11;;;18039;11;18042;22;;;18031.0;0.0
5;33200;ASH_COATED_OSMIUM;9987;11;9985;15;;;10003;15;10006;2;;;9995.0;0.0
5;33200;INTARIAN_PEPPER_ROOT;18028;9;;;;;18041;9;;;;;18035.0;0.0
5;33300;ASH_COATED_OSMIUM;9992;30;;;;;10008;10;;;;;10000.5;0.0
5;33300;INTARIAN_PEPPER_ROOT;18027;8;18025;8;;;18040;12;18041;10;;;18033.5;0.0
5;33400;ASH_COATED_OSMIUM;9988;29;;;;;10004;3;;;;;9996.5;0.0
5;33400;INTARIAN_PEPPER_ROOT;18024;12;18021;12;;;18038;17;18041;11;;;18031.0;0.0
5;33500;ASH_COATED_OSMIUM;9994;15;9991;12;;;10010;15;10013;10;;;10002.0;0.0
5;33500;INTARIAN_PEPPER_ROOT;18028;12;18026;11;18024;15;18039;9;18042;8;18043;12;18034.0;0.0
5;33600;ASH_COATED_OSMIUM;9993;20;9992;15;9989;8;10011;11;10012;11;10015;15;10002.0;0.0
5;33600;INTARIAN_PEPPER_ROOT;18027;11;;;;;18038;9;;;;;18032.5;0.0
5;33700;ASH_COATED_OSMIUM;9992;10;9989;13;9988;11;10010;14;10012;4;10013;15;10001.5;0.0
5;33700;INTARIAN_PEPPER_ROOT;18028;8;18026;11;;;18037;9;18040;19;;;18032.5;0.0
5;33800;ASH_COATED_OSMIUM;9988;10;;;;;10004;30;;;;;9996.0;0.0
5;33800;INTARIAN_PEPPER_ROOT;18022;8;;;;;18039;9;;;;;18031.0;0.0
5;33900;ASH_COATED_OSMIUM;9992;12;9990;13;9987;12;10010;10;10012;13;10013;13;10001.0;0.0
5;33900;INTARIAN_PEPPER_ROOT;18026;9;18025;8;18023;10;18040;9;18041;21;18042;12;18033.0;0.0
5;34000;ASH_COATED_OSMIUM;9988;14;9987;14;9986;14;10004;11;10007;12;10008;15;9996.0;0.0
5;34000;INTARIAN_PEPPER_ROOT;18025;16;;;;;18040;11;;;;;18033.0;0.0
5;34100;ASH_COATED_OSMIUM;9993;13;;;;;10009;15;;;;;10001.0;0.0
5;34100;INTARIAN_PEPPER_ROOT;18027;11;18026;9;18023;10;18038;12;18041;11;18044;9;18033.0;0.0
5;34200;ASH_COATED_OSMIUM;9985;9;9983;12;;;10004;14;10006;21;;;9995.0;0.0
5;34200;INTARIAN_PEPPER_ROOT;18031;10;;;;;18042;15;;;;;18036.5;0.0
5;34300;ASH_COATED_OSMIUM;9986;11;;;;;10002;15;;;;;9994.5;0.0
5;34300;INTARIAN_PEPPER_ROOT;18030;23;18028;8;;;18041;11;18042;8;;;18035.5;0.0
5;34400;ASH_COATED_OSMIUM;9992;12;9989;11;9987;28;10008;11;10009;26;10012;10;10000.0;0.0
5;34400;INTARIAN_PEPPER_ROOT;18026;8;;;;;18039;17;;;;;18032.5;0.0
5;34500;ASH_COATED_OSMIUM;9986;10;9983;10;9980;12;10002;12;10005;13;10008;10;9994.5;0.0
5;34500;INTARIAN_PEPPER_ROOT;18026;11;;;;;18041;12;;;;;18033.5;0.0
5;34600;ASH_COATED_OSMIUM;9990;15;9988;15;;;10008;13;10011;11;;;9999.5;0.0
5;34600;INTARIAN_PEPPER_ROOT;18027;10;;;;;18039;8;;;;;18033.5;0.0
5;34700;ASH_COATED_OSMIUM;9986;2;9984;13;9983;3;10002;13;10003;14;10006;12;9994.5;0.0
5;34700;INTARIAN_PEPPER_ROOT;18027;22;18026;10;;;18039;9;18042;12;;;18033.5;0.0
5;34800;ASH_COATED_OSMIUM;9989;11;9987;13;9986;11;10000;12;10001;10;10002;13;9995.0;0.0
5;34800;INTARIAN_PEPPER_ROOT;18029;8;;;;;18046;9;;;;;18038.0;0.0
5;34900;ASH_COATED_OSMIUM;9987;11;9984;29;9981;11;10003;13;10004;28;10005;14;9995.0;0.0
5;34900;INTARIAN_PEPPER_ROOT;18028;9;18027;11;18026;12;18042;8;18043;11;18045;22;18035.5;0.0
5;35000;ASH_COATED_OSMIUM;9987;13;9985;13;9984;12;10003;12;10005;29;10006;24;9995.0;0.0
5;35000;INTARIAN_PEPPER_ROOT;18027;8;18024;25;18023;12;18042;11;18044;10;18046;8;18034.5;0.0
5;35100;ASH_COATED_OSMIUM;9986;24;;;;;10004;14;;;;;9995.0;0.0
5;35100;INTARIAN_PEPPER_ROOT;18027;9;;;;;18042;10;;;;;18035.0;0.0
5;35200;ASH_COATED_OSMIUM;9992;23;;;;;10008;11;;;;;10000.0;0.0
5;35200;INTARIAN_PEPPER_ROOT;18029;23;;;;;18043;9;;;;;18036.0;0.0
5;35300;ASH_COATED_OSMIUM;9995;14;;;;;10004;8;;;;;10000.0;0.0
5;35300;INTARIAN_PEPPER_ROOT;18027;9;;;;;18040;11;;;;;18034.0;0.0
5;35400;ASH_COATED_OSMIUM;9986;12;9985;23;9984;21;10004;13;10005;14;10006;14;9995.0;0.0
5;35400;INTARIAN_PEPPER_ROOT;18024;8;18021;9;18020;11;18043;20;18046;9;18049;12;18033.5;0.0
5;35500;ASH_COATED_OSMIUM;9985;4;9982;29;;;10004;13;10006;14;;;9994.5;0.0
5;35500;INTARIAN_PEPPER_ROOT;18029;4;;;;;18042;12;;;;;18036.0;0.0
5;35600;ASH_COATED_OSMIUM;9986;10;9983;14;;;10002;11;10003;12;;;9994.5;0.0
5;35600;INTARIAN_PEPPER_ROOT;18029;11;18026;21;;;18045;8;18048;12;;;18037.0;0.0
5;35700;ASH_COATED_OSMIUM;9989;14;9988;11;;;10010;11;10011;4;;;10000.0;0.0
5;35700;INTARIAN_PEPPER_ROOT;18029;9;18027;9;;;18042;9;18045;12;;;18035.5;0.0
5;35800;ASH_COATED_OSMIUM;9985;10;9984;11;;;10004;15;10006;13;;;9994.5;0.0
5;35800;INTARIAN_PEPPER_ROOT;18030;15;;;;;18041;22;;;;;18036.0;0.0
5;35900;ASH_COATED_OSMIUM;9985;12;9982;12;;;10003;15;10004;12;;;9994.0;0.0
5;35900;INTARIAN_PEPPER_ROOT;18030;10;18028;21;18026;10;18041;9;18042;15;18045;10;18036.0;0.0
5;36000;ASH_COATED_OSMIUM;9992;21;;;;;10008;5;;;;;10000.0;0.0
5;36000;INTARIAN_PEPPER_ROOT;18034;17;18031;8;;;18038;9;18040;11;;;18036.5;0.0
5;36100;ASH_COATED_OSMIUM;9992;15;9989;29;;;10008;12;10009;15;;;10000.0;0.0
5;36100;INTARIAN_PEPPER_ROOT;18027;12;18026;9;18023;12;18043;12;18046;10;18048;23;18035.0;0.0
5;36200;ASH_COATED_OSMIUM;9991;13;9990;12;;;10010;24;10013;13;;;10000.5;0.0
5;36200;INTARIAN_PEPPER_ROOT;18031;25;18030;16;;;18043;11;18044;7;;;18037.0;0.0
5;36300;ASH_COATED_OSMIUM;9992;15;;;;;10008;14;;;;;10000.0;0.0
5;36300;INTARIAN_PEPPER_ROOT;18029;9;;;;;18046;19;;;;;18038.0;0.0
5;36400;ASH_COATED_OSMIUM;9987;15;;;;;10003;14;;;;;9995.5;0.0
5;36400;INTARIAN_PEPPER_ROOT;18029;11;18028;11;18025;11;18043;9;18046;12;18049;12;18036.5;0.0
5;36500;ASH_COATED_OSMIUM;9992;3;;;;;10008;14;;;;;10000.5;0.0
5;36500;INTARIAN_PEPPER_ROOT;18032;11;18029;10;;;18045;8;18047;12;;;18039.0;0.0
5;36600;ASH_COATED_OSMIUM;9992;21;9989;10;9987;14;10008;13;10011;11;10013;5;10000.5;0.0
5;36600;INTARIAN_PEPPER_ROOT;18028;10;;;;;18044;12;;;;;18036.5;0.0
5;36700;ASH_COATED_OSMIUM;9992;15;9991;10;9990;13;10008;13;10009;11;10010;5;10000.5;0.0
5;36700;INTARIAN_PEPPER_ROOT;18031;11;18030;22;;;18043;23;18046;22;;;18037.5;0.0
5;36800;ASH_COATED_OSMIUM;9988;13;9985;11;9984;29;10004;15;10007;10;10009;12;9996.0;0.0
5;36800;INTARIAN_PEPPER_ROOT;18029;10;;;;;18041;9;;;;;18035.5;0.0
5;36900;ASH_COATED_OSMIUM;9993;13;9991;21;;;10009;11;10010;12;;;10001.0;0.0
5;36900;INTARIAN_PEPPER_ROOT;18032;20;18029;9;;;18045;11;18047;10;;;18038.5;0.0
5;37000;ASH_COATED_OSMIUM;9988;10;9985;24;9984;14;10004;27;10006;14;10007;25;9996.0;0.0
5;37000;INTARIAN_PEPPER_ROOT;18028;10;18025;10;18022;8;18046;24;18048;11;18051;10;18037.0;0.0
5;37100;ASH_COATED_OSMIUM;9993;11;;;;;10009;12;;;;;10001.5;0.0
5;37100;INTARIAN_PEPPER_ROOT;18033;9;;;;;18046;10;;;;;18040.0;0.0
5;37200;ASH_COATED_OSMIUM;9995;11;9993;11;;;10008;10;10011;15;;;10002.0;0.0
5;37200;INTARIAN_PEPPER_ROOT;18029;8;18027;8;18025;12;18044;10;18047;12;18049;16;18037.0;0.0
5;37300;ASH_COATED_OSMIUM;9993;12;9991;21;9990;12;10009;14;10012;30;10013;13;10001.5;0.0
5;37300;INTARIAN_PEPPER_ROOT;18032;12;18029;17;;;18046;8;18048;12;;;18039.0;0.0
5;37400;ASH_COATED_OSMIUM;9987;10;;;;;10006;14;;;;;9996.5;0.0
5;37400;INTARIAN_PEPPER_ROOT;18030;9;18028;10;;;18047;22;18048;19;;;18039.0;0.0
5;37500;ASH_COATED_OSMIUM;9988;12;;;;;10004;11;;;;;9996.5;0.0
5;37500;INTARIAN_PEPPER_ROOT;18029;11;18027;8;;;18042;9;18045;9;;;18036.0;0.0
5;37600;ASH_COATED_OSMIUM;9989;28;;;;;10005;11;;;;;9997.0;0.0
5;37600;INTARIAN_PEPPER_ROOT;18031;10;18030;9;;;18043;9;18046;10;;;18037.0;0.0
5;37700;ASH_COATED_OSMIUM;9988;13;9987;14;9986;12;10004;15;10006;13;10009;10;9996.5;0.0
5;37700;INTARIAN_PEPPER_ROOT;18029;9;;;;;18046;10;;;;;18037.5;0.0
5;37800;ASH_COATED_OSMIUM;9993;15;9991;10;;;10009;12;10010;15;;;10001.5;0.0
5;37800;INTARIAN_PEPPER_ROOT;18033;9;;;;;18048;16;;;;;18041.0;0.0
5;37900;ASH_COATED_OSMIUM;9992;15;9990;10;;;10011;13;10014;14;;;10001.5;0.0
5;37900;INTARIAN_PEPPER_ROOT;18024;12;;;;;18037;18;;;;;18031.0;0.0
5;38000;ASH_COATED_OSMIUM;9994;13;;;;;10010;24;;;;;10002.0;0.0
5;38000;INTARIAN_PEPPER_ROOT;18033;10;;;;;18045;9;;;;;18039.0;0.0
5;38100;ASH_COATED_OSMIUM;9988;13;;;;;10004;14;;;;;9996.5;0.0
5;38100;INTARIAN_PEPPER_ROOT;18030;9;18029;10;;;18044;8;18047;9;;;18037.5;0.0
5;38200;ASH_COATED_OSMIUM;9993;30;;;;;10009;29;;;;;10001.5;0.0
5;38200;INTARIAN_PEPPER_ROOT;18033;8;;;;;18046;12;;;;;18039.5;0.0
5;38300;ASH_COATED_OSMIUM;9994;15;9992;11;9990;9;10010;14;10013;12;10016;11;10002.0;0.0
5;38300;INTARIAN_PEPPER_ROOT;18031;21;18029;12;;;18044;24;18045;20;;;18038.0;0.0
5;38400;ASH_COATED_OSMIUM;9993;9;;;;;10009;21;;;;;10001.5;0.0
5;38400;INTARIAN_PEPPER_ROOT;18033;12;18032;19;;;18045;8;18047;9;;;18039.0;0.0
5;38500;ASH_COATED_OSMIUM;9988;15;;;;;10004;14;;;;;9996.5;0.0
5;38500;INTARIAN_PEPPER_ROOT;18032;10;18029;10;;;18044;10;18047;9;;;18038.0;0.0
5;38600;ASH_COATED_OSMIUM;9997;10;9995;15;;;10005;10;10006;14;;;10001.5;0.0
5;38600;INTARIAN_PEPPER_ROOT;18032;19;18029;5;;;18044;9;18046;10;;;18038.0;0.0
5;38700;ASH_COATED_OSMIUM;9993;10;9991;14;;;10009;13;10012;10;;;10001.5;0.0
5;38700;INTARIAN_PEPPER_ROOT;18031;11;18030;10;;;18043;8;18044;9;;;18037.5;0.0
5;38800;ASH_COATED_OSMIUM;9993;4;9990;22;;;10009;15;10011;13;;;10001.5;0.0
5;38800;INTARIAN_PEPPER_ROOT;18033;8;18031;11;;;18046;12;18047;7;;;18040.0;0.0
5;38900;ASH_COATED_OSMIUM;9993;25;9991;12;9988;15;10009;14;10010;15;10011;15;10001.5;0.0
5;38900;INTARIAN_PEPPER_ROOT;18032;10;18029;8;18027;8;18047;9;18048;15;18051;11;18039.5;0.0
5;39000;ASH_COATED_OSMIUM;9991;22;;;;;10010;15;;;;;10001.0;0.0
5;39000;INTARIAN_PEPPER_ROOT;18028;12;18027;9;18025;11;18045;11;18048;12;18049;11;18037.0;0.0
5;39100;ASH_COATED_OSMIUM;9994;12;9991;14;;;10010;15;10012;12;;;10002.0;0.0
5;39100;INTARIAN_PEPPER_ROOT;18032;8;18031;9;18030;23;18044;8;18046;3;18049;8;18038.5;0.0
5;39200;ASH_COATED_OSMIUM;9988;11;9987;25;;;10004;11;10007;12;;;9996.5;0.0
5;39200;INTARIAN_PEPPER_ROOT;18032;10;;;;;18046;9;;;;;18039.5;0.0
5;39300;ASH_COATED_OSMIUM;9993;20;9991;14;;;10009;4;10012;15;;;10001.0;0.0
5;39300;INTARIAN_PEPPER_ROOT;18031;11;18028;11;;;18047;12;18049;11;;;18039.0;0.0
5;39400;ASH_COATED_OSMIUM;9988;29;;;;;10004;10;;;;;9996.0;0.0
5;39400;INTARIAN_PEPPER_ROOT;18031;5;18028;11;18026;12;18046;18;18049;9;18052;23;18039.0;0.0
5;39500;ASH_COATED_OSMIUM;9988;14;9986;24;;;10004;24;10005;15;;;9996.0;0.0
5;39500;INTARIAN_PEPPER_ROOT;18034;8;18032;9;;;18048;8;18051;11;;;18041.0;0.0
5;39600;ASH_COATED_OSMIUM;9992;13;9989;11;;;10011;29;10013;11;;;10001.5;0.0
5;39600;INTARIAN_PEPPER_ROOT;18035;11;18034;10;;;18046;10;18048;8;;;18040.5;0.0
5;39700;ASH_COATED_OSMIUM;9994;20;9992;12;;;10010;14;10013;13;;;10002.0;0.0
5;39700;INTARIAN_PEPPER_ROOT;18032;8;18030;9;;;18046;12;18049;9;;;18039.0;0.0
5;39800;ASH_COATED_OSMIUM;9994;10;9991;14;;;10010;15;10011;11;;;10002.0;0.0
5;39800;INTARIAN_PEPPER_ROOT;18038;22;;;;;18050;9;;;;;18044.0;0.0
5;39900;ASH_COATED_OSMIUM;9988;10;;;;;10004;14;;;;;9996.5;0.0
5;39900;INTARIAN_PEPPER_ROOT;18034;11;18032;8;;;18047;11;18050;8;;;18040.5;0.0
5;40000;ASH_COATED_OSMIUM;9988;14;9986;12;9985;12;10004;20;10006;12;10008;28;9996.5;0.0
5;40000;INTARIAN_PEPPER_ROOT;18032;12;18029;9;;;18045;9;18046;11;;;18038.5;0.0
5;40100;ASH_COATED_OSMIUM;9994;29;9992;14;9991;11;10010;15;10012;12;10014;10;10002.5;0.0
5;40100;INTARIAN_PEPPER_ROOT;18039;23;;;;;18045;8;;;;;18042.0;0.0
5;40200;ASH_COATED_OSMIUM;9988;20;9986;2;;;10006;15;10009;21;;;9997.0;0.0
5;40200;INTARIAN_PEPPER_ROOT;18034;11;18033;25;18030;12;18046;9;18049;9;18052;24;18040.0;0.0
5;40300;ASH_COATED_OSMIUM;9994;15;;;;;10010;22;;;;;10002.5;0.0
5;40300;INTARIAN_PEPPER_ROOT;18034;8;18033;21;18031;9;18047;4;18049;12;18050;9;18040.5;0.0
5;40400;ASH_COATED_OSMIUM;9988;12;;;;;10006;12;;;;;9997.0;0.0
5;40400;INTARIAN_PEPPER_ROOT;18035;8;18033;9;18031;8;18047;10;18050;10;18053;23;18041.5;0.0
5;40500;ASH_COATED_OSMIUM;9994;4;9993;15;;;10010;12;10011;15;;;10002.0;0.0
5;40500;INTARIAN_PEPPER_ROOT;18029;11;;;;;18045;12;;;;;18037.5;0.0
5;40600;ASH_COATED_OSMIUM;9993;15;9991;13;;;10009;13;10011;14;;;10001.0;0.0
5;40600;INTARIAN_PEPPER_ROOT;18031;12;18028;10;18025;10;18043;10;18044;15;18045;12;18037.5;0.0
5;40700;ASH_COATED_OSMIUM;9987;14;9985;14;;;10003;10;10004;10;;;9995.5;0.0
5;40700;INTARIAN_PEPPER_ROOT;18033;9;18032;9;;;18045;10;18048;10;;;18039.5;0.0
5;40800;ASH_COATED_OSMIUM;9986;10;9984;11;;;10005;2;10007;4;;;9996.0;0.0
5;40800;INTARIAN_PEPPER_ROOT;18031;8;18030;8;;;18044;10;18046;9;;;18038.0;0.0
5;40900;ASH_COATED_OSMIUM;9986;11;;;;;10002;3;;;;;9994.5;0.0
5;40900;INTARIAN_PEPPER_ROOT;18036;18;;;;;18049;5;;;;;18043.0;0.0
5;41000;ASH_COATED_OSMIUM;9991;11;;;;;10007;11;;;;;9999.5;0.0
5;41000;INTARIAN_PEPPER_ROOT;18033;11;18032;12;;;18049;9;18052;8;;;18041.0;0.0
5;41100;ASH_COATED_OSMIUM;9990;11;;;;;10009;12;;;;;9999.5;0.0
5;41100;INTARIAN_PEPPER_ROOT;18033;8;18032;11;18030;9;18045;10;18048;16;18050;20;18039.5;0.0
5;41200;ASH_COATED_OSMIUM;9986;14;9985;13;9983;15;10002;13;10005;30;10006;12;9994.5;0.0
5;41200;INTARIAN_PEPPER_ROOT;18034;10;18033;24;;;18047;11;18049;12;;;18041.0;0.0
5;41300;ASH_COATED_OSMIUM;9986;11;9984;11;;;10002;12;10004;14;;;9994.5;0.0
5;41300;INTARIAN_PEPPER_ROOT;18034;8;18032;19;18029;10;18046;12;18049;9;18051;20;18040.0;0.0
5;41400;ASH_COATED_OSMIUM;9987;11;9986;15;;;10002;13;10005;15;;;9994.5;0.0
5;41400;INTARIAN_PEPPER_ROOT;18033;9;18032;18;;;18048;12;18049;10;;;18040.5;0.0
5;41500;ASH_COATED_OSMIUM;9986;14;9985;14;;;10002;15;10003;13;;;9994.0;0.0
5;41500;INTARIAN_PEPPER_ROOT;18035;8;18034;12;;;18048;11;18050;12;;;18041.5;0.0
5;41600;ASH_COATED_OSMIUM;9993;2;9992;5;9989;14;10005;5;10006;10;10009;2;9999.5;0.0
5;41600;INTARIAN_PEPPER_ROOT;18034;8;18033;12;;;18044;10;18047;9;;;18039.0;0.0
5;41700;ASH_COATED_OSMIUM;9996;10;9994;14;;;10003;11;10006;29;;;9999.5;0.0
5;41700;INTARIAN_PEPPER_ROOT;18033;11;;;;;18049;9;;;;;18041.0;0.0
5;41800;ASH_COATED_OSMIUM;9991;21;;;;;10007;15;;;;;9999.0;0.0
5;41800;INTARIAN_PEPPER_ROOT;18035;10;;;;;18046;11;;;;;18041.0;0.0
5;41900;ASH_COATED_OSMIUM;9985;14;9983;26;9981;28;10001;24;10004;24;10007;5;9993.5;0.0
5;41900;INTARIAN_PEPPER_ROOT;18033;8;;;;;18050;11;;;;;18042.0;0.0
5;42000;ASH_COATED_OSMIUM;9990;12;9987;11;;;9996;13;9997;14;;;9993.5;0.0
5;42000;INTARIAN_PEPPER_ROOT;18032;10;18031;8;;;18046;9;18049;11;;;18039.0;0.0
5;42100;ASH_COATED_OSMIUM;9985;14;9983;11;9981;10;10001;15;10003;11;10004;13;9993.5;0.0
5;42100;INTARIAN_PEPPER_ROOT;18039;9;;;;;18054;9;;;;;18046.5;0.0
5;42200;ASH_COATED_OSMIUM;9986;14;9984;11;9983;14;10002;12;10005;14;10007;12;9994.0;0.0
5;42200;INTARIAN_PEPPER_ROOT;18035;12;;;;;18048;10;;;;;18042.0;0.0
5;42300;ASH_COATED_OSMIUM;9990;15;9989;27;9987;15;10009;10;10011;25;10013;13;9999.5;0.0
5;42300;INTARIAN_PEPPER_ROOT;18038;8;;;;;18051;8;;;;;18044.5;0.0
5;42400;ASH_COATED_OSMIUM;9991;14;9989;27;9986;12;10009;10;10011;10;10013;15;10000.0;0.0
5;42400;INTARIAN_PEPPER_ROOT;18037;9;18036;9;;;18050;15;18052;21;;;18043.5;0.0
5;42500;ASH_COATED_OSMIUM;9991;11;;;;;10009;28;;;;;10000.0;0.0
5;42500;INTARIAN_PEPPER_ROOT;18033;12;;;;;18050;8;;;;;18042.0;0.0
5;42600;ASH_COATED_OSMIUM;9990;28;9989;13;9988;11;10009;14;10012;30;10014;10;9999.5;0.0
5;42600;INTARIAN_PEPPER_ROOT;18036;22;18033;11;;;18048;12;18050;9;;;18042.5;0.0
5;42700;ASH_COATED_OSMIUM;9992;14;9989;11;;;10008;13;10011;15;;;10000.0;0.0
5;42700;INTARIAN_PEPPER_ROOT;18043;9;18041;19;18038;17;18055;9;18058;8;18061;19;18049.5;0.0
5;42800;ASH_COATED_OSMIUM;9986;5;9983;2;;;10002;10;10003;13;;;9994.0;0.0
5;42800;INTARIAN_PEPPER_ROOT;18034;11;18033;11;;;18046;9;18049;9;;;18040.5;0.0
5;42900;ASH_COATED_OSMIUM;9984;15;9983;13;9982;14;10003;26;10006;10;10009;14;9994.0;0.0
5;42900;INTARIAN_PEPPER_ROOT;18039;9;18038;8;18036;8;18051;22;18053;9;18056;8;18045.0;0.0
5;43000;ASH_COATED_OSMIUM;9996;12;9993;12;;;10002;15;10003;28;;;9999.5;0.0
5;43000;INTARIAN_PEPPER_ROOT;18038;10;18035;11;18033;9;18050;10;18053;9;18055;18;18044.0;0.0
5;43100;ASH_COATED_OSMIUM;9985;15;9984;14;;;10003;25;10005;2;;;9994.0;0.0
5;43100;INTARIAN_PEPPER_ROOT;18029;10;18027;16;;;18046;8;18049;11;;;18038.0;0.0
5;43200;ASH_COATED_OSMIUM;9985;14;9984;13;9983;3;10004;14;10005;10;10008;12;9994.5;0.0
5;43200;INTARIAN_PEPPER_ROOT;18038;11;18035;10;;;18050;9;18053;9;;;18044.0;0.0
5;43300;ASH_COATED_OSMIUM;9992;23;;;;;10008;26;;;;;10000.0;0.0
5;43300;INTARIAN_PEPPER_ROOT;18036;12;18033;8;;;18054;8;18056;9;;;18045.5;0.0
5;43400;ASH_COATED_OSMIUM;9985;26;;;;;10004;14;;;;;9995.0;0.0
5;43400;INTARIAN_PEPPER_ROOT;18039;9;;;;;18053;10;;;;;18046.5;0.0
5;43500;ASH_COATED_OSMIUM;9987;15;9986;11;;;10003;7;10005;11;;;9995.5;0.0
5;43500;INTARIAN_PEPPER_ROOT;18037;10;18034;8;;;18049;9;18050;12;;;18043.0;0.0
5;43600;ASH_COATED_OSMIUM;9993;14;9992;15;;;10009;14;10012;14;;;10001.0;0.0
5;43600;INTARIAN_PEPPER_ROOT;18041;9;18038;10;18037;11;18045;11;18046;12;18049;8;18043.0;0.0
5;43700;ASH_COATED_OSMIUM;9988;20;9985;10;;;10004;11;10005;14;;;9996.0;0.0
5;43700;INTARIAN_PEPPER_ROOT;18033;12;18031;8;18030;12;18047;10;18050;10;18053;8;18040.0;0.0
5;43800;ASH_COATED_OSMIUM;9986;10;9983;13;9982;15;10004;10;10007;4;10008;11;9995.0;0.0
5;43800;INTARIAN_PEPPER_ROOT;18036;9;18033;21;;;18049;12;18052;12;;;18043.0;0.0
5;43900;ASH_COATED_OSMIUM;9993;12;;;;;10009;14;;;;;10001.0;0.0
5;43900;INTARIAN_PEPPER_ROOT;18040;12;18039;10;;;18052;11;18053;10;;;18046.0;0.0
5;44000;ASH_COATED_OSMIUM;9988;14;9986;10;9983;14;10004;29;10006;10;10009;10;9996.0;0.0
5;44000;INTARIAN_PEPPER_ROOT;18038;11;18037;11;;;18054;11;18057;20;;;18046.5;0.0
5;44100;ASH_COATED_OSMIUM;9996;12;9993;8;;;10007;14;10008;24;;;10001.5;0.0
5;44100;INTARIAN_PEPPER_ROOT;18037;12;18035;12;;;18049;9;18051;8;;;18043.0;0.0
5;44200;ASH_COATED_OSMIUM;9992;15;9991;14;;;10011;11;10012;14;;;10001.5;0.0
5;44200;INTARIAN_PEPPER_ROOT;18037;12;18034;11;18031;23;18050;12;18051;9;18053;11;18044.0;0.0
5;44300;ASH_COATED_OSMIUM;9993;12;9991;22;9988;11;10009;30;10011;13;10013;13;10001.5;0.0
5;44300;INTARIAN_PEPPER_ROOT;18052;12;18051;10;;;18054;17;18057;9;;;18053.5;0.0
5;44400;ASH_COATED_OSMIUM;9992;15;9990;12;;;10011;11;10013;13;;;10001.5;0.0
5;44400;INTARIAN_PEPPER_ROOT;18030;11;;;;;18042;8;;;;;18036.0;0.0
5;44500;ASH_COATED_OSMIUM;9992;12;9991;11;;;10010;11;10012;11;;;10001.5;0.0
5;44500;INTARIAN_PEPPER_ROOT;18037;8;18035;10;;;18049;9;18052;11;;;18043.5;0.0
5;44600;ASH_COATED_OSMIUM;9992;11;;;;;10010;12;;;;;10001.0;0.0
5;44600;INTARIAN_PEPPER_ROOT;18038;9;18035;24;18033;12;18052;22;18055;11;18058;11;18045.5;0.0
5;44700;ASH_COATED_OSMIUM;9987;13;;;;;10006;13;;;;;9996.5;0.0
5;44700;INTARIAN_PEPPER_ROOT;18040;18;18037;8;;;18050;21;18051;12;;;18045.5;0.0
5;44800;ASH_COATED_OSMIUM;9993;23;;;;;10009;14;;;;;10001.5;0.0
5;44800;INTARIAN_PEPPER_ROOT;18040;11;18037;9;18035;10;18051;10;18054;11;18056;12;18045.5;0.0
5;44900;ASH_COATED_OSMIUM;9994;2;9992;14;;;10010;10;10013;10;;;10002.0;0.0
5;44900;INTARIAN_PEPPER_ROOT;18037;11;18036;8;;;18050;8;18052;8;;;18044.0;0.0
5;45000;ASH_COATED_OSMIUM;9988;11;9987;30;;;10004;14;10007;29;;;9996.0;0.0
5;45000;INTARIAN_PEPPER_ROOT;18037;12;18034;12;;;18048;8;18050;8;;;18043.0;0.0
5;45100;ASH_COATED_OSMIUM;9991;29;9990;11;9988;12;10010;14;10012;5;10014;13;10001.0;0.0
5;45100;INTARIAN_PEPPER_ROOT;18039;11;;;;;18053;19;;;;;18046.5;0.0
5;45200;ASH_COATED_OSMIUM;9985;20;;;;;10006;10;;;;;9995.5;0.0
5;45200;INTARIAN_PEPPER_ROOT;18035;8;18034;21;18033;9;18052;11;18053;8;18055;15;18043.5;0.0
5;45300;ASH_COATED_OSMIUM;9987;14;9985;13;9982;14;10003;12;10005;13;10006;15;9995.5;0.0
5;45300;INTARIAN_PEPPER_ROOT;18039;10;18036;19;;;18050;11;18053;9;;;18045.0;0.0
5;45400;ASH_COATED_OSMIUM;9992;15;9990;14;;;10008;26;10009;10;;;10000.5;0.0
5;45400;INTARIAN_PEPPER_ROOT;18039;8;;;;;18053;10;;;;;18046.0;0.0
5;45500;ASH_COATED_OSMIUM;9986;15;9985;10;;;10005;15;10008;10;;;9995.5;0.0
5;45500;INTARIAN_PEPPER_ROOT;18039;19;18036;19;;;18050;11;18053;8;;;18044.5;0.0
5;45600;ASH_COATED_OSMIUM;9988;13;9987;10;9985;10;10004;10;10006;14;10009;11;9996.0;0.0
5;45600;INTARIAN_PEPPER_ROOT;18038;16;18036;10;;;18051;8;18054;8;;;18045.0;0.0
5;45700;ASH_COATED_OSMIUM;9993;11;;;;;10009;11;;;;;10001.0;0.0
5;45700;INTARIAN_PEPPER_ROOT;18040;8;18038;9;18037;12;18054;8;18057;10;18059;9;18047.0;0.0
5;45800;ASH_COATED_OSMIUM;9986;14;9983;14;9981;12;10004;13;10005;15;10007;13;9995.5;0.0
5;45800;INTARIAN_PEPPER_ROOT;18039;9;18038;4;;;18056;12;18057;11;;;18048.0;0.0
5;45900;ASH_COATED_OSMIUM;9987;10;9984;15;;;10003;25;10004;14;;;9995.5;0.0
5;45900;INTARIAN_PEPPER_ROOT;18038;12;18035;11;;;18054;8;18057;8;;;18046.5;0.0
5;46000;ASH_COATED_OSMIUM;9992;15;9990;4;9989;15;10008;12;10009;11;10012;11;10000.5;0.0
5;46000;INTARIAN_PEPPER_ROOT;18040;11;18039;10;18036;11;18054;10;18055;10;18057;8;18047.5;0.0
5;46100;ASH_COATED_OSMIUM;9993;14;;;;;10009;15;;;;;10001.0;0.0
5;46100;INTARIAN_PEPPER_ROOT;18040;9;18039;11;;;18051;16;18053;17;;;18045.5;0.0
5;46200;ASH_COATED_OSMIUM;9992;14;9991;28;;;10008;12;10011;13;;;10000.0;0.0
5;46200;INTARIAN_PEPPER_ROOT;18039;23;18037;10;;;18053;12;18056;12;;;18046.0;0.0
5;46300;ASH_COATED_OSMIUM;9991;14;9988;12;;;10009;14;10011;26;;;10000.0;0.0
5;46300;INTARIAN_PEPPER_ROOT;18036;9;18034;12;;;18052;15;18054;12;;;18044.5;0.0
5;46400;ASH_COATED_OSMIUM;9992;13;;;;;10008;10;;;;;10000.0;0.0
5;46400;INTARIAN_PEPPER_ROOT;18040;9;;;;;18052;22;;;;;18046.5;0.0
5;46500;ASH_COATED_OSMIUM;9986;15;9983;13;9982;27;10002;15;10004;23;10006;27;9994.5;0.0
5;46500;INTARIAN_PEPPER_ROOT;18040;9;;;;;18054;10;;;;;18047.5;0.0
5;46600;ASH_COATED_OSMIUM;9989;15;;;;;9999;9;;;;;9994.5;0.0
5;46600;INTARIAN_PEPPER_ROOT;18041;10;18038;7;18037;12;18054;23;18057;10;18060;11;18047.5;0.0
5;46700;ASH_COATED_OSMIUM;9987;13;9986;12;9984;11;10003;10;10005;5;10008;14;9995.0;0.0
5;46700;INTARIAN_PEPPER_ROOT;18048;8;18047;12;18045;11;18059;8;18061;9;18062;10;18054.0;0.0
5;46800;ASH_COATED_OSMIUM;9987;15;9984;12;;;10003;27;10006;13;;;9995.0;0.0
5;46800;INTARIAN_PEPPER_ROOT;18043;8;18042;10;18040;9;18052;8;18054;10;18056;8;18048.0;0.0
5;46900;ASH_COATED_OSMIUM;9992;11;;;;;10008;14;;;;;10000.5;0.0
5;46900;INTARIAN_PEPPER_ROOT;18044;24;;;;;18056;8;;;;;18050.0;0.0
5;47000;ASH_COATED_OSMIUM;9993;10;9990;14;;;10009;10;10010;14;;;10001.0;0.0
5;47000;INTARIAN_PEPPER_ROOT;18041;5;18040;12;;;18055;10;18058;8;;;18048.5;0.0
5;47100;ASH_COATED_OSMIUM;9987;13;9985;13;;;10003;14;10005;11;;;9995.5;0.0
5;47100;INTARIAN_PEPPER_ROOT;18036;23;;;;;18049;11;;;;;18042.5;0.0
5;47200;ASH_COATED_OSMIUM;9991;14;9988;15;;;10009;12;10010;13;;;10000.5;0.0
5;47200;INTARIAN_PEPPER_ROOT;18040;10;18039;12;18038;10;18053;10;18055;11;18056;11;18046.5;0.0
5;47300;ASH_COATED_OSMIUM;9987;13;9984;13;;;10003;13;10006;13;;;9995.5;0.0
5;47300;INTARIAN_PEPPER_ROOT;18044;11;18041;12;;;18055;12;18056;11;;;18050.0;0.0
5;47400;ASH_COATED_OSMIUM;9992;13;9990;14;;;10008;13;10009;15;;;10000.5;0.0
5;47400;INTARIAN_PEPPER_ROOT;18040;12;18039;10;;;18054;10;18055;8;;;18047.0;0.0
5;47500;ASH_COATED_OSMIUM;9992;13;9991;12;;;10008;12;10010;14;;;10000.5;0.0
5;47500;INTARIAN_PEPPER_ROOT;18034;10;18032;10;;;18043;9;18046;10;;;18039.0;0.0
5;47600;ASH_COATED_OSMIUM;9987;15;9985;14;;;10003;10;10006;4;;;9995.0;0.0
5;47600;INTARIAN_PEPPER_ROOT;18043;12;18042;23;;;18054;11;18055;11;;;18048.5;0.0
5;47700;ASH_COATED_OSMIUM;9987;12;9985;14;;;10003;10;10005;4;;;9995.0;0.0
5;47700;INTARIAN_PEPPER_ROOT;18045;17;;;;;18048;12;;;;;18046.5;0.0
5;47800;ASH_COATED_OSMIUM;9986;12;9983;30;;;10002;13;10003;13;;;9994.5;0.0
5;47800;INTARIAN_PEPPER_ROOT;18037;10;18035;12;;;18052;23;18055;19;;;18044.5;0.0
5;47900;ASH_COATED_OSMIUM;9986;14;9983;11;9981;12;10002;27;10003;12;10005;11;9994.5;0.0
5;47900;INTARIAN_PEPPER_ROOT;18043;12;;;;;18055;25;;;;;18049.5;0.0
5;48000;ASH_COATED_OSMIUM;9986;26;9983;12;9982;6;10004;15;10005;14;10007;11;9995.0;0.0
5;48000;INTARIAN_PEPPER_ROOT;18042;9;18040;9;;;18055;22;18057;11;;;18048.5;0.0
5;48100;ASH_COATED_OSMIUM;9987;11;;;;;10003;3;;;;;9995.0;0.0
5;48100;INTARIAN_PEPPER_ROOT;18038;11;;;;;18054;9;;;;;18046.5;0.0
5;48200;ASH_COATED_OSMIUM;9985;11;9983;5;;;10003;29;10004;14;;;9994.5;0.0
5;48200;INTARIAN_PEPPER_ROOT;18042;11;;;;;18054;8;;;;;18048.0;0.0
5;48300;ASH_COATED_OSMIUM;9986;21;;;;;10002;12;;;;;9994.5;0.0
5;48300;INTARIAN_PEPPER_ROOT;18042;8;18039;11;;;18055;17;18058;8;;;18048.5;0.0
5;48400;ASH_COATED_OSMIUM;9990;22;;;;;10007;11;;;;;9999.0;0.0
5;48400;INTARIAN_PEPPER_ROOT;18040;9;18038;9;18035;16;18054;10;18056;10;18058;11;18047.5;0.0
5;48500;ASH_COATED_OSMIUM;9991;12;9989;10;;;10007;10;10008;14;;;9999.0;0.0
5;48500;INTARIAN_PEPPER_ROOT;18041;23;18038;17;;;18056;10;18058;10;;;18049.0;0.0
5;48600;ASH_COATED_OSMIUM;9991;14;;;;;10007;13;;;;;9999.0;0.0
5;48600;INTARIAN_PEPPER_ROOT;18041;9;;;;;18054;12;;;;;18047.5;0.0
5;48700;ASH_COATED_OSMIUM;9984;15;9983;15;;;10002;13;10005;15;;;9993.5;0.0
5;48700;INTARIAN_PEPPER_ROOT;18041;8;18039;11;18038;10;18054;8;18057;9;18060;22;18048.0;0.0
5;48800;ASH_COATED_OSMIUM;9991;10;9988;29;9985;14;10007;15;10008;15;10009;25;9999.0;0.0
5;48800;INTARIAN_PEPPER_ROOT;18041;11;18038;19;;;18053;17;18056;10;;;18047.5;0.0
5;48900;ASH_COATED_OSMIUM;9991;15;9989;14;9986;15;10007;27;10009;21;10010;11;9999.0;0.0
5;48900;INTARIAN_PEPPER_ROOT;18050;8;18047;18;;;18052;9;18054;10;;;18051.0;0.0
5;49000;ASH_COATED_OSMIUM;9984;29;9982;15;;;10002;13;10004;15;;;9993.5;0.0
5;49000;INTARIAN_PEPPER_ROOT;18039;10;;;;;18052;16;;;;;18045.5;0.0
5;49100;ASH_COATED_OSMIUM;9991;15;;;;;10007;3;;;;;9999.5;0.0
5;49100;INTARIAN_PEPPER_ROOT;18044;9;18041;9;18039;8;18057;16;18059;12;18060;11;18051.0;0.0
5;49200;ASH_COATED_OSMIUM;9991;15;9988;14;9985;11;10007;14;10010;12;10012;12;9999.0;0.0
5;49200;INTARIAN_PEPPER_ROOT;18045;8;;;;;18056;12;;;;;18051.0;0.0
5;49300;ASH_COATED_OSMIUM;9996;12;9995;10;;;10002;27;10005;15;;;9999.0;0.0
5;49300;INTARIAN_PEPPER_ROOT;18043;15;18040;8;18037;16;18054;16;18057;9;18060;8;18048.5;0.0
5;49400;ASH_COATED_OSMIUM;9991;13;9989;13;;;10007;11;10010;14;;;9999.5;0.0
5;49400;INTARIAN_PEPPER_ROOT;18038;10;;;;;18052;11;;;;;18045.5;0.0
5;49500;ASH_COATED_OSMIUM;9991;10;9989;12;9986;12;10007;12;10008;15;10010;13;9999.5;0.0
5;49500;INTARIAN_PEPPER_ROOT;18043;8;;;;;18056;20;;;;;18049.5;0.0
5;49600;ASH_COATED_OSMIUM;9989;10;9988;15;;;10008;10;10011;15;;;9999.0;0.0
5;49600;INTARIAN_PEPPER_ROOT;18040;9;;;;;18056;12;;;;;18048.0;0.0
5;49700;ASH_COATED_OSMIUM;9985;12;9984;11;;;10003;15;10004;13;;;9994.0;0.0
5;49700;INTARIAN_PEPPER_ROOT;18042;9;18039;15;;;18053;12;18054;11;;;18048.0;0.0
5;49800;ASH_COATED_OSMIUM;9991;15;9989;15;;;10007;11;10008;11;;;9999.5;0.0
5;49800;INTARIAN_PEPPER_ROOT;18044;8;18043;12;18040;15;18055;12;18058;8;18061;8;18050.0;0.0
5;49900;ASH_COATED_OSMIUM;9991;11;;;;;10009;12;;;;;10000.0;0.0
5;49900;INTARIAN_PEPPER_ROOT;18044;10;18042;9;;;18057;8;18059;12;;;18050.5;0.0
5;50000;ASH_COATED_OSMIUM;9986;10;9985;23;9983;15;10002;11;10003;13;10006;10;9994.5;0.0
5;50000;INTARIAN_PEPPER_ROOT;18044;12;18042;10;18041;18;18056;18;18059;12;18060;4;18050.0;0.0
5;50100;ASH_COATED_OSMIUM;9992;24;9990;14;9988;12;10008;25;10010;14;10012;25;10000.0;0.0
5;50100;INTARIAN_PEPPER_ROOT;18041;12;18039;20;;;18058;9;18061;20;;;18049.5;0.0
5;50200;ASH_COATED_OSMIUM;9992;14;9991;15;;;10008;20;10010;12;;;10000.0;0.0
5;50200;INTARIAN_PEPPER_ROOT;18042;12;18040;8;;;18055;9;18057;6;;;18049.0;0.0
5;50300;ASH_COATED_OSMIUM;9992;10;;;;;10008;10;;;;;10000.0;0.0
5;50300;INTARIAN_PEPPER_ROOT;18043;9;18040;9;;;18057;10;18059;10;;;18050.5;0.0
5;50400;ASH_COATED_OSMIUM;9987;13;;;;;10003;13;;;;;9995.0;0.0
5;50400;INTARIAN_PEPPER_ROOT;18044;11;18041;25;;;18056;22;18057;8;;;18050.0;0.0
5;50500;ASH_COATED_OSMIUM;9987;13;;;;;10003;13;;;;;9995.5;0.0
5;50500;INTARIAN_PEPPER_ROOT;18042;8;;;;;18057;11;;;;;18049.5;0.0
5;50600;ASH_COATED_OSMIUM;9992;15;;;;;10008;12;;;;;10000.0;0.0
5;50600;INTARIAN_PEPPER_ROOT;18045;10;18044;12;;;18057;8;18059;15;;;18051.5;0.0
5;50700;ASH_COATED_OSMIUM;9985;13;9983;28;;;10003;13;10005;4;;;9994.0;0.0
5;50700;INTARIAN_PEPPER_ROOT;18043;19;18042;9;;;18056;12;18058;9;;;18050.0;0.0
5;50800;ASH_COATED_OSMIUM;9990;15;9989;25;;;10006;15;10007;26;;;9998.5;0.0
5;50800;INTARIAN_PEPPER_ROOT;18044;12;;;;;18055;9;;;;;18049.5;0.0
5;50900;ASH_COATED_OSMIUM;9990;12;9988;12;9987;14;10006;14;10007;13;10010;11;9998.5;0.0
5;50900;INTARIAN_PEPPER_ROOT;18045;9;;;;;18057;11;;;;;18051.0;0.0
5;51000;ASH_COATED_OSMIUM;9990;14;9987;30;9986;11;10006;14;10009;10;10011;11;9998.0;0.0
5;51000;INTARIAN_PEPPER_ROOT;18046;25;18044;11;;;18058;9;18059;4;;;18052.0;0.0
5;51100;ASH_COATED_OSMIUM;9990;28;9987;13;;;10006;26;10009;22;;;9998.0;0.0
5;51100;INTARIAN_PEPPER_ROOT;18048;11;18045;11;18042;9;18059;11;18060;12;18061;9;18054.0;0.0
5;51200;ASH_COATED_OSMIUM;9990;15;9987;13;9985;13;10006;8;10008;13;10010;13;9998.0;0.0
5;51200;INTARIAN_PEPPER_ROOT;18045;9;18043;10;;;18059;15;18062;10;;;18052.5;0.0
5;51300;ASH_COATED_OSMIUM;9989;11;9987;12;9985;15;10005;12;10007;11;10010;25;9997.5;0.0
5;51300;INTARIAN_PEPPER_ROOT;18043;11;;;;;18058;9;;;;;18051.0;0.0
5;51400;ASH_COATED_OSMIUM;9984;11;9983;14;;;10000;15;10002;15;;;9992.5;0.0
5;51400;INTARIAN_PEPPER_ROOT;18043;8;18042;11;18039;11;18057;12;18058;23;18061;8;18050.0;0.0
5;51500;ASH_COATED_OSMIUM;9985;12;9984;10;;;10001;4;10004;11;;;9993.0;0.0
5;51500;INTARIAN_PEPPER_ROOT;18044;12;;;;;18057;17;;;;;18051.0;0.0
5;51600;ASH_COATED_OSMIUM;9990;29;9989;11;;;10006;13;10009;11;;;9998.5;0.0
5;51600;INTARIAN_PEPPER_ROOT;18046;11;;;;;18059;16;;;;;18052.5;0.0
5;51700;ASH_COATED_OSMIUM;9986;10;;;;;10002;15;;;;;9994.0;0.0
5;51700;INTARIAN_PEPPER_ROOT;18047;10;18044;11;;;18060;10;18061;11;;;18053.5;0.0
5;51800;ASH_COATED_OSMIUM;9991;13;;;;;10007;10;;;;;9999.5;0.0
5;51800;INTARIAN_PEPPER_ROOT;18046;11;18045;9;;;18061;9;18063;12;;;18054.0;0.0
5;51900;ASH_COATED_OSMIUM;9984;25;9982;14;9979;12;10003;11;10006;14;10008;25;9993.5;0.0
5;51900;INTARIAN_PEPPER_ROOT;18037;11;18036;9;;;18051;12;18054;19;;;18044.0;0.0
5;52000;ASH_COATED_OSMIUM;9985;11;9982;13;9981;29;10001;15;10004;11;10006;15;9993.5;0.0
5;52000;INTARIAN_PEPPER_ROOT;18042;23;;;;;18055;10;;;;;18049.0;0.0
5;52100;ASH_COATED_OSMIUM;9990;13;;;;;10006;11;;;;;9998.5;0.0
5;52100;INTARIAN_PEPPER_ROOT;18045;9;;;;;18059;10;;;;;18052.5;0.0
5;52200;ASH_COATED_OSMIUM;9984;15;;;;;10000;12;;;;;9992.5;0.0
5;52200;INTARIAN_PEPPER_ROOT;18045;12;;;;;18057;10;;;;;18051.5;0.0
5;52300;ASH_COATED_OSMIUM;9990;28;;;;;10006;12;;;;;9998.0;0.0
5;52300;INTARIAN_PEPPER_ROOT;18045;10;18042;15;;;18057;10;18059;12;;;18051.5;0.0
5;52400;ASH_COATED_OSMIUM;9989;15;9986;13;;;10008;25;10010;10;;;9998.5;0.0
5;52400;INTARIAN_PEPPER_ROOT;18043;24;;;;;18055;9;;;;;18049.0;0.0
5;52500;ASH_COATED_OSMIUM;9989;12;;;;;10008;12;;;;;9998.5;0.0
5;52500;INTARIAN_PEPPER_ROOT;18045;10;18042;11;18041;9;18059;11;18060;23;18061;18;18052.0;0.0
5;52600;ASH_COATED_OSMIUM;9990;28;9989;14;9988;12;10006;11;10007;23;10010;12;9998.5;0.0
5;52600;INTARIAN_PEPPER_ROOT;18044;12;18042;8;;;18057;11;18060;8;;;18050.5;0.0
5;52700;ASH_COATED_OSMIUM;9990;13;9989;5;9986;12;10006;10;10007;10;10009;24;9998.0;0.0
5;52700;INTARIAN_PEPPER_ROOT;18052;11;18050;22;;;18064;19;18065;9;;;18058.0;0.0
5;52800;ASH_COATED_OSMIUM;9990;14;;;;;10006;10;;;;;9998.5;0.0
5;52800;INTARIAN_PEPPER_ROOT;18047;24;;;;;18059;10;;;;;18053.5;0.0
5;52900;ASH_COATED_OSMIUM;9985;15;9984;12;;;10001;13;10002;14;;;9993.5;0.0
5;52900;INTARIAN_PEPPER_ROOT;18047;12;18046;11;18045;8;18060;11;18063;18;18065;9;18054.0;0.0
5;53000;ASH_COATED_OSMIUM;9984;28;9981;15;;;10000;11;10003;23;;;9992.5;0.0
5;53000;INTARIAN_PEPPER_ROOT;18045;12;;;;;18061;9;;;;;18053.5;0.0
5;53100;ASH_COATED_OSMIUM;9989;14;9986;13;;;10005;11;10006;13;;;9997.5;0.0
5;53100;INTARIAN_PEPPER_ROOT;18047;9;18046;10;18043;16;18060;8;18063;11;18066;11;18053.5;0.0
5;53200;ASH_COATED_OSMIUM;9984;12;9982;26;9980;15;10000;11;10003;14;10006;15;9992.5;0.0
5;53200;INTARIAN_PEPPER_ROOT;18044;12;18043;9;18041;8;18055;12;18057;8;18059;12;18049.5;0.0
5;53300;ASH_COATED_OSMIUM;9984;11;9981;13;9980;15;10002;13;10003;5;10005;15;9993.0;0.0
5;53300;INTARIAN_PEPPER_ROOT;18044;20;;;;;18058;12;;;;;18051.5;0.0
5;53400;ASH_COATED_OSMIUM;9985;15;;;;;10001;13;;;;;9993.0;0.0
5;53400;INTARIAN_PEPPER_ROOT;18047;9;;;;;18060;9;;;;;18054.0;0.0
5;53500;ASH_COATED_OSMIUM;9993;14;9990;10;;;10004;12;10005;14;;;9998.5;0.0
5;53500;INTARIAN_PEPPER_ROOT;18055;17;18052;8;;;18059;12;18061;9;;;18057.0;0.0
5;53600;ASH_COATED_OSMIUM;9989;11;;;;;10008;29;;;;;9998.5;0.0
5;53600;INTARIAN_PEPPER_ROOT;18049;9;18046;10;18043;10;18064;10;18066;17;18067;10;18056.5;0.0
5;53700;ASH_COATED_OSMIUM;9986;12;;;;;10002;10;;;;;9994.0;0.0
5;53700;INTARIAN_PEPPER_ROOT;18048;8;;;;;18060;10;;;;;18054.0;0.0
5;53800;ASH_COATED_OSMIUM;9991;11;9988;24;9985;14;10007;13;10009;10;10011;23;9999.5;0.0
5;53800;INTARIAN_PEPPER_ROOT;18047;22;18044;9;;;18060;10;18062;11;;;18053.5;0.0
5;53900;ASH_COATED_OSMIUM;9986;14;9985;14;9983;11;10002;29;10003;11;10006;11;9994.0;0.0
5;53900;INTARIAN_PEPPER_ROOT;18050;9;;;;;18061;11;;;;;18056.0;0.0
5;54000;ASH_COATED_OSMIUM;9991;14;;;;;10007;13;;;;;9999.0;0.0
5;54000;INTARIAN_PEPPER_ROOT;18045;9;18044;11;18042;10;18057;10;18058;11;18059;25;18051.5;0.0
5;54100;ASH_COATED_OSMIUM;9985;21;9983;13;;;10001;13;10003;5;;;9993.5;0.0
5;54100;INTARIAN_PEPPER_ROOT;18044;21;18042;19;;;18058;10;18060;12;;;18051.0;0.0
5;54200;ASH_COATED_OSMIUM;9990;12;9989;15;;;10006;12;10007;11;;;9998.5;0.0
5;54200;INTARIAN_PEPPER_ROOT;18046;12;18043;9;;;18059;8;18062;11;;;18052.5;0.0
5;54300;ASH_COATED_OSMIUM;9990;10;;;;;10006;12;;;;;9998.5;0.0
5;54300;INTARIAN_PEPPER_ROOT;18047;8;18045;8;;;18063;12;18066;11;;;18055.5;0.0
5;54400;ASH_COATED_OSMIUM;9990;12;;;;;10006;11;;;;;9998.5;0.0
5;54400;INTARIAN_PEPPER_ROOT;18046;12;18045;12;;;18066;10;18067;11;;;18056.0;0.0
5;54500;ASH_COATED_OSMIUM;9985;12;9984;15;;;10001;13;10003;12;;;9993.5;0.0
5;54500;INTARIAN_PEPPER_ROOT;18046;8;;;;;18058;12;;;;;18052.0;0.0
5;54600;ASH_COATED_OSMIUM;9986;15;;;;;10002;12;;;;;9994.5;0.0
5;54600;INTARIAN_PEPPER_ROOT;18048;9;;;;;18063;8;;;;;18056.0;0.0
5;54700;ASH_COATED_OSMIUM;9992;15;;;;;10008;15;;;;;10000.0;0.0
5;54700;INTARIAN_PEPPER_ROOT;18050;10;;;;;18061;10;;;;;18055.5;0.0
5;54800;ASH_COATED_OSMIUM;9992;21;;;;;10008;10;;;;;10000.0;0.0
5;54800;INTARIAN_PEPPER_ROOT;18047;11;18044;17;;;18063;21;18066;8;;;18055.5;0.0
5;54900;ASH_COATED_OSMIUM;9991;12;;;;;10007;27;;;;;9999.5;0.0
5;54900;INTARIAN_PEPPER_ROOT;18050;9;;;;;18061;12;;;;;18056.0;0.0
5;55000;ASH_COATED_OSMIUM;9986;10;9983;12;9980;26;10002;11;10004;12;10006;25;9994.0;0.0
5;55000;INTARIAN_PEPPER_ROOT;18048;11;18046;12;18044;12;18061;9;18062;9;18063;8;18055.0;0.0
5;55100;ASH_COATED_OSMIUM;9991;11;9988;22;;;10007;25;10010;13;;;9999.5;0.0
5;55100;INTARIAN_PEPPER_ROOT;18048;11;;;;;18063;12;;;;;18055.5;0.0
5;55200;ASH_COATED_OSMIUM;9991;13;9990;14;;;10007;25;10008;11;;;9999.0;0.0
5;55200;INTARIAN_PEPPER_ROOT;18047;10;18045;10;;;18063;9;18066;18;;;18055.0;0.0
5;55300;ASH_COATED_OSMIUM;9990;10;;;;;10008;10;;;;;9999.5;0.0
5;55300;INTARIAN_PEPPER_ROOT;18048;10;;;;;18060;10;;;;;18054.5;0.0
5;55400;ASH_COATED_OSMIUM;9990;14;9989;13;;;10008;13;10010;11;;;9999.0;0.0
5;55400;INTARIAN_PEPPER_ROOT;18052;12;18051;12;;;18055;8;18058;9;;;18054.0;0.0
5;55500;ASH_COATED_OSMIUM;9983;15;9981;11;;;10004;14;10007;10;;;9994.0;0.0
5;55500;INTARIAN_PEPPER_ROOT;18050;11;18047;25;;;18066;11;18068;3;;;18058.5;0.0
5;55600;ASH_COATED_OSMIUM;9985;14;9982;14;9980;14;10003;30;10005;13;10007;5;9994.0;0.0
5;55600;INTARIAN_PEPPER_ROOT;18048;11;;;;;18062;10;;;;;18055.5;0.0
5;55700;ASH_COATED_OSMIUM;9991;15;;;;;10007;12;;;;;9999.5;0.0
5;55700;INTARIAN_PEPPER_ROOT;18050;9;18048;9;18045;10;18061;10;18063;8;18064;8;18056.0;0.0
5;55800;ASH_COATED_OSMIUM;9984;13;9983;21;;;10005;23;10006;10;;;9994.5;0.0
5;55800;INTARIAN_PEPPER_ROOT;18047;11;;;;;18062;10;;;;;18055.0;0.0
5;55900;ASH_COATED_OSMIUM;9984;25;9981;13;;;10003;15;10004;13;;;9994.0;0.0
5;55900;INTARIAN_PEPPER_ROOT;18047;25;;;;;18062;10;;;;;18054.5;0.0
5;56000;ASH_COATED_OSMIUM;9985;14;9983;13;;;10001;5;10002;23;;;9993.0;0.0
5;56000;INTARIAN_PEPPER_ROOT;18056;10;18055;12;;;18068;11;18069;10;;;18062.5;0.0
5;56100;ASH_COATED_OSMIUM;9988;12;;;;;10007;12;;;;;9997.5;0.0
5;56100;INTARIAN_PEPPER_ROOT;18047;19;18044;11;;;18064;11;18067;9;;;18055.5;0.0
5;56200;ASH_COATED_OSMIUM;9993;14;9992;3;;;10000;10;10002;10;;;9997.0;0.0
5;56200;INTARIAN_PEPPER_ROOT;18049;16;;;;;18061;20;;;;;18055.5;0.0
5;56300;ASH_COATED_OSMIUM;9988;14;9985;22;9983;10;10007;11;10010;21;10013;15;9997.5;0.0
5;56300;INTARIAN_PEPPER_ROOT;18049;19;18047;11;18046;16;18063;9;18065;9;18067;10;18056.5;0.0
5;56400;ASH_COATED_OSMIUM;9984;13;9981;10;9978;12;10000;24;10003;14;10006;12;9992.0;0.0
5;56400;INTARIAN_PEPPER_ROOT;18049;8;18046;18;;;18060;7;18063;10;;;18054.5;0.0
5;56500;ASH_COATED_OSMIUM;9989;12;9988;13;9986;14;10005;12;10007;10;10010;14;9997.5;0.0
5;56500;INTARIAN_PEPPER_ROOT;18053;12;;;;;18067;11;;;;;18060.0;0.0
5;56600;ASH_COATED_OSMIUM;9989;12;;;;;10005;27;;;;;9997.5;0.0
5;56600;INTARIAN_PEPPER_ROOT;18046;21;18045;8;;;18062;16;18064;11;;;18054.5;0.0
5;56700;ASH_COATED_OSMIUM;9984;14;9981;29;9978;27;10000;11;10001;10;10002;13;9992.5;0.0
5;56700;INTARIAN_PEPPER_ROOT;18049;12;;;;;18062;9;;;;;18056.0;0.0
5;56800;ASH_COATED_OSMIUM;9984;10;9983;14;9981;10;10000;12;10003;12;10004;11;9992.5;0.0
5;56800;INTARIAN_PEPPER_ROOT;18048;12;18046;11;;;18061;9;18064;8;;;18055.0;0.0
5;56900;ASH_COATED_OSMIUM;9989;10;9988;26;;;10005;11;10006;20;;;9997.5;0.0
5;56900;INTARIAN_PEPPER_ROOT;18050;12;;;;;18063;11;;;;;18057.0;0.0
5;57000;ASH_COATED_OSMIUM;9990;13;9989;11;;;10006;23;10009;12;;;9998.0;0.0
5;57000;INTARIAN_PEPPER_ROOT;18050;9;;;;;18061;10;;;;;18056.0;0.0
5;57100;ASH_COATED_OSMIUM;9988;3;9985;14;;;10006;12;10007;12;;;9997.0;0.0
5;57100;INTARIAN_PEPPER_ROOT;18045;12;18042;11;;;18066;19;18068;22;;;18056.0;0.0
5;57200;ASH_COATED_OSMIUM;9989;13;;;;;10005;10;;;;;9997.0;0.0
5;57200;INTARIAN_PEPPER_ROOT;18049;10;;;;;18063;12;;;;;18056.5;0.0
5;57300;ASH_COATED_OSMIUM;9987;11;9986;11;9983;12;10008;15;10009;14;10011;14;9997.5;0.0
5;57300;INTARIAN_PEPPER_ROOT;18051;11;18049;8;18047;23;18065;10;18066;17;18067;10;18058.0;0.0
5;57400;ASH_COATED_OSMIUM;9990;4;;;;;10006;14;;;;;9998.5;0.0
5;57400;INTARIAN_PEPPER_ROOT;18050;12;18047;17;;;18064;9;18066;8;;;18057.0;0.0
5;57500;ASH_COATED_OSMIUM;9988;10;9987;11;;;10007;14;10008;28;;;9998.0;0.0
5;57500;INTARIAN_PEPPER_ROOT;18051;9;18050;9;;;18064;12;18065;12;;;18058.0;0.0
5;57600;ASH_COATED_OSMIUM;9984;13;;;;;10003;15;;;;;9993.5;0.0
5;57600;INTARIAN_PEPPER_ROOT;18051;18;;;;;18065;9;;;;;18058.5;0.0
5;57700;ASH_COATED_OSMIUM;9985;14;9982;13;;;10001;12;10004;11;;;9993.5;0.0
5;57700;INTARIAN_PEPPER_ROOT;18051;11;;;;;18062;10;;;;;18057.0;0.0
5;57800;ASH_COATED_OSMIUM;9991;14;9990;13;9988;15;10007;10;10009;14;10012;14;9999.0;0.0
5;57800;INTARIAN_PEPPER_ROOT;18042;25;18041;8;;;18056;12;18057;9;;;18049.0;0.0
5;57900;ASH_COATED_OSMIUM;9986;12;9983;14;9982;10;10002;10;10004;15;10005;11;9994.0;0.0
5;57900;INTARIAN_PEPPER_ROOT;18056;12;18054;12;;;18065;12;18067;10;;;18061.0;0.0
5;58000;ASH_COATED_OSMIUM;9986;15;9983;22;;;10002;28;10005;13;;;9994.0;0.0
5;58000;INTARIAN_PEPPER_ROOT;18052;9;;;;;18066;9;;;;;18059.0;0.0
5;58100;ASH_COATED_OSMIUM;9986;11;9985;21;;;10002;11;10004;14;;;9994.0;0.0
5;58100;INTARIAN_PEPPER_ROOT;18051;4;;;;;18064;12;;;;;18057.5;0.0
5;58200;ASH_COATED_OSMIUM;9991;12;9990;15;;;10007;11;10009;12;;;9999.5;0.0
5;58200;INTARIAN_PEPPER_ROOT;18051;25;18050;12;;;18066;11;18068;10;;;18058.5;0.0
5;58300;ASH_COATED_OSMIUM;9986;12;9985;11;9984;5;10002;15;10004;10;10007;12;9994.5;0.0
5;58300;INTARIAN_PEPPER_ROOT;18053;8;;;;;18066;9;;;;;18059.5;0.0
5;58400;ASH_COATED_OSMIUM;9991;12;9989;10;9986;12;10007;20;10008;10;10011;11;9999.5;0.0
5;58400;INTARIAN_PEPPER_ROOT;18054;23;18053;12;;;18066;11;18068;9;;;18060.5;0.0
5;58500;ASH_COATED_OSMIUM;9992;12;;;;;10008;15;;;;;10000.0;0.0
5;58500;INTARIAN_PEPPER_ROOT;18048;10;;;;;18064;12;;;;;18056.0;0.0
5;58600;ASH_COATED_OSMIUM;9992;11;;;;;10008;13;;;;;10000.0;0.0
5;58600;INTARIAN_PEPPER_ROOT;18052;10;;;;;18065;17;;;;;18059.0;0.0
5;58700;ASH_COATED_OSMIUM;9986;15;9983;15;;;10002;12;10005;10;;;9994.5;0.0
5;58700;INTARIAN_PEPPER_ROOT;18053;5;;;;;18066;10;;;;;18059.5;0.0
5;58800;ASH_COATED_OSMIUM;9991;26;9990;26;9989;26;10007;14;10009;15;10010;13;9999.5;0.0
5;58800;INTARIAN_PEPPER_ROOT;18050;8;18049;8;;;18064;8;18066;10;;;18057.5;0.0
5;58900;ASH_COATED_OSMIUM;9991;12;9988;13;;;10007;3;10009;15;;;9999.5;0.0
5;58900;INTARIAN_PEPPER_ROOT;18055;12;18053;15;;;18066;17;18067;12;;;18061.0;0.0
5;59000;ASH_COATED_OSMIUM;9986;10;9984;14;;;10002;15;10005;10;;;9994.5;0.0
5;59000;INTARIAN_PEPPER_ROOT;18054;10;18053;18;;;18066;12;18068;10;;;18060.0;0.0
5;59100;ASH_COATED_OSMIUM;9985;15;9982;20;;;10004;12;10005;13;;;9995.0;0.0
5;59100;INTARIAN_PEPPER_ROOT;18048;10;18047;11;18044;19;18065;19;18066;22;18069;11;18057.0;0.0
5;59200;ASH_COATED_OSMIUM;9993;10;;;;;10009;10;;;;;10001.0;0.0
5;59200;INTARIAN_PEPPER_ROOT;18056;10;18054;10;18052;11;18067;11;18068;12;18071;10;18062.0;0.0
5;59300;ASH_COATED_OSMIUM;9993;27;9991;20;;;10009;13;10012;14;;;10001.0;0.0
5;59300;INTARIAN_PEPPER_ROOT;18054;12;18053;8;;;18070;9;18072;21;;;18062.5;0.0
5;59400;ASH_COATED_OSMIUM;9993;15;;;;;10009;14;;;;;10001.0;0.0
5;59400;INTARIAN_PEPPER_ROOT;18053;8;18052;11;18050;10;18066;10;18067;8;18070;11;18059.5;0.0
5;59500;ASH_COATED_OSMIUM;9987;15;9986;22;;;10003;11;10004;28;;;9995.5;0.0
5;59500;INTARIAN_PEPPER_ROOT;18052;8;18049;11;;;18068;11;18070;12;;;18060.5;0.0
5;59600;ASH_COATED_OSMIUM;9987;4;9985;13;;;10003;12;10006;24;;;9995.5;0.0
5;59600;INTARIAN_PEPPER_ROOT;18053;11;;;;;18065;15;;;;;18059.5;0.0
5;59700;ASH_COATED_OSMIUM;9988;15;;;;;10004;3;;;;;9996.0;0.0
5;59700;INTARIAN_PEPPER_ROOT;18054;11;18051;10;;;18069;10;18072;8;;;18061.5;0.0
5;59800;ASH_COATED_OSMIUM;9987;11;9985;13;9983;15;10003;12;10004;15;10005;12;9995.5;0.0
5;59800;INTARIAN_PEPPER_ROOT;18050;9;18047;10;18044;17;18061;25;18064;8;18067;12;18056.0;0.0
5;59900;ASH_COATED_OSMIUM;9986;15;9984;13;;;10004;14;10006;20;;;9995.5;0.0
5;59900;INTARIAN_PEPPER_ROOT;18054;12;;;;;18066;12;;;;;18060.0;0.0
5;60000;ASH_COATED_OSMIUM;9987;14;;;;;10003;14;;;;;9995.5;0.0
5;60000;INTARIAN_PEPPER_ROOT;18051;12;18049;12;;;18066;11;18068;8;;;18058.5;0.0
5;60100;ASH_COATED_OSMIUM;9987;14;9986;21;;;10003;14;10006;11;;;9995.0;0.0
5;60100;INTARIAN_PEPPER_ROOT;18052;8;18049;10;18046;10;18065;8;18067;11;18068;11;18059.0;0.0
5;60200;ASH_COATED_OSMIUM;9992;15;9990;10;;;10008;10;10011;25;;;10000.0;0.0
5;60200;INTARIAN_PEPPER_ROOT;18055;12;;;;;18066;11;;;;;18061.0;0.0
5;60300;ASH_COATED_OSMIUM;9985;15;9984;12;;;10004;23;10006;14;;;9995.0;0.0
5;60300;INTARIAN_PEPPER_ROOT;18057;8;;;;;18070;10;;;;;18064.0;0.0
5;60400;ASH_COATED_OSMIUM;9990;15;9989;12;;;10009;15;10010;12;;;10000.0;0.0
5;60400;INTARIAN_PEPPER_ROOT;18056;10;18055;8;;;18068;23;18070;8;;;18062.0;0.0
5;60500;ASH_COATED_OSMIUM;9992;14;9991;10;9989;15;10008;13;10009;4;10012;21;10000.0;0.0
5;60500;INTARIAN_PEPPER_ROOT;18055;9;18054;8;;;18068;9;18070;8;;;18061.5;0.0
5;60600;ASH_COATED_OSMIUM;9992;27;9991;27;;;10008;12;10009;13;;;10000.0;0.0
5;60600;INTARIAN_PEPPER_ROOT;18050;9;18048;8;18045;5;18062;9;18063;23;18064;8;18056.0;0.0
5;60700;ASH_COATED_OSMIUM;9991;14;;;;;10007;23;;;;;9999.5;0.0
5;60700;INTARIAN_PEPPER_ROOT;18056;10;18053;8;18050;9;18068;11;18071;11;18074;22;18062.5;0.0
5;60800;ASH_COATED_OSMIUM;9991;11;9989;12;9987;10;10007;10;10008;26;10009;13;9999.5;0.0
5;60800;INTARIAN_PEPPER_ROOT;18052;8;18050;23;18048;11;18065;9;18066;16;18069;22;18059.0;0.0
5;60900;ASH_COATED_OSMIUM;9986;10;9984;15;9983;11;10002;14;10005;25;10006;13;9994.0;0.0
5;60900;INTARIAN_PEPPER_ROOT;18055;12;18054;11;18052;12;18069;17;18070;12;18071;12;18062.5;0.0
5;61000;ASH_COATED_OSMIUM;9991;30;9989;4;;;10007;14;10010;11;;;9999.5;0.0
5;61000;INTARIAN_PEPPER_ROOT;18052;9;18051;11;;;18063;10;18065;10;;;18058.0;0.0
5;61100;ASH_COATED_OSMIUM;9985;12;9984;10;;;10003;3;10006;14;;;9994.5;0.0
5;61100;INTARIAN_PEPPER_ROOT;18057;12;18055;11;;;18068;12;18070;10;;;18063.0;0.0
5;61200;ASH_COATED_OSMIUM;9986;15;;;;;10002;20;;;;;9994.5;0.0
5;61200;INTARIAN_PEPPER_ROOT;18054;12;18052;11;18050;11;18068;10;18069;9;18070;11;18061.0;0.0
5;61300;ASH_COATED_OSMIUM;9986;15;9983;26;9980;2;10002;13;10004;11;10007;11;9994.5;0.0
5;61300;INTARIAN_PEPPER_ROOT;18055;11;;;;;18067;10;;;;;18061.0;0.0
5;61400;ASH_COATED_OSMIUM;9985;14;;;;;10004;11;;;;;9994.5;0.0
5;61400;INTARIAN_PEPPER_ROOT;18057;8;;;;;18070;8;;;;;18064.0;0.0
5;61500;ASH_COATED_OSMIUM;9991;10;;;;;10007;10;;;;;9999.5;0.0
5;61500;INTARIAN_PEPPER_ROOT;18054;3;;;;;18068;11;;;;;18061.0;0.0
5;61600;ASH_COATED_OSMIUM;9986;13;9983;11;9982;15;10002;11;10004;11;10006;27;9994.0;0.0
5;61600;INTARIAN_PEPPER_ROOT;18052;21;18051;8;18050;10;18066;10;18069;9;18071;10;18059.0;0.0
5;61700;ASH_COATED_OSMIUM;9990;23;9989;11;9987;14;10006;4;10008;13;10010;12;9998.5;0.0
5;61700;INTARIAN_PEPPER_ROOT;18055;9;18052;10;;;18069;12;18070;9;;;18062.0;0.0
5;61800;ASH_COATED_OSMIUM;9990;11;9988;10;9986;10;10006;21;10008;10;10010;27;9998.5;0.0
5;61800;INTARIAN_PEPPER_ROOT;18048;21;;;;;18066;9;;;;;18057.0;0.0
5;61900;ASH_COATED_OSMIUM;9985;10;9984;14;9981;14;10001;13;10004;14;10007;15;9993.5;0.0
5;61900;INTARIAN_PEPPER_ROOT;18058;9;;;;;18070;25;;;;;18064.5;0.0
5;62000;ASH_COATED_OSMIUM;9992;10;9989;23;;;10008;14;10011;5;;;10000.5;0.0
5;62000;INTARIAN_PEPPER_ROOT;18054;12;18053;16;18050;12;18066;12;18067;11;18068;11;18060.5;0.0
5;62100;ASH_COATED_OSMIUM;9985;10;9982;10;9979;10;10003;11;10004;10;10007;15;9994.5;0.0
5;62100;INTARIAN_PEPPER_ROOT;18053;21;18051;8;18050;12;18067;9;18068;20;18071;10;18060.0;0.0
5;62200;ASH_COATED_OSMIUM;9990;29;;;;;9999;13;;;;;9994.5;0.0
5;62200;INTARIAN_PEPPER_ROOT;18051;10;18050;19;;;18066;10;18068;10;;;18059.0;0.0
5;62300;ASH_COATED_OSMIUM;9985;11;;;;;10004;11;;;;;9994.5;0.0
5;62300;INTARIAN_PEPPER_ROOT;18056;12;;;;;18068;10;;;;;18062.5;0.0
5;62400;ASH_COATED_OSMIUM;9987;14;9986;12;;;10003;15;10005;10;;;9995.0;0.0
5;62400;INTARIAN_PEPPER_ROOT;18054;20;;;;;18070;10;;;;;18062.0;0.0
5;62500;ASH_COATED_OSMIUM;9990;15;9987;12;9985;13;10009;10;10010;20;10011;12;10000.0;0.0
5;62500;INTARIAN_PEPPER_ROOT;18053;10;18052;16;;;18072;8;18073;23;;;18062.5;0.0
5;62600;ASH_COATED_OSMIUM;9990;12;;;;;10009;13;;;;;9999.5;0.0
5;62600;INTARIAN_PEPPER_ROOT;18057;12;18056;12;;;18069;8;18071;17;;;18063.0;0.0
5;62700;ASH_COATED_OSMIUM;9986;13;9983;3;;;10002;26;10005;10;;;9994.5;0.0
5;62700;INTARIAN_PEPPER_ROOT;18053;8;18050;8;18047;12;18070;10;18071;8;18073;11;18061.5;0.0
5;62800;ASH_COATED_OSMIUM;9991;12;9990;15;;;10009;20;10010;5;;;10000.0;0.0
5;62800;INTARIAN_PEPPER_ROOT;18054;21;18052;18;;;18068;8;18069;10;;;18061.5;0.0
5;62900;ASH_COATED_OSMIUM;9987;13;9986;20;9985;13;10003;10;10005;5;10008;13;9995.0;0.0
5;62900;INTARIAN_PEPPER_ROOT;18057;8;18054;9;;;18071;11;18074;10;;;18064.5;0.0
5;63000;ASH_COATED_OSMIUM;9987;23;9986;23;;;10003;12;10004;4;;;9995.5;0.0
5;63000;INTARIAN_PEPPER_ROOT;18058;8;18057;23;;;18070;18;18073;7;;;18064.5;0.0
5;63100;ASH_COATED_OSMIUM;9987;15;9985;4;;;10003;15;10005;10;;;9995.0;0.0
5;63100;INTARIAN_PEPPER_ROOT;18056;11;;;;;18068;10;;;;;18062.5;0.0
5;63200;ASH_COATED_OSMIUM;9992;15;9989;12;;;10008;15;10011;27;;;10000.5;0.0
5;63200;INTARIAN_PEPPER_ROOT;18055;9;;;;;18068;16;;;;;18061.5;0.0
5;63300;ASH_COATED_OSMIUM;9991;13;9988;2;9985;10;10010;10;10012;13;10015;11;10001.0;0.0
5;63300;INTARIAN_PEPPER_ROOT;18054;24;18053;8;;;18067;22;18069;11;;;18060.5;0.0
5;63400;ASH_COATED_OSMIUM;9986;14;9983;15;9982;15;10004;15;10006;15;10008;10;9995.5;0.0
5;63400;INTARIAN_PEPPER_ROOT;18056;10;;;;;18068;17;;;;;18062.5;0.0
5;63500;ASH_COATED_OSMIUM;9987;14;9984;15;;;10003;13;10004;30;;;9995.5;0.0
5;63500;INTARIAN_PEPPER_ROOT;18053;10;18051;11;;;18069;21;18071;8;;;18061.5;0.0
5;63600;ASH_COATED_OSMIUM;9987;24;;;;;10003;13;;;;;9995.0;0.0
5;63600;INTARIAN_PEPPER_ROOT;18059;10;;;;;18070;23;;;;;18064.5;0.0
5;63700;ASH_COATED_OSMIUM;9991;10;9989;15;;;10009;10;10012;28;;;10000.5;0.0
5;63700;INTARIAN_PEPPER_ROOT;18057;11;18054;10;;;18071;8;18072;23;;;18064.5;0.0
5;63800;ASH_COATED_OSMIUM;9986;29;9984;27;;;10002;12;10004;10;;;9994.5;0.0
5;63800;INTARIAN_PEPPER_ROOT;18056;24;18055;9;;;18071;21;18074;8;;;18064.0;0.0
5;63900;ASH_COATED_OSMIUM;9991;14;9989;14;9988;10;10010;14;10013;15;10015;11;10000.5;0.0
5;63900;INTARIAN_PEPPER_ROOT;18058;11;18057;12;18054;9;18072;11;18073;8;18074;9;18065.0;0.0
5;64000;ASH_COATED_OSMIUM;9992;15;;;;;10008;11;;;;;10000.5;0.0
5;64000;INTARIAN_PEPPER_ROOT;18058;9;18056;8;18054;10;18070;12;18071;8;18073;8;18064.5;0.0
5;64100;ASH_COATED_OSMIUM;9991;29;9989;26;;;10010;13;10013;23;;;10000.5;0.0
5;64100;INTARIAN_PEPPER_ROOT;18059;10;;;;;18067;9;;;;;18063.5;0.0
5;64200;ASH_COATED_OSMIUM;9990;13;;;;;10008;14;;;;;9999.5;0.0
5;64200;INTARIAN_PEPPER_ROOT;18056;12;18053;12;18050;10;18069;15;18070;8;18072;21;18063.0;0.0
5;64300;ASH_COATED_OSMIUM;9985;12;9982;4;;;10004;15;10005;13;;;9994.5;0.0
5;64300;INTARIAN_PEPPER_ROOT;18053;20;;;;;18069;16;;;;;18061.5;0.0
5;64400;ASH_COATED_OSMIUM;9991;10;;;;;10009;10;;;;;10000.0;0.0
5;64400;INTARIAN_PEPPER_ROOT;18056;9;18054;11;18051;24;18069;11;18072;9;18073;20;18063.0;0.0
5;64500;ASH_COATED_OSMIUM;9986;10;;;;;10002;13;;;;;9994.5;0.0
5;64500;INTARIAN_PEPPER_ROOT;18053;12;;;;;18069;9;;;;;18061.5;0.0
5;64600;ASH_COATED_OSMIUM;9986;13;9985;10;;;10002;13;10005;20;;;9994.5;0.0
5;64600;INTARIAN_PEPPER_ROOT;18058;10;18057;8;;;18072;8;18073;12;;;18065.0;0.0
5;64700;ASH_COATED_OSMIUM;9985;14;9983;14;9980;13;10001;15;10002;11;10004;14;9993.5;0.0
5;64700;INTARIAN_PEPPER_ROOT;18058;10;18056;16;;;18070;12;18073;12;;;18064.5;0.0
5;64800;ASH_COATED_OSMIUM;9991;12;9989;13;;;10007;15;10010;10;;;9999.0;0.0
5;64800;INTARIAN_PEPPER_ROOT;18060;9;;;;;18072;10;;;;;18066.5;0.0
5;64900;ASH_COATED_OSMIUM;9990;14;9987;10;;;10006;12;10007;13;;;9998.5;0.0
5;64900;INTARIAN_PEPPER_ROOT;18058;11;;;;;18070;20;;;;;18064.0;0.0
5;65000;ASH_COATED_OSMIUM;9990;12;;;;;10006;13;;;;;9998.5;0.0
