day;timestamp;product;bid_price_1;bid_volume_1;bid_price_2;bid_volume_2;bid_price_3;bid_volume_3;ask_price_1;ask_volume_1;ask_price_2;ask_volume_2;ask_price_3;ask_volume_3;mid_price;profit_and_loss
42;0;ASH_COATED_OSMIUM;10000;11;9999;15;9996;10;10010;10;10013;13;10015;27;10005.5;0.0
42;0;INTARIAN_PEPPER_ROOT;54993;9;;;;;55006;10;;;;;54999.5;0.0
42;100;ASH_COATED_OSMIUM;9991;15;9989;29;;;10007;13;10010;11;;;9999.5;0.0
42;100;INTARIAN_PEPPER_ROOT;54992;11;;;;;55006;12;;;;;54999.0;0.0
42;200;ASH_COATED_OSMIUM;9987;13;9984;27;;;10003;29;10005;12;;;9995.0;0.0
42;200;INTARIAN_PEPPER_ROOT;54995;11;;;;;55008;21;;;;;55002.0;0.0
42;300;ASH_COATED_OSMIUM;9994;10;;;;;10010;28;;;;;10002.0;0.0
42;300;INTARIAN_PEPPER_ROOT;54990;20;54989;8;;;55003;12;55004;11;;;54996.5;0.0
42;400;ASH_COATED_OSMIUM;9996;13;9994;12;;;10015;13;10018;6;;;10006.0;0.0
42;400;INTARIAN_PEPPER_ROOT;54997;8;54995;8;;;55010;12;55011;7;;;55003.5;0.0
42;500;ASH_COATED_OSMIUM;9995;26;9992;27;;;10013;15;10015;11;;;10004.5;0.0
42;500;INTARIAN_PEPPER_ROOT;55001;10;;;;;55013;10;;;;;55007.5;0.0
42;600;ASH_COATED_OSMIUM;9995;10;9993;25;9990;10;10011;26;10014;12;10017;10;10003.5;0.0
42;600;INTARIAN_PEPPER_ROOT;54995;12;54994;8;;;55007;10;55010;12;;;55001.5;0.0
42;700;ASH_COATED_OSMIUM;9991;10;9990;13;;;10007;24;10010;13;;;9999.5;0.0
42;700;INTARIAN_PEPPER_ROOT;54996;11;54995;12;;;55010;8;55012;9;;;55003.0;0.0
42;800;ASH_COATED_OSMIUM;9995;13;9992;15;9990;13;10005;22;10006;13;10009;10;10000.0;0.0
42;800;INTARIAN_PEPPER_ROOT;54993;11;54992;11;54989;10;55005;9;55008;22;55011;8;54999.5;0.0
42;900;ASH_COATED_OSMIUM;9990;22;9987;10;;;10008;14;10011;14;;;9999.0;0.0
42;900;INTARIAN_PEPPER_ROOT;54991;11;54989;8;;;55005;12;55007;8;;;54998.5;0.0
42;1000;ASH_COATED_OSMIUM;9994;15;9992;12;;;10010;11;10013;24;;;10002.0;0.0
42;1000;INTARIAN_PEPPER_ROOT;54995;11;;;;;55008;10;;;;;55001.5;0.0
42;1100;ASH_COATED_OSMIUM;9991;12;;;;;10007;28;;;;;9999.0;0.0
42;1100;INTARIAN_PEPPER_ROOT;54993;11;54990;12;;;55008;9;55011;11;;;55001.0;0.0
42;1200;ASH_COATED_OSMIUM;9994;13;9993;13;;;10010;23;10013;14;;;10002.0;0.0
42;1200;INTARIAN_PEPPER_ROOT;54996;9;54995;10;;;55009;12;55012;9;;;55003.0;0.0
42;1300;ASH_COATED_OSMIUM;9996;11;9993;14;;;10015;12;10017;15;;;10006.0;0.0
42;1300;INTARIAN_PEPPER_ROOT;54992;12;54991;8;;;55006;9;55008;23;;;54999.5;0.0
42;1400;ASH_COATED_OSMIUM;9997;14;9994;10;;;10016;27;10019;14;;;10006.5;0.0
42;1400;INTARIAN_PEPPER_ROOT;54994;8;54992;21;;;55008;10;55011;9;;;55001.0;0.0
42;1500;ASH_COATED_OSMIUM;9998;15;9996;15;9993;24;10014;13;10017;15;10018;13;10006.0;0.0
42;1500;INTARIAN_PEPPER_ROOT;54993;9;54990;11;54989;12;55006;11;55009;16;55012;11;54999.5;0.0
42;1600;ASH_COATED_OSMIUM;9998;10;;;;;10014;12;;;;;10006.0;0.0
42;1600;INTARIAN_PEPPER_ROOT;54993;8;54990;10;;;55005;11;55007;12;;;54999.5;0.0
42;1700;ASH_COATED_OSMIUM;9993;14;9991;10;9990;13;10009;11;10010;21;10013;29;10001.5;0.0
42;1700;INTARIAN_PEPPER_ROOT;54996;16;54995;16;54994;16;55009;10;55011;11;55013;5;55002.5;0.0
42;1800;ASH_COATED_OSMIUM;9993;10;;;;;10011;14;;;;;10002.0;0.0
42;1800;INTARIAN_PEPPER_ROOT;54996;10;54993;19;54990;12;55007;8;55008;11;55011;19;55001.5;0.0
42;1900;ASH_COATED_OSMIUM;9992;27;;;;;10008;12;;;;;10000.5;0.0
42;1900;INTARIAN_PEPPER_ROOT;55003;9;55002;12;54999;12;55006;10;55007;11;55009;10;55005.0;0.0
42;2000;ASH_COATED_OSMIUM;9994;15;9993;15;9992;10;10010;14;10013;11;10016;30;10002.0;0.0
42;2000;INTARIAN_PEPPER_ROOT;54995;9;;;;;55007;9;;;;;55001.5;0.0
42;2100;ASH_COATED_OSMIUM;9999;15;9998;12;9997;14;10015;26;10017;15;10020;13;10007.0;0.0
42;2100;INTARIAN_PEPPER_ROOT;54993;9;54990;8;;;55006;12;55009;16;;;54999.5;0.0
42;2200;ASH_COATED_OSMIUM;9997;12;9994;28;9993;15;10013;14;10014;10;10017;15;10005.5;0.0
42;2200;INTARIAN_PEPPER_ROOT;54994;21;54992;11;54991;11;55007;10;55010;10;55011;11;55000.5;0.0
42;2300;ASH_COATED_OSMIUM;9995;20;;;;;10014;11;;;;;10004.5;0.0
42;2300;INTARIAN_PEPPER_ROOT;54994;10;;;;;55007;8;;;;;55000.5;0.0
42;2400;ASH_COATED_OSMIUM;9994;15;9993;13;9990;12;10010;26;10011;13;10014;11;10002.5;0.0
42;2400;INTARIAN_PEPPER_ROOT;54995;12;;;;;55012;8;;;;;55004.0;0.0
42;2500;ASH_COATED_OSMIUM;9989;14;9986;2;;;10005;14;10007;15;;;9997.5;0.0
42;2500;INTARIAN_PEPPER_ROOT;54998;20;;;;;55012;11;;;;;55005.0;0.0
42;2600;ASH_COATED_OSMIUM;9996;14;;;;;10001;11;;;;;9998.5;0.0
42;2600;INTARIAN_PEPPER_ROOT;54996;12;54995;12;;;55008;12;55011;9;;;55002.5;0.0
42;2700;ASH_COATED_OSMIUM;9986;14;9983;10;;;10004;13;10007;15;;;9995.5;0.0
42;2700;INTARIAN_PEPPER_ROOT;54997;10;;;;;55009;8;;;;;55003.0;0.0
42;2800;ASH_COATED_OSMIUM;9992;15;;;;;10002;14;;;;;9997.5;0.0
42;2800;INTARIAN_PEPPER_ROOT;54994;9;54991;3;54989;11;55010;8;55012;22;55014;10;55002.5;0.0
42;2900;ASH_COATED_OSMIUM;9990;11;9989;12;;;10008;24;10009;14;;;9999.5;0.0
42;2900;INTARIAN_PEPPER_ROOT;54996;10;54995;10;;;55007;10;55008;9;;;55002.0;0.0
42;3000;ASH_COATED_OSMIUM;9997;28;;;;;10016;22;;;;;10007.0;0.0
42;3000;INTARIAN_PEPPER_ROOT;54996;6;54993;11;;;55010;12;55011;5;;;55003.0;0.0
42;3100;ASH_COATED_OSMIUM;9996;15;9993;10;;;10006;23;10008;10;;;10001.0;0.0
42;3100;INTARIAN_PEPPER_ROOT;54996;18;;;;;55010;18;;;;;55003.0;0.0
42;3200;ASH_COATED_OSMIUM;9996;11;9993;12;9991;3;10012;13;10014;10;10015;11;10004.5;0.0
42;3200;INTARIAN_PEPPER_ROOT;54993;12;;;;;55011;19;;;;;55002.0;0.0
42;3300;ASH_COATED_OSMIUM;10000;15;9997;14;9995;15;10016;11;10017;23;10018;11;10008.0;0.0
42;3300;INTARIAN_PEPPER_ROOT;54998;9;;;;;55009;12;;;;;55003.5;0.0
42;3400;ASH_COATED_OSMIUM;9994;10;9992;11;9991;15;10010;10;10011;22;10012;25;10002.5;0.0
42;3400;INTARIAN_PEPPER_ROOT;54996;20;;;;;55014;8;;;;;55005.0;0.0
42;3500;ASH_COATED_OSMIUM;9994;15;9992;24;;;10010;11;10013;30;;;10002.5;0.0
42;3500;INTARIAN_PEPPER_ROOT;54995;11;54994;12;;;55011;9;55014;10;;;55003.5;0.0
42;3600;ASH_COATED_OSMIUM;9999;15;9998;14;;;10015;22;10016;23;;;10007.0;0.0
42;3600;INTARIAN_PEPPER_ROOT;54995;11;;;;;55009;10;;;;;55002.5;0.0
42;3700;ASH_COATED_OSMIUM;9994;14;9992;10;;;10010;12;10012;14;;;10002.0;0.0
42;3700;INTARIAN_PEPPER_ROOT;54997;11;54994;17;54992;11;55011;10;55013;12;55015;10;55004.5;0.0
42;3800;ASH_COATED_OSMIUM;9991;10;;;;;10007;14;;;;;9999.5;0.0
42;3800;INTARIAN_PEPPER_ROOT;54996;21;;;;;55013;9;;;;;55004.5;0.0
42;3900;ASH_COATED_OSMIUM;9989;2;9988;15;;;10005;11;10007;11;;;9997.0;0.0
42;3900;INTARIAN_PEPPER_ROOT;54995;11;54994;19;54992;11;55014;15;55015;22;55016;18;55005.0;0.0
42;4000;ASH_COATED_OSMIUM;9993;15;9991;30;;;10003;12;10005;13;;;9998.0;0.0
42;4000;INTARIAN_PEPPER_ROOT;54996;8;54994;17;54991;8;55012;15;55013;9;55016;10;55004.5;0.0
42;4100;ASH_COATED_OSMIUM;9985;2;;;;;10004;14;;;;;9994.5;0.0
42;4100;INTARIAN_PEPPER_ROOT;54999;10;54997;9;54994;10;55011;10;55013;10;55015;12;55005.0;0.0
42;4200;ASH_COATED_OSMIUM;9982;30;9979;23;9978;14;9998;12;10000;28;10003;26;9990.5;0.0
42;4200;INTARIAN_PEPPER_ROOT;54998;10;54995;8;54994;12;55011;10;55014;11;55015;10;55004.5;0.0
42;4300;ASH_COATED_OSMIUM;9979;28;9977;11;9975;15;9995;10;9996;10;9999;15;9987.0;0.0
42;4300;INTARIAN_PEPPER_ROOT;54999;8;;;;;55011;16;;;;;55005.0;0.0
42;4400;ASH_COATED_OSMIUM;9988;15;;;;;10007;11;;;;;9997.5;0.0
42;4400;INTARIAN_PEPPER_ROOT;54993;8;54992;12;;;55009;9;55010;10;;;55001.0;0.0
42;4500;ASH_COATED_OSMIUM;9988;12;;;;;10004;14;;;;;9996.5;0.0
42;4500;INTARIAN_PEPPER_ROOT;54996;10;54993;12;;;55008;11;55011;8;;;55002.0;0.0
42;4600;ASH_COATED_OSMIUM;9988;15;;;;;10006;10;;;;;9997.5;0.0
42;4600;INTARIAN_PEPPER_ROOT;54994;10;54992;8;;;55006;25;55008;10;;;55000.0;0.0
42;4700;ASH_COATED_OSMIUM;9987;13;9984;15;;;10003;11;10006;12;;;9995.0;0.0
42;4700;INTARIAN_PEPPER_ROOT;54999;8;54998;12;54995;11;55012;8;55013;22;55014;11;55006.0;0.0
42;4800;ASH_COATED_OSMIUM;9989;13;9987;26;;;10005;15;10006;11;;;9997.5;0.0
42;4800;INTARIAN_PEPPER_ROOT;55000;11;54999;3;54997;11;55017;23;55020;11;55023;11;55009.0;0.0
42;4900;ASH_COATED_OSMIUM;9989;10;9987;12;9984;13;10008;23;10010;10;10012;13;9999.0;0.0
42;4900;INTARIAN_PEPPER_ROOT;54996;12;54993;11;54991;9;55012;9;55013;9;55015;10;55004.0;0.0
42;5000;ASH_COATED_OSMIUM;9994;14;9992;12;;;10010;11;10012;15;;;10002.0;0.0
42;5000;INTARIAN_PEPPER_ROOT;54997;10;54995;11;54993;8;55011;11;55014;8;55015;12;55004.0;0.0
42;5100;ASH_COATED_OSMIUM;9999;15;9997;10;;;10015;11;10017;11;;;10007.5;0.0
42;5100;INTARIAN_PEPPER_ROOT;54999;9;54997;22;;;55015;11;55017;8;;;55007.0;0.0
42;5200;ASH_COATED_OSMIUM;9998;11;9997;11;;;10014;12;10016;25;;;10006.5;0.0
42;5200;INTARIAN_PEPPER_ROOT;54991;12;54989;12;;;55011;10;55012;8;;;55001.5;0.0
42;5300;ASH_COATED_OSMIUM;9991;12;9988;10;9987;27;10007;27;10008;14;10010;13;9999.5;0.0
42;5300;INTARIAN_PEPPER_ROOT;54999;11;54996;17;54995;11;55012;12;55015;10;55017;15;55006.0;0.0
42;5400;ASH_COATED_OSMIUM;9989;15;9987;23;;;10005;22;10007;28;;;9997.5;0.0
42;5400;INTARIAN_PEPPER_ROOT;54997;12;;;;;55008;11;;;;;55002.5;0.0
42;5500;ASH_COATED_OSMIUM;9987;10;9985;12;9982;11;10005;29;10007;14;10009;20;9996.0;0.0
42;5500;INTARIAN_PEPPER_ROOT;55001;20;54998;10;;;55018;12;55019;12;;;55009.5;0.0
42;5600;ASH_COATED_OSMIUM;9990;11;9987;12;;;10008;11;10011;6;;;9999.0;0.0
42;5600;INTARIAN_PEPPER_ROOT;54997;11;54995;16;;;55009;18;55011;12;;;55003.5;0.0
42;5700;ASH_COATED_OSMIUM;9993;22;;;;;10003;30;;;;;9998.5;0.0
42;5700;INTARIAN_PEPPER_ROOT;55000;8;54998;10;;;55012;10;55015;10;;;55006.5;0.0
42;5800;ASH_COATED_OSMIUM;9983;11;9981;24;9978;11;9999;10;10002;14;10005;12;9991.5;0.0
42;5800;INTARIAN_PEPPER_ROOT;55002;18;54999;9;54997;11;55014;8;55016;11;55018;7;55008.5;0.0
42;5900;ASH_COATED_OSMIUM;9991;10;9988;10;9986;11;10010;15;10012;12;10014;15;10000.5;0.0
42;5900;INTARIAN_PEPPER_ROOT;54998;12;54995;7;54994;8;55014;18;55015;16;55018;11;55006.5;0.0
42;6000;ASH_COATED_OSMIUM;9994;12;9993;14;;;10012;14;10014;5;;;10003.0;0.0
42;6000;INTARIAN_PEPPER_ROOT;55000;9;54998;8;;;55014;9;55015;12;;;55007.0;0.0
42;6100;ASH_COATED_OSMIUM;9994;14;9992;13;;;10012;11;10013;13;;;10003.0;0.0
42;6100;INTARIAN_PEPPER_ROOT;55002;8;55001;11;;;55015;5;55016;10;;;55008.5;0.0
42;6200;ASH_COATED_OSMIUM;9998;12;9997;27;;;10014;15;10016;13;;;10006.0;0.0
42;6200;INTARIAN_PEPPER_ROOT;54999;8;54998;9;54997;12;55011;10;55012;10;55013;11;55005.5;0.0
42;6300;ASH_COATED_OSMIUM;9999;15;;;;;10018;20;;;;;10009.0;0.0
42;6300;INTARIAN_PEPPER_ROOT;55003;12;55001;15;;;55017;8;55018;11;;;55010.0;0.0
42;6400;ASH_COATED_OSMIUM;9999;15;9996;14;;;10015;11;10016;30;;;10007.0;0.0
42;6400;INTARIAN_PEPPER_ROOT;55001;12;55000;8;;;55012;12;55013;11;;;55007.0;0.0
42;6500;ASH_COATED_OSMIUM;9995;14;9992;10;;;10014;11;10015;12;;;10004.5;0.0
42;6500;INTARIAN_PEPPER_ROOT;55002;12;54999;11;;;55013;11;55014;9;;;55008.0;0.0
42;6600;ASH_COATED_OSMIUM;9992;14;9989;12;9987;13;10008;13;10010;10;10013;15;10000.0;0.0
42;6600;INTARIAN_PEPPER_ROOT;54998;8;54996;7;54993;22;55011;24;55014;8;55016;11;55005.0;0.0
42;6700;ASH_COATED_OSMIUM;9991;14;;;;;10007;24;;;;;9999.5;0.0
42;6700;INTARIAN_PEPPER_ROOT;55001;8;54999;10;;;55012;12;55013;21;;;55006.5;0.0
42;6800;ASH_COATED_OSMIUM;9998;27;;;;;10008;14;;;;;10003.5;0.0
42;6800;INTARIAN_PEPPER_ROOT;55000;15;;;;;55011;9;;;;;55005.5;0.0
42;6900;ASH_COATED_OSMIUM;9991;14;9989;15;;;10007;14;10008;10;;;9999.5;0.0
42;6900;INTARIAN_PEPPER_ROOT;55000;9;;;;;55014;10;;;;;55007.0;0.0
42;7000;ASH_COATED_OSMIUM;9995;14;9993;2;9990;15;10011;14;10014;14;10015;15;10003.0;0.0
42;7000;INTARIAN_PEPPER_ROOT;55001;12;54999;10;54996;9;55015;8;55016;8;55019;9;55008.5;0.0
42;7100;ASH_COATED_OSMIUM;9984;29;9981;30;;;10005;10;10007;14;;;9995.0;0.0
42;7100;INTARIAN_PEPPER_ROOT;55004;19;55001;23;55000;8;55015;11;55018;10;55021;10;55009.5;0.0
42;7200;ASH_COATED_OSMIUM;9994;11;;;;;10010;12;;;;;10002.5;0.0
42;7200;INTARIAN_PEPPER_ROOT;55003;9;;;;;55017;9;;;;;55010.5;0.0
42;7300;ASH_COATED_OSMIUM;10001;20;9998;11;;;10019;11;10020;14;;;10010.0;0.0
42;7300;INTARIAN_PEPPER_ROOT;55003;9;55001;25;;;55016;10;55019;10;;;55009.5;0.0
42;7400;ASH_COATED_OSMIUM;10002;13;;;;;10012;15;;;;;10007.0;0.0
42;7400;INTARIAN_PEPPER_ROOT;55002;9;;;;;55014;8;;;;;55008.5;0.0
42;7500;ASH_COATED_OSMIUM;9993;13;9992;10;;;10011;15;10013;6;;;10002.0;0.0
42;7500;INTARIAN_PEPPER_ROOT;55002;9;55001;9;;;55015;9;55016;9;;;55009.0;0.0
42;7600;ASH_COATED_OSMIUM;9991;14;;;;;10007;3;;;;;9999.0;0.0
42;7600;INTARIAN_PEPPER_ROOT;54995;3;54993;10;54990;21;55015;9;55018;9;55019;9;55005.5;0.0
42;7700;ASH_COATED_OSMIUM;9985;22;;;;;10001;11;;;;;9993.0;0.0
42;7700;INTARIAN_PEPPER_ROOT;55000;8;54999;11;;;55011;24;55014;9;;;55005.5;0.0
42;7800;ASH_COATED_OSMIUM;9986;22;9983;10;;;10004;28;10005;11;;;9995.5;0.0
42;7800;INTARIAN_PEPPER_ROOT;55003;12;55001;12;;;55015;20;55016;23;;;55009.5;0.0
42;7900;ASH_COATED_OSMIUM;9990;14;9987;10;;;10006;26;10009;15;;;9998.0;0.0
42;7900;INTARIAN_PEPPER_ROOT;55003;11;;;;;55017;16;;;;;55010.5;0.0
42;8000;ASH_COATED_OSMIUM;9987;12;9986;12;9983;11;10003;15;10006;12;10009;24;9995.5;0.0
42;8000;INTARIAN_PEPPER_ROOT;55001;10;;;;;55013;12;;;;;55007.5;0.0
42;8100;ASH_COATED_OSMIUM;9981;14;9979;11;;;9997;12;9998;11;;;9989.0;0.0
42;8100;INTARIAN_PEPPER_ROOT;55003;12;55000;12;;;55015;12;55018;11;;;55009.0;0.0
42;8200;ASH_COATED_OSMIUM;9997;11;9994;11;;;10013;5;10015;10;;;10005.0;0.0
42;8200;INTARIAN_PEPPER_ROOT;55001;9;55000;12;;;55012;8;55013;11;;;55007.0;0.0
42;8300;ASH_COATED_OSMIUM;9994;15;9991;15;;;10010;11;10011;29;;;10002.0;0.0
42;8300;INTARIAN_PEPPER_ROOT;55004;10;55003;22;;;55006;9;55009;10;;;55005.0;0.0
42;8400;ASH_COATED_OSMIUM;9992;14;9990;12;9989;2;10008;3;10009;14;10010;11;10000.5;0.0
42;8400;INTARIAN_PEPPER_ROOT;55002;9;55001;12;54998;10;55015;9;55018;9;55020;8;55009.0;0.0
42;8500;ASH_COATED_OSMIUM;9988;26;9986;25;9984;10;10004;12;10005;13;10007;12;9996.0;0.0
42;8500;INTARIAN_PEPPER_ROOT;54999;8;54996;12;54993;10;55013;12;55015;5;55018;12;55006.5;0.0
42;8600;ASH_COATED_OSMIUM;9983;15;9980;12;;;9999;10;10000;15;;;9991.0;0.0
42;8600;INTARIAN_PEPPER_ROOT;55002;10;54999;10;54997;10;55014;10;55017;8;55020;9;55008.5;0.0
42;8700;ASH_COATED_OSMIUM;9990;12;9988;13;9986;15;10006;14;10008;3;10009;13;9998.5;0.0
42;8700;INTARIAN_PEPPER_ROOT;55001;10;54999;12;54998;12;55013;8;55015;8;55018;10;55007.0;0.0
42;8800;ASH_COATED_OSMIUM;9994;12;9993;14;9990;13;10005;27;10008;11;10011;30;10000.0;0.0
42;8800;INTARIAN_PEPPER_ROOT;55001;12;;;;;55015;8;;;;;55008.0;0.0
42;8900;ASH_COATED_OSMIUM;9998;10;9995;12;;;10008;14;10009;13;;;10003.5;0.0
42;8900;INTARIAN_PEPPER_ROOT;55003;9;55000;12;54998;9;55016;10;55017;20;55018;10;55009.5;0.0
42;9000;ASH_COATED_OSMIUM;9996;13;9993;10;9990;12;10014;12;10017;15;10020;26;10005.0;0.0
42;9000;INTARIAN_PEPPER_ROOT;54997;11;54996;10;;;55012;11;55014;8;;;55005.0;0.0
42;9100;ASH_COATED_OSMIUM;9997;12;9994;13;;;10015;11;10017;10;;;10006.5;0.0
42;9100;INTARIAN_PEPPER_ROOT;55002;8;54999;10;54998;12;55015;8;55018;18;55021;8;55008.5;0.0
42;9200;ASH_COATED_OSMIUM;9998;14;9997;12;9996;13;10014;10;10015;10;10017;12;10006.5;0.0
42;9200;INTARIAN_PEPPER_ROOT;55002;10;55000;10;54998;8;55016;8;55018;9;55019;12;55009.5;0.0
42;9300;ASH_COATED_OSMIUM;9989;10;9987;10;;;10005;10;10007;14;;;9997.5;0.0
42;9300;INTARIAN_PEPPER_ROOT;55003;15;55002;9;;;55014;10;55016;15;;;55008.5;0.0
42;9400;ASH_COATED_OSMIUM;9997;11;9994;30;9993;14;10006;15;10008;13;10009;27;10002.0;0.0
42;9400;INTARIAN_PEPPER_ROOT;55002;12;54999;8;;;55016;9;55018;8;;;55009.5;0.0
42;9500;ASH_COATED_OSMIUM;9998;13;9995;15;;;10016;10;10018;14;;;10007.0;0.0
42;9500;INTARIAN_PEPPER_ROOT;55003;8;55002;17;;;55015;10;55016;8;;;55009.5;0.0
42;9600;ASH_COATED_OSMIUM;9995;14;9993;14;;;10011;12;10013;12;;;10003.5;0.0
42;9600;INTARIAN_PEPPER_ROOT;55004;12;;;;;55022;9;;;;;55013.5;0.0
42;9700;ASH_COATED_OSMIUM;9997;13;9996;15;;;10013;13;10015;15;;;10005.0;0.0
42;9700;INTARIAN_PEPPER_ROOT;55002;8;54999;8;54997;24;55014;23;55015;8;55017;12;55008.0;0.0
42;9800;ASH_COATED_OSMIUM;10003;10;;;;;10019;15;;;;;10011.0;0.0
42;9800;INTARIAN_PEPPER_ROOT;55006;12;55003;10;;;55018;9;55020;8;;;55012.5;0.0
42;9900;ASH_COATED_OSMIUM;9992;2;;;;;10008;22;;;;;10000.5;0.0
42;9900;INTARIAN_PEPPER_ROOT;55004;9;55002;11;;;55016;8;55018;8;;;55010.0;0.0
42;10000;ASH_COATED_OSMIUM;9993;13;9992;15;;;10011;12;10013;10;;;10002.5;0.0
42;10000;INTARIAN_PEPPER_ROOT;55002;22;55001;9;;;55015;9;55018;19;;;55009.0;0.0
42;10100;ASH_COATED_OSMIUM;9990;29;9989;12;9988;12;10006;20;10008;13;10009;13;9998.0;0.0
42;10100;INTARIAN_PEPPER_ROOT;55004;11;55002;11;55000;19;55015;9;55018;17;55021;12;55009.5;0.0
42;10200;ASH_COATED_OSMIUM;9995;11;9994;10;;;10014;14;10015;11;;;10004.5;0.0
42;10200;INTARIAN_PEPPER_ROOT;55006;9;55004;11;;;55018;11;55019;9;;;55012.5;0.0
42;10300;ASH_COATED_OSMIUM;9998;14;;;;;10017;11;;;;;10008.0;0.0
42;10300;INTARIAN_PEPPER_ROOT;55003;9;;;;;55016;9;;;;;55010.0;0.0
42;10400;ASH_COATED_OSMIUM;9998;13;9997;30;9994;10;10014;13;10017;11;10019;3;10006.5;0.0
42;10400;INTARIAN_PEPPER_ROOT;55004;17;;;;;55017;8;;;;;55011.0;0.0
42;10500;ASH_COATED_OSMIUM;9997;14;9996;13;9994;30;10015;13;10016;10;10019;13;10006.0;0.0
42;10500;INTARIAN_PEPPER_ROOT;55000;12;54999;10;;;55016;8;55018;12;;;55008.5;0.0
42;10600;ASH_COATED_OSMIUM;9998;14;9997;10;9995;13;10014;24;10015;14;10017;12;10006.0;0.0
42;10600;INTARIAN_PEPPER_ROOT;55004;8;55002;9;;;55016;11;55019;9;;;55010.0;0.0
42;10700;ASH_COATED_OSMIUM;10000;28;;;;;10016;13;;;;;10008.0;0.0
42;10700;INTARIAN_PEPPER_ROOT;55003;10;55002;10;;;55016;11;55019;10;;;55010.0;0.0
42;10800;ASH_COATED_OSMIUM;9999;14;9997;15;;;10015;12;10016;10;;;10007.5;0.0
42;10800;INTARIAN_PEPPER_ROOT;55004;9;;;;;55017;8;;;;;55010.5;0.0
42;10900;ASH_COATED_OSMIUM;10001;12;9998;13;9995;12;10017;13;10018;13;10021;10;10009.0;0.0
42;10900;INTARIAN_PEPPER_ROOT;55005;8;55003;23;55000;12;55019;12;55022;17;55023;12;55012.5;0.0
42;11000;ASH_COATED_OSMIUM;9995;14;9992;14;9991;14;10011;13;10013;10;10016;10;10003.5;0.0
42;11000;INTARIAN_PEPPER_ROOT;55002;11;54999;9;;;55020;9;55022;11;;;55011.0;0.0
42;11100;ASH_COATED_OSMIUM;9993;15;9990;13;;;10012;13;10015;11;;;10003.0;0.0
42;11100;INTARIAN_PEPPER_ROOT;55003;11;55001;11;;;55015;19;55016;12;;;55009.5;0.0
42;11200;ASH_COATED_OSMIUM;9989;13;;;;;10005;25;;;;;9997.0;0.0
42;11200;INTARIAN_PEPPER_ROOT;55003;8;55002;10;;;55017;11;55020;8;;;55010.0;0.0
42;11300;ASH_COATED_OSMIUM;9994;14;;;;;10010;15;;;;;10002.5;0.0
42;11300;INTARIAN_PEPPER_ROOT;55004;9;;;;;55021;10;;;;;55013.0;0.0
42;11400;ASH_COATED_OSMIUM;9994;13;9993;26;;;10013;2;10016;14;;;10004.0;0.0
42;11400;INTARIAN_PEPPER_ROOT;55008;11;55007;12;55004;11;55024;9;55025;11;55026;9;55016.0;0.0
42;11500;ASH_COATED_OSMIUM;9996;12;;;;;10015;10;;;;;10006.0;0.0
42;11500;INTARIAN_PEPPER_ROOT;55006;23;;;;;55018;11;;;;;55012.0;0.0
42;11600;ASH_COATED_OSMIUM;9998;12;9996;10;;;10004;10;10006;23;;;10001.5;0.0
42;11600;INTARIAN_PEPPER_ROOT;55003;10;;;;;55019;9;;;;;55011.0;0.0
42;11700;ASH_COATED_OSMIUM;9995;12;9994;13;;;10013;15;10015;13;;;10004.0;0.0
42;11700;INTARIAN_PEPPER_ROOT;55002;11;55001;12;;;55018;12;55019;9;;;55010.0;0.0
42;11800;ASH_COATED_OSMIUM;9997;12;9994;29;;;10013;13;10014;13;;;10005.5;0.0
42;11800;INTARIAN_PEPPER_ROOT;55011;11;;;;;55022;12;;;;;55017.0;0.0
42;11900;ASH_COATED_OSMIUM;9993;14;9991;12;;;10009;15;10010;4;;;10001.5;0.0
42;11900;INTARIAN_PEPPER_ROOT;55005;12;;;;;55019;21;;;;;55012.5;0.0
42;12000;ASH_COATED_OSMIUM;9998;13;9997;3;;;10017;15;10020;13;;;10007.5;0.0
42;12000;INTARIAN_PEPPER_ROOT;55003;25;55001;12;;;55016;8;55019;9;;;55010.0;0.0
42;12100;ASH_COATED_OSMIUM;9990;14;;;;;10009;10;;;;;9999.5;0.0
42;12100;INTARIAN_PEPPER_ROOT;55006;12;;;;;55017;12;;;;;55012.0;0.0
42;12200;ASH_COATED_OSMIUM;9986;12;9983;10;;;10002;5;10005;14;;;9994.5;0.0
42;12200;INTARIAN_PEPPER_ROOT;55005;11;55004;11;;;55017;8;55020;9;;;55011.0;0.0
42;12300;ASH_COATED_OSMIUM;9987;27;9984;5;9983;11;10003;11;10004;13;10006;8;9995.0;0.0
42;12300;INTARIAN_PEPPER_ROOT;55006;11;55005;12;;;55019;11;55022;9;;;55012.5;0.0
42;12400;ASH_COATED_OSMIUM;9990;10;9989;11;9988;14;10006;7;10009;15;10010;15;9998.5;0.0
42;12400;INTARIAN_PEPPER_ROOT;55005;9;55003;11;;;55018;11;55021;20;;;55012.0;0.0
42;12500;ASH_COATED_OSMIUM;9996;13;;;;;10009;11;;;;;10002.5;0.0
42;12500;INTARIAN_PEPPER_ROOT;55007;10;;;;;55018;11;;;;;55012.5;0.0
42;12600;ASH_COATED_OSMIUM;9996;25;9995;12;;;10012;12;10014;4;;;10004.0;0.0
42;12600;INTARIAN_PEPPER_ROOT;55004;12;55003;15;;;55018;12;55020;9;;;55011.5;0.0
42;12700;ASH_COATED_OSMIUM;9989;14;9986;14;;;10005;8;10008;14;;;9997.0;0.0
42;12700;INTARIAN_PEPPER_ROOT;55007;17;;;;;55019;8;;;;;55013.5;0.0
42;12800;ASH_COATED_OSMIUM;9995;15;9994;14;;;10011;14;10012;15;;;10003.0;0.0
42;12800;INTARIAN_PEPPER_ROOT;55009;8;;;;;55021;15;;;;;55015.0;0.0
42;12900;ASH_COATED_OSMIUM;9997;11;;;;;10013;29;;;;;10005.5;0.0
42;12900;INTARIAN_PEPPER_ROOT;55005;12;55002;11;54999;11;55018;10;55019;11;55021;8;55012.0;0.0
42;13000;ASH_COATED_OSMIUM;9994;12;9992;13;9990;14;10012;11;10015;10;10016;12;10003.5;0.0
42;13000;INTARIAN_PEPPER_ROOT;55010;16;55007;11;;;55021;9;55023;16;;;55016.0;0.0
42;13100;ASH_COATED_OSMIUM;9993;2;9992;13;9989;15;10009;15;10010;14;10013;12;10001.0;0.0
42;13100;INTARIAN_PEPPER_ROOT;55006;10;;;;;55019;12;;;;;55013.0;0.0
42;13200;ASH_COATED_OSMIUM;9992;14;9991;13;9988;14;10008;11;10011;14;10012;12;10000.5;0.0
42;13200;INTARIAN_PEPPER_ROOT;55006;8;;;;;55022;18;;;;;55014.5;0.0
42;13300;ASH_COATED_OSMIUM;9992;10;;;;;10008;14;;;;;10000.0;0.0
42;13300;INTARIAN_PEPPER_ROOT;55008;10;55005;9;;;55020;25;55021;10;;;55014.5;0.0
42;13400;ASH_COATED_OSMIUM;9989;6;9987;29;;;10005;15;10008;26;;;9997.0;0.0
42;13400;INTARIAN_PEPPER_ROOT;55003;12;;;;;55015;11;;;;;55009.0;0.0
42;13500;ASH_COATED_OSMIUM;9998;4;;;;;10014;12;;;;;10006.5;0.0
42;13500;INTARIAN_PEPPER_ROOT;55009;10;55007;10;55005;10;55023;11;55024;10;55027;15;55016.0;0.0
42;13600;ASH_COATED_OSMIUM;9999;13;9997;11;9996;24;10015;11;10016;15;10018;27;10007.0;0.0
42;13600;INTARIAN_PEPPER_ROOT;55009;16;55006;12;55005;10;55023;8;55026;9;55027;8;55016.5;0.0
42;13700;ASH_COATED_OSMIUM;9998;14;9995;10;;;10010;10;10011;13;;;10004.5;0.0
42;13700;INTARIAN_PEPPER_ROOT;55009;12;55008;9;;;55021;24;55022;11;;;55015.5;0.0
42;13800;ASH_COATED_OSMIUM;9993;13;;;;;10009;14;;;;;10001.5;0.0
42;13800;INTARIAN_PEPPER_ROOT;55008;11;;;;;55021;11;;;;;55015.0;0.0
42;13900;ASH_COATED_OSMIUM;9991;13;;;;;10007;25;;;;;9999.0;0.0
42;13900;INTARIAN_PEPPER_ROOT;55004;8;55003;9;;;55016;8;55019;8;;;55010.0;0.0
42;14000;ASH_COATED_OSMIUM;9990;11;9987;12;;;10006;22;10009;4;;;9998.5;0.0
42;14000;INTARIAN_PEPPER_ROOT;55006;9;55004;12;;;55018;12;55020;8;;;55012.5;0.0
42;14100;ASH_COATED_OSMIUM;9998;13;9996;13;;;10016;13;10017;10;;;10007.5;0.0
42;14100;INTARIAN_PEPPER_ROOT;55009;12;55008;12;;;55021;9;55023;11;;;55015.0;0.0
42;14200;ASH_COATED_OSMIUM;9995;12;;;;;10014;10;;;;;10004.5;0.0
42;14200;INTARIAN_PEPPER_ROOT;55009;10;55007;17;55005;9;55021;9;55022;9;55024;19;55015.0;0.0
42;14300;ASH_COATED_OSMIUM;9998;13;9997;15;9995;14;10008;15;10011;25;10013;11;10003.5;0.0
42;14300;INTARIAN_PEPPER_ROOT;55009;12;55007;15;55005;8;55020;8;55023;8;55026;23;55014.5;0.0
42;14400;ASH_COATED_OSMIUM;9992;13;9989;13;;;10008;24;10009;14;;;10000.5;0.0
42;14400;INTARIAN_PEPPER_ROOT;55008;9;55005;22;;;55019;9;55022;8;;;55013.5;0.0
42;14500;ASH_COATED_OSMIUM;9992;4;;;;;10008;11;;;;;10000.5;0.0
42;14500;INTARIAN_PEPPER_ROOT;55009;11;;;;;55025;9;;;;;55017.5;0.0
42;14600;ASH_COATED_OSMIUM;10001;13;9999;15;9998;26;10008;14;10011;11;10014;15;10004.5;0.0
42;14600;INTARIAN_PEPPER_ROOT;55010;9;;;;;55026;8;;;;;55018.5;0.0
42;14700;ASH_COATED_OSMIUM;9990;13;9989;26;9988;28;10006;14;10008;11;10010;30;9998.5;0.0
42;14700;INTARIAN_PEPPER_ROOT;55008;12;55005;19;55004;11;55024;11;55027;12;55029;11;55016.0;0.0
42;14800;ASH_COATED_OSMIUM;9984;23;;;;;10000;14;;;;;9992.5;0.0
42;14800;INTARIAN_PEPPER_ROOT;55006;20;;;;;55019;11;;;;;55013.0;0.0
42;14900;ASH_COATED_OSMIUM;9984;12;;;;;10002;10;;;;;9993.5;0.0
42;14900;INTARIAN_PEPPER_ROOT;55012;12;55011;10;55010;11;55024;12;55027;11;55029;11;55018.0;0.0
42;15000;ASH_COATED_OSMIUM;9982;12;9981;13;9980;11;9998;15;10001;11;10003;10;9990.5;0.0
42;15000;INTARIAN_PEPPER_ROOT;55011;10;55009;20;55008;11;55028;9;55030;12;55031;8;55019.5;0.0
42;15100;ASH_COATED_OSMIUM;9989;10;9987;15;;;10005;10;10008;13;;;9997.0;0.0
42;15100;INTARIAN_PEPPER_ROOT;55009;12;55006;8;55004;10;55020;9;55023;10;55025;8;55015.0;0.0
42;15200;ASH_COATED_OSMIUM;9987;14;9984;10;;;10005;15;10007;10;;;9996.5;0.0
42;15200;INTARIAN_PEPPER_ROOT;55007;9;55006;12;;;55021;10;55024;10;;;55014.5;0.0
42;15300;ASH_COATED_OSMIUM;9990;13;;;;;10006;10;;;;;9998.0;0.0
42;15300;INTARIAN_PEPPER_ROOT;55005;11;55004;9;;;55022;9;55025;11;;;55013.5;0.0
42;15400;ASH_COATED_OSMIUM;9991;27;;;;;10007;13;;;;;9999.0;0.0
42;15400;INTARIAN_PEPPER_ROOT;55005;12;;;;;55022;8;;;;;55014.0;0.0
42;15500;ASH_COATED_OSMIUM;9995;10;9993;11;9991;15;10011;12;10014;14;10015;14;10003.0;0.0
42;15500;INTARIAN_PEPPER_ROOT;55002;3;;;;;55018;9;;;;;55010.0;0.0
42;15600;ASH_COATED_OSMIUM;9993;20;9990;10;;;10011;12;10013;25;;;10002.5;0.0
42;15600;INTARIAN_PEPPER_ROOT;55008;8;55005;9;55004;8;55021;10;55023;12;55025;9;55015.0;0.0
42;15700;ASH_COATED_OSMIUM;9990;30;;;;;10009;26;;;;;10000.0;0.0
42;15700;INTARIAN_PEPPER_ROOT;55010;11;55008;11;;;55022;11;55024;10;;;55016.0;0.0
42;15800;ASH_COATED_OSMIUM;9996;10;9995;28;9993;15;10015;15;10017;13;10018;13;10006.0;0.0
42;15800;INTARIAN_PEPPER_ROOT;55009;10;55008;10;;;55022;12;55024;8;;;55016.0;0.0
42;15900;ASH_COATED_OSMIUM;9994;13;;;;;10015;12;;;;;10005.0;0.0
42;15900;INTARIAN_PEPPER_ROOT;55008;25;;;;;55025;11;;;;;55017.0;0.0
42;16000;ASH_COATED_OSMIUM;9991;15;9988;10;9985;22;10007;13;10008;13;10009;13;9999.0;0.0
42;16000;INTARIAN_PEPPER_ROOT;55006;8;55004;10;;;55018;24;55019;8;;;55012.5;0.0
42;16100;ASH_COATED_OSMIUM;9987;12;9985;15;9982;15;10003;25;10006;10;10007;15;9995.5;0.0
42;16100;INTARIAN_PEPPER_ROOT;55008;23;55005;11;;;55023;8;55024;12;;;55016.0;0.0
42;16200;ASH_COATED_OSMIUM;9993;12;;;;;10009;5;;;;;10001.5;0.0
42;16200;INTARIAN_PEPPER_ROOT;55005;10;55002;11;55000;10;55019;10;55022;4;55023;8;55012.5;0.0
42;16300;ASH_COATED_OSMIUM;9991;10;9990;14;9987;20;10009;22;10010;13;10011;13;10000.5;0.0
42;16300;INTARIAN_PEPPER_ROOT;55010;12;;;;;55024;10;;;;;55017.5;0.0
42;16400;ASH_COATED_OSMIUM;9998;12;9997;10;9994;12;10008;4;10011;13;10012;30;10003.5;0.0
42;16400;INTARIAN_PEPPER_ROOT;55012;12;55011;8;;;55023;11;55024;9;;;55018.0;0.0
42;16500;ASH_COATED_OSMIUM;9993;12;9991;10;9988;10;10009;10;10012;12;10013;30;10001.5;0.0
42;16500;INTARIAN_PEPPER_ROOT;55011;11;55008;9;;;55024;11;55025;12;;;55018.0;0.0
42;16600;ASH_COATED_OSMIUM;9990;12;9988;11;;;10006;12;10007;7;;;9998.5;0.0
42;16600;INTARIAN_PEPPER_ROOT;55005;12;55002;10;;;55022;10;55023;9;;;55013.5;0.0
42;16700;ASH_COATED_OSMIUM;9991;12;9990;15;9987;13;10007;13;10008;10;10010;14;9999.5;0.0
42;16700;INTARIAN_PEPPER_ROOT;55008;9;55007;9;;;55021;11;55022;9;;;55015.0;0.0
42;16800;ASH_COATED_OSMIUM;9986;10;9985;11;;;10002;14;10005;15;;;9994.0;0.0
42;16800;INTARIAN_PEPPER_ROOT;55012;12;;;;;55025;11;;;;;55019.0;0.0
42;16900;ASH_COATED_OSMIUM;9987;12;9986;23;;;10003;12;10005;13;;;9995.5;0.0
42;16900;INTARIAN_PEPPER_ROOT;55010;8;55009;10;;;55021;12;55024;23;;;55015.5;0.0
42;17000;ASH_COATED_OSMIUM;9987;10;9985;15;;;10006;15;10009;20;;;9997.0;0.0
42;17000;INTARIAN_PEPPER_ROOT;55011;8;55010;9;55009;25;55023;17;55025;10;55026;9;55017.0;0.0
42;17100;ASH_COATED_OSMIUM;9986;13;9984;14;;;10005;11;10008;14;;;9996.0;0.0
42;17100;INTARIAN_PEPPER_ROOT;55010;11;55007;10;;;55023;8;55025;9;;;55016.5;0.0
42;17200;ASH_COATED_OSMIUM;9988;10;9985;29;;;9996;14;9998;13;;;9992.0;0.0
42;17200;INTARIAN_PEPPER_ROOT;55008;8;;;;;55021;8;;;;;55014.5;0.0
42;17300;ASH_COATED_OSMIUM;9986;12;9983;13;;;10004;4;10005;22;;;9995.0;0.0
42;17300;INTARIAN_PEPPER_ROOT;55010;3;;;;;55024;8;;;;;55017.5;0.0
42;17400;ASH_COATED_OSMIUM;9992;11;9991;12;9990;12;10010;21;10012;14;10015;13;10001.0;0.0
42;17400;INTARIAN_PEPPER_ROOT;55013;19;55010;10;;;55025;24;55027;10;;;55019.0;0.0
42;17500;ASH_COATED_OSMIUM;9986;25;9984;22;9983;15;10004;11;10006;22;10007;11;9995.0;0.0
42;17500;INTARIAN_PEPPER_ROOT;55010;12;55009;8;;;55026;12;55027;22;;;55018.5;0.0
42;17600;ASH_COATED_OSMIUM;9989;11;;;;;10005;13;;;;;9997.5;0.0
42;17600;INTARIAN_PEPPER_ROOT;55012;19;55009;9;;;55025;10;55027;10;;;55019.0;0.0
42;17700;ASH_COATED_OSMIUM;9985;14;9984;12;;;10001;14;10003;14;;;9993.5;0.0
42;17700;INTARIAN_PEPPER_ROOT;55009;10;55006;10;55004;10;55029;9;55030;18;55032;8;55019.5;0.0
42;17800;ASH_COATED_OSMIUM;9983;10;9980;30;;;9999;23;10002;12;;;9991.0;0.0
42;17800;INTARIAN_PEPPER_ROOT;55012;11;55010;11;55008;12;55026;11;55029;11;55030;12;55019.5;0.0
42;17900;ASH_COATED_OSMIUM;9986;11;9983;10;9982;12;10005;11;10008;10;10009;11;9995.5;0.0
42;17900;INTARIAN_PEPPER_ROOT;55009;10;;;;;55025;9;;;;;55017.5;0.0
42;18000;ASH_COATED_OSMIUM;9991;13;9990;14;;;10007;11;10008;12;;;9999.0;0.0
42;18000;INTARIAN_PEPPER_ROOT;55013;18;;;;;55027;8;;;;;55020.5;0.0
42;18100;ASH_COATED_OSMIUM;9986;15;9985;12;9982;11;10002;12;10005;12;10006;11;9994.5;0.0
42;18100;INTARIAN_PEPPER_ROOT;55011;10;55010;12;;;55024;12;55027;10;;;55018.0;0.0
42;18200;ASH_COATED_OSMIUM;9988;10;;;;;10006;11;;;;;9997.5;0.0
42;18200;INTARIAN_PEPPER_ROOT;55011;12;55010;8;;;55024;9;55027;10;;;55018.0;0.0
42;18300;ASH_COATED_OSMIUM;9995;10;9994;15;;;10011;15;10013;13;;;10003.0;0.0
42;18300;INTARIAN_PEPPER_ROOT;55013;20;;;;;55026;19;;;;;55020.0;0.0
42;18400;ASH_COATED_OSMIUM;9997;13;9995;12;9992;14;10013;12;10016;13;10018;11;10005.5;0.0
42;18400;INTARIAN_PEPPER_ROOT;55011;9;;;;;55029;8;;;;;55020.5;0.0
42;18500;ASH_COATED_OSMIUM;9992;3;9989;11;9988;12;10008;10;10011;12;10014;10;10000.5;0.0
42;18500;INTARIAN_PEPPER_ROOT;55010;12;55008;12;;;55023;24;55026;9;;;55016.5;0.0
42;18600;ASH_COATED_OSMIUM;9992;15;9990;14;9987;13;10008;14;10011;10;10013;15;10000.0;0.0
42;18600;INTARIAN_PEPPER_ROOT;55014;10;55013;8;;;55026;8;55028;10;;;55020.5;0.0
42;18700;ASH_COATED_OSMIUM;9994;12;9992;24;;;10010;13;10011;26;;;10002.5;0.0
42;18700;INTARIAN_PEPPER_ROOT;55014;11;55013;11;;;55026;10;55028;9;;;55020.5;0.0
42;18800;ASH_COATED_OSMIUM;9992;11;9989;27;9986;30;10013;13;10014;14;10016;15;10003.0;0.0
42;18800;INTARIAN_PEPPER_ROOT;55010;10;55009;10;;;55025;10;55026;11;;;55018.0;0.0
42;18900;ASH_COATED_OSMIUM;9993;10;;;;;10010;25;;;;;10002.0;0.0
42;18900;INTARIAN_PEPPER_ROOT;55010;23;;;;;55025;18;;;;;55018.0;0.0
42;19000;ASH_COATED_OSMIUM;9991;10;9990;20;9987;15;10007;14;10009;27;10012;12;9999.5;0.0
42;19000;INTARIAN_PEPPER_ROOT;55013;11;;;;;55029;9;;;;;55021.0;0.0
42;19100;ASH_COATED_OSMIUM;9991;10;9988;20;9987;11;10007;29;10010;12;10012;12;9999.5;0.0
42;19100;INTARIAN_PEPPER_ROOT;55015;12;;;;;55027;12;;;;;55021.5;0.0
42;19200;ASH_COATED_OSMIUM;9991;11;9988;22;9985;15;10010;11;10011;12;10013;10;10000.5;0.0
42;19200;INTARIAN_PEPPER_ROOT;55010;12;;;;;55022;11;;;;;55016.0;0.0
42;19300;ASH_COATED_OSMIUM;9991;12;9988;15;9987;12;10007;13;10010;15;10011;12;9999.5;0.0
42;19300;INTARIAN_PEPPER_ROOT;55014;10;55011;12;55010;8;55026;12;55027;10;55028;9;55020.0;0.0
42;19400;ASH_COATED_OSMIUM;9990;13;;;;;10009;12;;;;;10000.0;0.0
42;19400;INTARIAN_PEPPER_ROOT;55009;18;55008;9;;;55022;11;55025;9;;;55016.0;0.0
42;19500;ASH_COATED_OSMIUM;9995;14;;;;;10011;14;;;;;10003.0;0.0
42;19500;INTARIAN_PEPPER_ROOT;55015;10;55013;11;55010;17;55027;8;55028;8;55029;10;55021.0;0.0
42;19600;ASH_COATED_OSMIUM;9995;11;;;;;10007;14;;;;;10001.5;0.0
42;19600;INTARIAN_PEPPER_ROOT;55013;10;55010;11;55007;21;55024;8;55025;16;55026;11;55018.5;0.0
42;19700;ASH_COATED_OSMIUM;9992;12;9989;14;;;10008;24;10010;12;;;10000.5;0.0
42;19700;INTARIAN_PEPPER_ROOT;55011;12;;;;;55025;11;;;;;55018.0;0.0
42;19800;ASH_COATED_OSMIUM;9989;24;;;;;10005;11;;;;;9997.0;0.0
42;19800;INTARIAN_PEPPER_ROOT;55018;18;55015;12;55012;18;55030;11;55032;8;55035;21;55024.0;0.0
42;19900;ASH_COATED_OSMIUM;9994;10;;;;;10003;12;;;;;9999.0;0.0
42;19900;INTARIAN_PEPPER_ROOT;55012;18;55009;12;;;55027;24;55030;12;;;55020.0;0.0
42;20000;ASH_COATED_OSMIUM;9990;14;9988;13;9987;12;10009;21;10012;11;10014;10;10000.0;0.0
42;20000;INTARIAN_PEPPER_ROOT;55008;12;55005;12;55003;11;55026;12;55027;9;55029;10;55017.0;0.0
42;20100;ASH_COATED_OSMIUM;9992;14;9991;12;;;10000;12;10002;15;;;9996.5;0.0
42;20100;INTARIAN_PEPPER_ROOT;55012;12;55009;11;;;55025;11;55026;10;;;55018.5;0.0
42;20200;ASH_COATED_OSMIUM;9987;28;9984;15;;;10003;20;10006;12;;;9995.5;0.0
42;20200;INTARIAN_PEPPER_ROOT;55016;9;;;;;55028;9;;;;;55022.0;0.0
42;20300;ASH_COATED_OSMIUM;9985;15;9983;10;;;10001;12;10002;11;;;9993.5;0.0
42;20300;INTARIAN_PEPPER_ROOT;55014;17;55011;12;55009;15;55026;22;55028;19;55031;12;55020.0;0.0
42;20400;ASH_COATED_OSMIUM;9987;14;;;;;10003;14;;;;;9995.0;0.0
42;20400;INTARIAN_PEPPER_ROOT;55015;9;55013;16;55010;8;55028;8;55029;10;55032;12;55022.0;0.0
42;20500;ASH_COATED_OSMIUM;9988;10;;;;;10004;12;;;;;9996.0;0.0
42;20500;INTARIAN_PEPPER_ROOT;55011;9;55009;17;;;55028;23;55031;12;;;55020.0;0.0
42;20600;ASH_COATED_OSMIUM;9988;11;9987;15;9984;10;10006;13;10007;15;10008;11;9997.5;0.0
42;20600;INTARIAN_PEPPER_ROOT;55012;12;55009;11;;;55024;8;55026;12;;;55018.5;0.0
42;20700;ASH_COATED_OSMIUM;9991;23;;;;;10010;4;;;;;10001.0;0.0
42;20700;INTARIAN_PEPPER_ROOT;55010;12;55008;22;55005;10;55026;10;55028;11;55029;12;55018.0;0.0
42;20800;ASH_COATED_OSMIUM;9991;28;9990;10;9989;27;10007;13;10010;14;10011;11;9999.0;0.0
42;20800;INTARIAN_PEPPER_ROOT;55014;9;55013;9;55012;8;55027;8;55029;11;55032;12;55021.0;0.0
42;20900;ASH_COATED_OSMIUM;9989;12;9987;15;9984;13;10005;12;10007;27;10009;12;9997.0;0.0
42;20900;INTARIAN_PEPPER_ROOT;55015;9;55012;8;55011;12;55032;12;55034;8;55037;9;55023.5;0.0
42;21000;ASH_COATED_OSMIUM;9984;13;9981;13;;;10000;13;10002;15;;;9992.0;0.0
42;21000;INTARIAN_PEPPER_ROOT;55019;8;55018;15;;;55032;20;55035;11;;;55026.0;0.0
42;21100;ASH_COATED_OSMIUM;9984;15;;;;;10000;11;;;;;9992.5;0.0
42;21100;INTARIAN_PEPPER_ROOT;55016;12;55015;11;55013;9;55028;18;55031;11;55032;11;55022.5;0.0
42;21200;ASH_COATED_OSMIUM;9985;15;;;;;10003;30;;;;;9994.0;0.0
42;21200;INTARIAN_PEPPER_ROOT;55013;16;55012;8;55010;11;55029;12;55031;12;55034;10;55021.0;0.0
42;21300;ASH_COATED_OSMIUM;9987;12;9986;12;;;10003;23;10004;15;;;9995.5;0.0
42;21300;INTARIAN_PEPPER_ROOT;55013;8;55011;10;55008;9;55028;11;55031;9;55034;12;55020.5;0.0
42;21400;ASH_COATED_OSMIUM;9988;13;;;;;10004;15;;;;;9996.5;0.0
42;21400;INTARIAN_PEPPER_ROOT;55017;18;55014;10;;;55026;10;55028;12;;;55022.0;0.0
42;21500;ASH_COATED_OSMIUM;9986;30;;;;;9998;29;;;;;9992.5;0.0
42;21500;INTARIAN_PEPPER_ROOT;55016;10;55014;11;55011;8;55031;12;55033;12;55034;11;55023.5;0.0
42;21600;ASH_COATED_OSMIUM;9987;11;9985;12;;;10003;11;10004;13;;;9995.0;0.0
42;21600;INTARIAN_PEPPER_ROOT;55013;9;55010;11;55009;10;55026;6;55029;10;55030;17;55020.0;0.0
42;21700;ASH_COATED_OSMIUM;9989;12;9988;13;;;10005;12;10007;13;;;9997.5;0.0
42;21700;INTARIAN_PEPPER_ROOT;55009;8;55008;8;;;55026;12;55027;25;;;55017.5;0.0
42;21800;ASH_COATED_OSMIUM;9994;13;9992;14;9990;29;10010;11;10012;20;10013;13;10002.0;0.0
42;21800;INTARIAN_PEPPER_ROOT;55013;11;55012;24;55011;10;55032;8;55035;10;55038;9;55023.0;0.0
42;21900;ASH_COATED_OSMIUM;9992;10;9991;12;9990;14;10008;10;10011;10;10013;21;10000.0;0.0
42;21900;INTARIAN_PEPPER_ROOT;55016;8;55014;11;;;55029;11;55031;10;;;55023.0;0.0
42;22000;ASH_COATED_OSMIUM;9992;14;;;;;10008;10;;;;;10000.0;0.0
42;22000;INTARIAN_PEPPER_ROOT;55018;10;;;;;55029;10;;;;;55023.5;0.0
42;22100;ASH_COATED_OSMIUM;9992;11;9989;12;9988;2;10011;12;10014;10;10015;12;10002.0;0.0
42;22100;INTARIAN_PEPPER_ROOT;55014;12;55013;8;55011;9;55027;18;55029;12;55031;9;55021.0;0.0
42;22200;ASH_COATED_OSMIUM;9985;15;9982;14;;;10003;10;10006;7;;;9994.0;0.0
42;22200;INTARIAN_PEPPER_ROOT;55019;18;55017;11;;;55032;11;55034;10;;;55025.5;0.0
42;22300;ASH_COATED_OSMIUM;9994;10;;;;;10010;14;;;;;10002.0;0.0
42;22300;INTARIAN_PEPPER_ROOT;55016;8;55015;12;;;55027;10;55029;8;;;55022.0;0.0
42;22400;ASH_COATED_OSMIUM;9996;15;9995;2;9994;11;10001;21;10003;10;10004;23;9999.0;0.0
42;22400;INTARIAN_PEPPER_ROOT;55016;11;;;;;55027;11;;;;;55021.5;0.0
42;22500;ASH_COATED_OSMIUM;9995;12;9994;13;9993;13;10011;22;10012;10;10015;10;10003.0;0.0
42;22500;INTARIAN_PEPPER_ROOT;55014;9;55013;11;;;55030;9;55031;10;;;55022.5;0.0
42;22600;ASH_COATED_OSMIUM;9989;11;9987;2;;;10005;15;10006;10;;;9997.5;0.0
42;22600;INTARIAN_PEPPER_ROOT;55013;10;55012;17;;;55025;10;55028;12;;;55019.0;0.0
42;22700;ASH_COATED_OSMIUM;9994;10;;;;;10012;10;;;;;10003.5;0.0
42;22700;INTARIAN_PEPPER_ROOT;55014;10;55013;12;55011;10;55027;10;55030;11;55031;8;55021.0;0.0
42;22800;ASH_COATED_OSMIUM;9990;8;9989;24;;;10009;15;10012;26;;;10000.0;0.0
42;22800;INTARIAN_PEPPER_ROOT;55019;10;55018;12;;;55032;10;55034;12;;;55026.0;0.0
42;22900;ASH_COATED_OSMIUM;9990;4;9988;27;;;10006;24;10008;21;;;9998.0;0.0
42;22900;INTARIAN_PEPPER_ROOT;55011;11;55009;11;;;55028;9;55029;12;;;55020.0;0.0
42;23000;ASH_COATED_OSMIUM;9993;10;9990;28;;;10009;15;10010;14;;;10001.0;0.0
42;23000;INTARIAN_PEPPER_ROOT;55013;11;55011;8;;;55030;9;55033;10;;;55022.0;0.0
42;23100;ASH_COATED_OSMIUM;9991;12;9988;10;9985;15;10009;12;10012;12;10014;6;10000.0;0.0
42;23100;INTARIAN_PEPPER_ROOT;55016;21;55015;19;;;55027;9;55028;11;;;55022.0;0.0
42;23200;ASH_COATED_OSMIUM;9992;15;9989;12;;;10008;11;10011;12;;;10000.0;0.0
42;23200;INTARIAN_PEPPER_ROOT;55012;11;;;;;55029;12;;;;;55020.5;0.0
42;23300;ASH_COATED_OSMIUM;9992;10;9989;20;;;10008;14;10009;15;;;10000.0;0.0
42;23300;INTARIAN_PEPPER_ROOT;55014;12;;;;;55026;11;;;;;55020.5;0.0
42;23400;ASH_COATED_OSMIUM;9996;12;;;;;10012;10;;;;;10004.0;0.0
42;23400;INTARIAN_PEPPER_ROOT;55022;17;55019;10;;;55038;11;55039;11;;;55030.5;0.0
42;23500;ASH_COATED_OSMIUM;9998;15;;;;;10014;12;;;;;10006.5;0.0
42;23500;INTARIAN_PEPPER_ROOT;55018;10;55015;8;55012;10;55033;12;55036;9;55039;8;55026.0;0.0
42;23600;ASH_COATED_OSMIUM;10001;8;;;;;10017;13;;;;;10009.5;0.0
42;23600;INTARIAN_PEPPER_ROOT;55018;9;55017;22;;;55031;21;55034;10;;;55024.5;0.0
42;23700;ASH_COATED_OSMIUM;9996;14;9995;15;;;10012;11;10015;15;;;10004.0;0.0
42;23700;INTARIAN_PEPPER_ROOT;55014;12;55012;12;;;55032;9;55033;11;;;55023.0;0.0
42;23800;ASH_COATED_OSMIUM;9993;12;9992;13;;;10011;5;10013;14;;;10002.0;0.0
42;23800;INTARIAN_PEPPER_ROOT;55019;10;55018;11;;;55036;21;55038;8;;;55027.5;0.0
42;23900;ASH_COATED_OSMIUM;9995;10;9994;14;;;10011;10;10012;13;;;10003.0;0.0
42;23900;INTARIAN_PEPPER_ROOT;55021;8;;;;;55032;10;;;;;55026.5;0.0
42;24000;ASH_COATED_OSMIUM;9995;23;9992;12;9991;14;10011;10;10013;13;10015;12;10003.0;0.0
42;24000;INTARIAN_PEPPER_ROOT;55016;19;;;;;55032;11;;;;;55024.0;0.0
42;24100;ASH_COATED_OSMIUM;9994;12;;;;;10010;15;;;;;10002.0;0.0
42;24100;INTARIAN_PEPPER_ROOT;55019;10;;;;;55033;11;;;;;55026.0;0.0
42;24200;ASH_COATED_OSMIUM;9992;12;;;;;10011;30;;;;;10001.5;0.0
42;24200;INTARIAN_PEPPER_ROOT;55016;11;;;;;55033;11;;;;;55025.0;0.0
42;24300;ASH_COATED_OSMIUM;9989;10;9987;12;;;10005;11;10006;10;;;9997.0;0.0
42;24300;INTARIAN_PEPPER_ROOT;55018;9;55016;10;;;55030;11;55033;11;;;55024.0;0.0
42;24400;ASH_COATED_OSMIUM;9989;11;;;;;10008;11;;;;;9998.5;0.0
42;24400;INTARIAN_PEPPER_ROOT;55020;10;55018;23;;;55034;11;55037;10;;;55027.0;0.0
42;24500;ASH_COATED_OSMIUM;9999;23;9998;11;;;10005;14;10006;13;;;10002.5;0.0
42;24500;INTARIAN_PEPPER_ROOT;55019;10;;;;;55031;9;;;;;55025.5;0.0
42;24600;ASH_COATED_OSMIUM;9986;15;9985;10;;;10005;15;10007;12;;;9996.0;0.0
42;24600;INTARIAN_PEPPER_ROOT;55018;9;55016;12;;;55033;8;55036;8;;;55026.0;0.0
42;24700;ASH_COATED_OSMIUM;9983;10;;;;;10002;12;;;;;9993.0;0.0
42;24700;INTARIAN_PEPPER_ROOT;55022;22;;;;;55035;24;;;;;55028.5;0.0
42;24800;ASH_COATED_OSMIUM;9986;12;9984;12;;;10002;24;10004;14;;;9994.0;0.0
42;24800;INTARIAN_PEPPER_ROOT;55018;8;55015;10;;;55031;9;55032;9;;;55025.0;0.0
42;24900;ASH_COATED_OSMIUM;9988;10;9986;24;9985;14;10004;13;10006;15;10008;11;9996.0;0.0
42;24900;INTARIAN_PEPPER_ROOT;55018;8;;;;;55032;8;;;;;55025.5;0.0
42;25000;ASH_COATED_OSMIUM;9986;15;;;;;10005;13;;;;;9996.0;0.0
42;25000;INTARIAN_PEPPER_ROOT;55021;6;55018;8;;;55035;12;55038;8;;;55028.0;0.0
42;25100;ASH_COATED_OSMIUM;9992;10;;;;;9998;13;;;;;9995.5;0.0
42;25100;INTARIAN_PEPPER_ROOT;55019;8;55018;12;;;55037;23;55039;11;;;55028.0;0.0
42;25200;ASH_COATED_OSMIUM;9980;13;9978;12;9975;12;9998;15;9999;10;10001;10;9989.0;0.0
42;25200;INTARIAN_PEPPER_ROOT;55015;16;;;;;55029;8;;;;;55022.0;0.0
42;25300;ASH_COATED_OSMIUM;9980;10;9977;21;;;9998;24;9999;15;;;9989.0;0.0
42;25300;INTARIAN_PEPPER_ROOT;55021;9;55020;12;55019;10;55033;9;55034;9;55037;8;55027.0;0.0
42;25400;ASH_COATED_OSMIUM;9984;10;;;;;10000;12;;;;;9992.5;0.0
42;25400;INTARIAN_PEPPER_ROOT;55014;10;55013;9;;;55028;9;55030;11;;;55021.5;0.0
42;25500;ASH_COATED_OSMIUM;9983;15;9980;15;;;9999;15;10002;15;;;9991.5;0.0
42;25500;INTARIAN_PEPPER_ROOT;55019;19;;;;;55033;10;;;;;55026.5;0.0
42;25600;ASH_COATED_OSMIUM;9990;12;9988;14;;;10006;26;10007;25;;;9998.5;0.0
42;25600;INTARIAN_PEPPER_ROOT;55018;10;55016;8;;;55030;11;55032;9;;;55024.0;0.0
42;25700;ASH_COATED_OSMIUM;9988;10;9987;15;;;10004;10;10006;13;;;9996.5;0.0
42;25700;INTARIAN_PEPPER_ROOT;55025;12;;;;;55036;8;;;;;55030.5;0.0
42;25800;ASH_COATED_OSMIUM;9993;21;;;;;10009;13;;;;;10001.0;0.0
42;25800;INTARIAN_PEPPER_ROOT;55019;20;55017;11;55016;8;55033;17;55035;12;55037;8;55026.0;0.0
42;25900;ASH_COATED_OSMIUM;9992;12;;;;;10008;11;;;;;10000.0;0.0
42;25900;INTARIAN_PEPPER_ROOT;55020;17;;;;;55034;11;;;;;55027.5;0.0
42;26000;ASH_COATED_OSMIUM;9995;23;;;;;10011;14;;;;;10003.0;0.0
42;26000;INTARIAN_PEPPER_ROOT;55022;12;55021;8;55020;8;55034;18;55036;10;55037;17;55028.0;0.0
42;26100;ASH_COATED_OSMIUM;9989;12;9987;15;9984;15;10005;13;10007;10;10010;10;9997.5;0.0
42;26100;INTARIAN_PEPPER_ROOT;55022;12;55019;7;;;55036;11;55037;11;;;55029.5;0.0
42;26200;ASH_COATED_OSMIUM;9991;11;9988;10;;;10007;12;10008;11;;;9999.5;0.0
42;26200;INTARIAN_PEPPER_ROOT;55021;15;55019;9;;;55034;23;55035;8;;;55028.0;0.0
42;26300;ASH_COATED_OSMIUM;9988;29;;;;;10004;14;;;;;9996.5;0.0
42;26300;INTARIAN_PEPPER_ROOT;55016;9;;;;;55033;8;;;;;55024.5;0.0
42;26400;ASH_COATED_OSMIUM;9987;15;9985;13;9984;13;10003;13;10005;10;10006;29;9995.5;0.0
42;26400;INTARIAN_PEPPER_ROOT;55018;9;55017;9;55016;11;55032;11;55035;10;55037;9;55025.5;0.0
42;26500;ASH_COATED_OSMIUM;9987;11;9984;14;;;10003;11;10005;30;;;9995.0;0.0
42;26500;INTARIAN_PEPPER_ROOT;55018;15;55015;9;55013;17;55033;12;55035;9;55037;12;55025.5;0.0
42;26600;ASH_COATED_OSMIUM;9987;13;9984;12;;;10003;15;10006;13;;;9995.0;0.0
42;26600;INTARIAN_PEPPER_ROOT;55019;9;55017;11;;;55032;12;55035;11;;;55026.0;0.0
42;26700;ASH_COATED_OSMIUM;9989;12;9987;14;9985;11;10008;24;10010;12;10011;12;9998.5;0.0
42;26700;INTARIAN_PEPPER_ROOT;55012;12;55010;9;55009;24;55029;17;55031;10;55034;11;55021.0;0.0
42;26800;ASH_COATED_OSMIUM;9991;13;9988;12;;;10007;12;10009;20;;;9999.0;0.0
42;26800;INTARIAN_PEPPER_ROOT;55019;9;55018;8;;;55030;9;55031;11;;;55025.0;0.0
42;26900;ASH_COATED_OSMIUM;9988;28;9985;12;;;10004;25;10005;13;;;9996.5;0.0
42;26900;INTARIAN_PEPPER_ROOT;55023;12;55021;11;55020;12;55035;9;55036;8;55039;8;55029.0;0.0
42;27000;ASH_COATED_OSMIUM;9983;15;9982;13;9981;11;9995;14;9998;13;9999;4;9989.0;0.0
42;27000;INTARIAN_PEPPER_ROOT;55020;10;55018;12;;;55034;9;55035;8;;;55027.0;0.0
42;27100;ASH_COATED_OSMIUM;9981;10;;;;;10000;15;;;;;9991.0;0.0
42;27100;INTARIAN_PEPPER_ROOT;55016;12;55015;8;;;55029;11;55031;18;;;55022.5;0.0
42;27200;ASH_COATED_OSMIUM;9985;12;9983;13;9982;12;10006;10;10009;10;10012;26;9996.0;0.0
42;27200;INTARIAN_PEPPER_ROOT;55022;9;55020;12;;;55034;23;55035;9;;;55028.5;0.0
42;27300;ASH_COATED_OSMIUM;9986;25;9985;10;9982;23;10002;12;10005;12;10007;15;9994.5;0.0
42;27300;INTARIAN_PEPPER_ROOT;55021;12;55019;10;;;55033;9;55034;18;;;55027.0;0.0
42;27400;ASH_COATED_OSMIUM;9984;15;;;;;10003;26;;;;;9993.5;0.0
42;27400;INTARIAN_PEPPER_ROOT;55023;11;55021;10;55018;12;55035;19;55038;10;55040;8;55029.0;0.0
42;27500;ASH_COATED_OSMIUM;9994;14;9993;30;9990;26;10010;10;10011;15;10012;11;10002.0;0.0
42;27500;INTARIAN_PEPPER_ROOT;55019;8;55017;10;;;55032;9;55035;10;;;55025.5;0.0
42;27600;ASH_COATED_OSMIUM;9996;12;9993;11;;;10012;14;10015;11;;;10004.0;0.0
42;27600;INTARIAN_PEPPER_ROOT;55022;9;55021;18;;;55033;12;55035;8;;;55028.0;0.0
42;27700;ASH_COATED_OSMIUM;9997;23;9995;14;9993;14;10018;10;10021;11;10023;11;10008.0;0.0
42;27700;INTARIAN_PEPPER_ROOT;55020;11;;;;;55034;18;;;;;55027.0;0.0
42;27800;ASH_COATED_OSMIUM;9996;14;9993;10;9990;13;10015;13;10016;14;10017;25;10006.0;0.0
42;27800;INTARIAN_PEPPER_ROOT;55024;15;55021;8;;;55036;12;55038;12;;;55030.0;0.0
42;27900;ASH_COATED_OSMIUM;9994;22;;;;;10010;13;;;;;10002.5;0.0
42;27900;INTARIAN_PEPPER_ROOT;55021;8;;;;;55035;8;;;;;55028.0;0.0
42;28000;ASH_COATED_OSMIUM;9986;11;;;;;10002;10;;;;;9994.0;0.0
42;28000;INTARIAN_PEPPER_ROOT;55024;10;55023;24;;;55038;9;55039;11;;;55031.0;0.0
42;28100;ASH_COATED_OSMIUM;9980;14;9978;12;;;9996;28;9998;10;;;9988.5;0.0
42;28100;INTARIAN_PEPPER_ROOT;55025;8;55022;12;;;55041;12;55042;11;;;55033.5;0.0
42;28200;ASH_COATED_OSMIUM;9981;15;9980;14;;;9997;15;9998;20;;;9989.5;0.0
42;28200;INTARIAN_PEPPER_ROOT;55020;11;;;;;55035;12;;;;;55027.5;0.0
42;28300;ASH_COATED_OSMIUM;9986;11;9985;14;9984;11;10002;15;10004;13;10006;24;9994.0;0.0
42;28300;INTARIAN_PEPPER_ROOT;55020;21;;;;;55033;10;;;;;55027.0;0.0
42;28400;ASH_COATED_OSMIUM;9987;11;9984;12;9981;11;10003;14;10005;12;10007;15;9995.5;0.0
42;28400;INTARIAN_PEPPER_ROOT;55026;10;;;;;55040;11;;;;;55033.0;0.0
42;28500;ASH_COATED_OSMIUM;9988;25;9986;21;9985;12;10004;26;10005;21;10008;12;9996.0;0.0
42;28500;INTARIAN_PEPPER_ROOT;55021;25;55018;10;;;55034;11;55036;9;;;55028.0;0.0
42;28600;ASH_COATED_OSMIUM;9980;15;;;;;9996;15;;;;;9988.0;0.0
42;28600;INTARIAN_PEPPER_ROOT;55020;12;55019;10;;;55038;12;55041;8;;;55029.0;0.0
42;28700;ASH_COATED_OSMIUM;9984;11;;;;;10000;10;;;;;9992.0;0.0
42;28700;INTARIAN_PEPPER_ROOT;55024;8;55021;11;;;55034;11;55035;12;;;55029.5;0.0
42;28800;ASH_COATED_OSMIUM;9983;11;9981;15;9978;23;10001;13;10004;14;10007;11;9992.0;0.0
42;28800;INTARIAN_PEPPER_ROOT;55023;10;55022;9;;;55036;8;55039;9;;;55030.0;0.0
42;28900;ASH_COATED_OSMIUM;9989;10;9988;14;;;9999;12;10002;13;;;9994.0;0.0
42;28900;INTARIAN_PEPPER_ROOT;55021;9;;;;;55038;24;;;;;55030.0;0.0
42;29000;ASH_COATED_OSMIUM;9991;11;9988;14;;;10001;13;10003;26;;;9996.0;0.0
42;29000;INTARIAN_PEPPER_ROOT;55022;17;55020;11;;;55039;12;55040;8;;;55031.0;0.0
42;29100;ASH_COATED_OSMIUM;9986;11;9983;14;9981;10;10002;14;10004;14;10006;10;9994.0;0.0
42;29100;INTARIAN_PEPPER_ROOT;55022;8;55021;8;;;55036;9;55037;10;;;55029.0;0.0
42;29200;ASH_COATED_OSMIUM;9985;26;9982;13;;;9996;25;9997;13;;;9991.0;0.0
42;29200;INTARIAN_PEPPER_ROOT;55025;12;55023;11;55021;9;55033;18;55035;12;55038;20;55029.0;0.0
42;29300;ASH_COATED_OSMIUM;9993;11;;;;;9999;15;;;;;9996.5;0.0
42;29300;INTARIAN_PEPPER_ROOT;55020;16;55019;10;;;55033;20;55036;12;;;55027.0;0.0
42;29400;ASH_COATED_OSMIUM;9990;15;;;;;10006;12;;;;;9998.5;0.0
42;29400;INTARIAN_PEPPER_ROOT;55020;12;55017;12;;;55034;9;55037;11;;;55027.0;0.0
42;29500;ASH_COATED_OSMIUM;9993;14;9991;29;9988;15;10009;12;10012;21;10013;13;10001.5;0.0
42;29500;INTARIAN_PEPPER_ROOT;55029;9;55028;11;55026;10;55031;8;55033;9;55034;8;55030.0;0.0
42;29600;ASH_COATED_OSMIUM;9990;10;9989;13;;;10006;11;10007;12;;;9998.0;0.0
42;29600;INTARIAN_PEPPER_ROOT;55023;10;;;;;55040;11;;;;;55031.5;0.0
42;29700;ASH_COATED_OSMIUM;9990;13;9987;15;;;10006;11;10009;11;;;9998.0;0.0
42;29700;INTARIAN_PEPPER_ROOT;55023;10;55020;9;55017;12;55036;11;55039;8;55041;12;55030.0;0.0
42;29800;ASH_COATED_OSMIUM;9997;24;9994;10;9992;14;10015;15;10016;14;10019;22;10006.0;0.0
42;29800;INTARIAN_PEPPER_ROOT;55027;12;55026;9;;;55039;8;55041;11;;;55033.0;0.0
42;29900;ASH_COATED_OSMIUM;10000;7;;;;;10016;15;;;;;10008.0;0.0
42;29900;INTARIAN_PEPPER_ROOT;55023;8;55020;12;55019;8;55038;11;55039;9;55041;11;55031.0;0.0
42;30000;ASH_COATED_OSMIUM;9995;13;9993;13;9991;12;10011;22;10013;10;10014;14;10003.5;0.0
42;30000;INTARIAN_PEPPER_ROOT;55026;11;55025;10;;;55038;17;55041;11;;;55032.0;0.0
42;30100;ASH_COATED_OSMIUM;10001;13;;;;;10017;13;;;;;10009.0;0.0
42;30100;INTARIAN_PEPPER_ROOT;55021;11;55019;10;;;55034;11;55036;12;;;55027.5;0.0
42;30200;ASH_COATED_OSMIUM;10000;12;9999;23;9996;15;10016;14;10019;13;10021;26;10008.0;0.0
42;30200;INTARIAN_PEPPER_ROOT;55025;8;;;;;55039;10;;;;;55032.0;0.0
42;30300;ASH_COATED_OSMIUM;9990;15;;;;;10006;12;;;;;9998.0;0.0
42;30300;INTARIAN_PEPPER_ROOT;55029;19;55027;16;55024;11;55043;11;55044;10;55046;17;55036.0;0.0
42;30400;ASH_COATED_OSMIUM;9988;14;9987;14;;;10004;5;10007;28;;;9996.5;0.0
42;30400;INTARIAN_PEPPER_ROOT;55024;12;55022;8;;;55039;9;55042;8;;;55031.5;0.0
42;30500;ASH_COATED_OSMIUM;9989;13;9986;11;;;10007;15;10009;14;;;9998.5;0.0
42;30500;INTARIAN_PEPPER_ROOT;55023;19;;;;;55034;10;;;;;55029.0;0.0
42;30600;ASH_COATED_OSMIUM;9989;15;9988;13;;;10008;13;10009;21;;;9999.0;0.0
42;30600;INTARIAN_PEPPER_ROOT;55026;8;;;;;55041;11;;;;;55034.0;0.0
42;30700;ASH_COATED_OSMIUM;9985;11;9983;12;;;10001;12;10002;14;;;9993.5;0.0
42;30700;INTARIAN_PEPPER_ROOT;55028;3;;;;;55040;10;;;;;55034.0;0.0
42;30800;ASH_COATED_OSMIUM;9989;13;9986;5;;;10005;11;10008;15;;;9997.5;0.0
42;30800;INTARIAN_PEPPER_ROOT;55023;8;55022;10;55020;17;55035;9;55037;12;55039;11;55029.0;0.0
42;30900;ASH_COATED_OSMIUM;9992;11;9990;10;;;10010;10;10011;27;;;10001.0;0.0
42;30900;INTARIAN_PEPPER_ROOT;55024;9;55022;10;;;55036;10;55039;9;;;55030.0;0.0
42;31000;ASH_COATED_OSMIUM;9988;10;9987;20;;;9998;10;10001;13;;;9993.5;0.0
42;31000;INTARIAN_PEPPER_ROOT;55026;9;55024;9;55023;10;55040;9;55043;20;55045;9;55033.0;0.0
42;31100;ASH_COATED_OSMIUM;9983;15;;;;;9999;15;;;;;9991.0;0.0
42;31100;INTARIAN_PEPPER_ROOT;55024;8;55022;12;;;55037;9;55039;8;;;55031.0;0.0
42;31200;ASH_COATED_OSMIUM;9983;20;9981;14;;;9999;13;10001;10;;;9991.5;0.0
42;31200;INTARIAN_PEPPER_ROOT;55023;12;;;;;55040;7;;;;;55032.0;0.0
42;31300;ASH_COATED_OSMIUM;9983;15;9980;12;;;9999;12;10000;15;;;9991.5;0.0
42;31300;INTARIAN_PEPPER_ROOT;55030;12;55028;11;;;55044;12;55047;8;;;55037.5;0.0
42;31400;ASH_COATED_OSMIUM;9985;23;;;;;10001;11;;;;;9993.0;0.0
42;31400;INTARIAN_PEPPER_ROOT;55031;12;;;;;55039;11;;;;;55035.0;0.0
42;31500;ASH_COATED_OSMIUM;9987;20;9984;15;;;10005;15;10008;23;;;9996.5;0.0
42;31500;INTARIAN_PEPPER_ROOT;55027;8;55026;10;55023;9;55042;10;55045;11;55047;10;55035.0;0.0
42;31600;ASH_COATED_OSMIUM;9992;13;;;;;10008;25;;;;;10000.0;0.0
42;31600;INTARIAN_PEPPER_ROOT;55026;15;;;;;55040;12;;;;;55033.0;0.0
42;31700;ASH_COATED_OSMIUM;9995;15;9992;15;;;10011;15;10013;13;;;10003.0;0.0
42;31700;INTARIAN_PEPPER_ROOT;55023;8;55020;9;55019;12;55036;12;55037;12;55039;11;55029.5;0.0
42;31800;ASH_COATED_OSMIUM;10000;11;;;;;10018;13;;;;;10009.0;0.0
42;31800;INTARIAN_PEPPER_ROOT;55027;21;55025;8;55023;10;55039;18;55041;11;55044;9;55033.5;0.0
42;31900;ASH_COATED_OSMIUM;10002;15;10001;15;;;10018;12;10019;12;;;10010.0;0.0
42;31900;INTARIAN_PEPPER_ROOT;55023;24;55020;11;55017;4;55036;10;55037;12;55039;11;55029.5;0.0
42;32000;ASH_COATED_OSMIUM;9997;11;;;;;10009;13;;;;;10003.5;0.0
42;32000;INTARIAN_PEPPER_ROOT;55028;17;55026;12;;;55040;9;55043;12;;;55034.0;0.0
42;32100;ASH_COATED_OSMIUM;9997;15;;;;;10015;12;;;;;10006.5;0.0
42;32100;INTARIAN_PEPPER_ROOT;55027;23;55026;11;;;55040;10;55042;25;;;55034.0;0.0
42;32200;ASH_COATED_OSMIUM;9998;15;9996;15;;;10014;13;10016;13;;;10006.5;0.0
42;32200;INTARIAN_PEPPER_ROOT;55026;8;55023;17;;;55038;11;55039;16;;;55032.0;0.0
42;32300;ASH_COATED_OSMIUM;9997;14;;;;;10013;13;;;;;10005.5;0.0
42;32300;INTARIAN_PEPPER_ROOT;55026;12;;;;;55038;11;;;;;55032.0;0.0
42;32400;ASH_COATED_OSMIUM;9997;29;9996;12;9993;11;10013;15;10015;15;10017;13;10005.0;0.0
42;32400;INTARIAN_PEPPER_ROOT;55027;11;;;;;55038;23;;;;;55032.5;0.0
42;32500;ASH_COATED_OSMIUM;10001;15;10000;11;9998;10;10017;13;10018;14;10019;10;10009.5;0.0
42;32500;INTARIAN_PEPPER_ROOT;55023;10;55022;8;55019;9;55037;8;55040;18;55042;21;55030.5;0.0
42;32600;ASH_COATED_OSMIUM;10002;10;;;;;10018;10;;;;;10010.5;0.0
42;32600;INTARIAN_PEPPER_ROOT;55028;11;55025;11;;;55039;11;55042;8;;;55033.5;0.0
42;32700;ASH_COATED_OSMIUM;10004;13;;;;;10020;11;;;;;10012.5;0.0
42;32700;INTARIAN_PEPPER_ROOT;55027;3;;;;;55040;11;;;;;55034.0;0.0
42;32800;ASH_COATED_OSMIUM;10003;13;;;;;10021;13;;;;;10012.5;0.0
42;32800;INTARIAN_PEPPER_ROOT;55022;8;;;;;55038;12;;;;;55030.5;0.0
42;32900;ASH_COATED_OSMIUM;9997;3;9994;12;;;10013;12;10015;14;;;10005.5;0.0
42;32900;INTARIAN_PEPPER_ROOT;55027;10;55025;12;55022;18;55041;9;55043;9;55044;9;55034.5;0.0
42;33000;ASH_COATED_OSMIUM;10006;29;10003;13;;;10025;14;10027;14;;;10015.5;0.0
42;33000;INTARIAN_PEPPER_ROOT;55026;11;55023;10;55022;7;55038;12;55041;15;55043;8;55032.5;0.0
42;33100;ASH_COATED_OSMIUM;10010;11;10009;12;10006;15;10026;10;10028;13;10030;10;10018.0;0.0
42;33100;INTARIAN_PEPPER_ROOT;55029;12;;;;;55042;12;;;;;55035.5;0.0
42;33200;ASH_COATED_OSMIUM;10009;13;10006;15;;;10025;13;10026;13;;;10017.5;0.0
42;33200;INTARIAN_PEPPER_ROOT;55026;12;;;;;55039;8;;;;;55032.5;0.0
42;33300;ASH_COATED_OSMIUM;9999;11;9997;14;9996;11;10018;27;10020;12;10021;11;10008.5;0.0
42;33300;INTARIAN_PEPPER_ROOT;55027;8;55024;9;55022;11;55040;3;55042;10;55045;11;55034.0;0.0
42;33400;ASH_COATED_OSMIUM;10003;14;;;;;10019;11;;;;;10011.0;0.0
42;33400;INTARIAN_PEPPER_ROOT;55027;12;55025;15;;;55043;12;55044;10;;;55035.5;0.0
42;33500;ASH_COATED_OSMIUM;10002;11;10001;13;9998;14;10020;11;10022;9;10023;14;10011.0;0.0
42;33500;INTARIAN_PEPPER_ROOT;55027;9;55025;10;;;55040;17;55043;11;;;55033.5;0.0
42;33600;ASH_COATED_OSMIUM;10001;15;;;;;10017;15;;;;;10009.0;0.0
42;33600;INTARIAN_PEPPER_ROOT;55027;9;;;;;55040;9;;;;;55033.5;0.0
42;33700;ASH_COATED_OSMIUM;9997;10;9994;15;;;10013;13;10016;30;;;10005.5;0.0
42;33700;INTARIAN_PEPPER_ROOT;55026;10;55024;23;;;55037;16;55038;12;;;55031.5;0.0
42;33800;ASH_COATED_OSMIUM;9994;11;9992;15;9989;14;10010;14;10011;10;10013;22;10002.0;0.0
42;33800;INTARIAN_PEPPER_ROOT;55027;9;55026;15;;;55039;9;55042;23;;;55033.0;0.0
42;33900;ASH_COATED_OSMIUM;9996;20;9995;13;9992;14;10012;10;10014;22;10015;11;10004.0;0.0
42;33900;INTARIAN_PEPPER_ROOT;55026;17;;;;;55040;11;;;;;55033.0;0.0
42;34000;ASH_COATED_OSMIUM;9998;10;9995;14;9994;11;10014;15;10017;15;10020;27;10006.5;0.0
42;34000;INTARIAN_PEPPER_ROOT;55031;10;55030;8;55029;8;55042;12;55043;18;55045;10;55036.5;0.0
42;34100;ASH_COATED_OSMIUM;9999;15;9996;26;9993;11;10009;13;10010;20;10013;15;10004.5;0.0
42;34100;INTARIAN_PEPPER_ROOT;55026;12;55025;19;;;55040;8;55043;11;;;55033.5;0.0
42;34200;ASH_COATED_OSMIUM;9992;15;9991;13;;;10010;15;10011;13;;;10001.0;0.0
42;34200;INTARIAN_PEPPER_ROOT;55029;10;55027;10;55025;10;55043;8;55046;10;55048;25;55036.5;0.0
42;34300;ASH_COATED_OSMIUM;9993;14;;;;;10011;12;;;;;10002.0;0.0
42;34300;INTARIAN_PEPPER_ROOT;55026;10;55025;11;;;55040;11;55043;9;;;55033.5;0.0
42;34400;ASH_COATED_OSMIUM;9993;14;9991;15;;;10009;2;10010;13;;;10001.5;0.0
42;34400;INTARIAN_PEPPER_ROOT;55025;8;55024;11;;;55038;10;55041;25;;;55032.0;0.0
42;34500;ASH_COATED_OSMIUM;9996;21;9995;12;9992;26;10015;12;10016;12;10017;10;10005.5;0.0
42;34500;INTARIAN_PEPPER_ROOT;55025;8;55022;12;55019;10;55038;10;55041;9;55042;16;55031.5;0.0
42;34600;ASH_COATED_OSMIUM;9998;14;;;;;10014;15;;;;;10006.0;0.0
42;34600;INTARIAN_PEPPER_ROOT;55026;8;55023;8;;;55041;19;55043;12;;;55034.0;0.0
42;34700;ASH_COATED_OSMIUM;9996;10;;;;;10015;23;;;;;10005.5;0.0
42;34700;INTARIAN_PEPPER_ROOT;55030;11;55028;10;55025;10;55041;12;55044;23;55047;9;55035.5;0.0
42;34800;ASH_COATED_OSMIUM;9995;12;;;;;10013;24;;;;;10004.5;0.0
42;34800;INTARIAN_PEPPER_ROOT;55031;11;55030;10;;;55042;10;55045;6;;;55037.0;0.0
42;34900;ASH_COATED_OSMIUM;9990;15;9989;15;9986;28;10006;15;10007;12;10010;10;9998.0;0.0
42;34900;INTARIAN_PEPPER_ROOT;55024;8;;;;;55036;8;;;;;55030.0;0.0
42;35000;ASH_COATED_OSMIUM;9994;21;;;;;10010;12;;;;;10002.0;0.0
42;35000;INTARIAN_PEPPER_ROOT;55029;8;55027;23;55024;10;55040;11;55043;11;55046;10;55034.5;0.0
42;35100;ASH_COATED_OSMIUM;9992;21;9990;22;9989;26;10008;11;10011;27;10012;26;10000.5;0.0
42;35100;INTARIAN_PEPPER_ROOT;55026;8;55024;10;;;55043;11;55046;10;;;55034.5;0.0
42;35200;ASH_COATED_OSMIUM;9991;14;9989;15;9986;13;10007;12;10009;10;10010;13;9999.0;0.0
42;35200;INTARIAN_PEPPER_ROOT;55028;11;;;;;55042;20;;;;;55035.0;0.0
42;35300;ASH_COATED_OSMIUM;9984;10;9983;13;;;10002;14;10005;12;;;9993.0;0.0
42;35300;INTARIAN_PEPPER_ROOT;55033;11;55031;9;;;55047;12;55048;12;;;55040.5;0.0
42;35400;ASH_COATED_OSMIUM;9982;15;9979;11;9977;15;9998;11;10000;10;10003;13;9990.5;0.0
42;35400;INTARIAN_PEPPER_ROOT;55031;10;55028;12;;;55043;10;55046;24;;;55037.0;0.0
42;35500;ASH_COATED_OSMIUM;9982;13;9980;28;;;9998;14;10001;11;;;9990.5;0.0
42;35500;INTARIAN_PEPPER_ROOT;55032;10;55031;18;;;55045;11;55046;9;;;55038.5;0.0
42;35600;ASH_COATED_OSMIUM;9981;22;9980;30;;;9999;20;10001;13;;;9990.5;0.0
42;35600;INTARIAN_PEPPER_ROOT;55030;12;55027;9;;;55044;23;55047;12;;;55037.0;0.0
42;35700;ASH_COATED_OSMIUM;9985;15;;;;;10001;4;;;;;9993.5;0.0
42;35700;INTARIAN_PEPPER_ROOT;55024;5;55023;12;;;55039;8;55040;12;;;55032.0;0.0
42;35800;ASH_COATED_OSMIUM;9981;13;;;;;9999;15;;;;;9990.0;0.0
42;35800;INTARIAN_PEPPER_ROOT;55031;9;55029;11;55027;8;55042;12;55043;9;55045;8;55036.5;0.0
42;35900;ASH_COATED_OSMIUM;9984;12;9981;12;;;10002;14;10005;13;;;9993.5;0.0
42;35900;INTARIAN_PEPPER_ROOT;55029;8;;;;;55040;10;;;;;55035.0;0.0
42;36000;ASH_COATED_OSMIUM;9989;14;9987;28;;;9997;4;9999;10;;;9993.0;0.0
42;36000;INTARIAN_PEPPER_ROOT;55026;11;55024;12;;;55038;10;55040;12;;;55032.0;0.0
42;36100;ASH_COATED_OSMIUM;9984;11;;;;;10002;12;;;;;9993.5;0.0
42;36100;INTARIAN_PEPPER_ROOT;55027;9;55026;11;55025;23;55040;21;55043;12;55045;8;55034.0;0.0
42;36200;ASH_COATED_OSMIUM;9990;10;9987;12;9986;13;10008;10;10009;24;10012;11;9999.0;0.0
42;36200;INTARIAN_PEPPER_ROOT;55031;10;55029;10;;;55044;8;55046;11;;;55038.0;0.0
42;36300;ASH_COATED_OSMIUM;9990;27;;;;;10006;14;;;;;9998.5;0.0
42;36300;INTARIAN_PEPPER_ROOT;55033;11;55031;20;;;55044;10;55046;9;;;55038.5;0.0
42;36400;ASH_COATED_OSMIUM;9990;25;;;;;10006;26;;;;;9998.0;0.0
42;36400;INTARIAN_PEPPER_ROOT;55028;12;55025;4;;;55040;9;55043;10;;;55034.0;0.0
42;36500;ASH_COATED_OSMIUM;9995;28;9993;14;;;10002;11;10005;12;;;9998.5;0.0
42;36500;INTARIAN_PEPPER_ROOT;55029;9;;;;;55040;11;;;;;55035.0;0.0
42;36600;ASH_COATED_OSMIUM;9985;12;9984;11;;;10003;13;10004;21;;;9994.5;0.0
42;36600;INTARIAN_PEPPER_ROOT;55030;12;;;;;55043;10;;;;;55037.0;0.0
42;36700;ASH_COATED_OSMIUM;9984;15;9982;15;;;10000;11;10003;15;;;9992.5;0.0
42;36700;INTARIAN_PEPPER_ROOT;55027;24;55024;9;;;55043;9;55045;8;;;55035.5;0.0
42;36800;ASH_COATED_OSMIUM;9986;13;;;;;10002;15;;;;;9994.5;0.0
42;36800;INTARIAN_PEPPER_ROOT;55033;15;55030;8;;;55045;10;55047;11;;;55039.5;0.0
42;36900;ASH_COATED_OSMIUM;9989;14;9988;13;;;10007;21;10008;15;;;9998.5;0.0
42;36900;INTARIAN_PEPPER_ROOT;55032;18;55029;10;;;55046;11;55047;11;;;55039.5;0.0
42;37000;ASH_COATED_OSMIUM;9991;11;9990;23;9987;10;10010;12;10011;13;10013;11;10000.5;0.0
42;37000;INTARIAN_PEPPER_ROOT;55037;8;;;;;55050;12;;;;;55043.5;0.0
42;37100;ASH_COATED_OSMIUM;9997;13;9994;30;9992;10;10013;14;10014;15;10016;20;10005.5;0.0
42;37100;INTARIAN_PEPPER_ROOT;55031;8;;;;;55043;9;;;;;55037.5;0.0
42;37200;ASH_COATED_OSMIUM;9987;11;9986;21;;;10003;23;10006;11;;;9995.0;0.0
42;37200;INTARIAN_PEPPER_ROOT;55031;8;;;;;55043;12;;;;;55037.0;0.0
42;37300;ASH_COATED_OSMIUM;9986;14;9985;10;9984;26;9999;10;10001;24;10004;12;9993.0;0.0
42;37300;INTARIAN_PEPPER_ROOT;55030;8;55029;9;;;55046;10;55048;12;;;55038.5;0.0
42;37400;ASH_COATED_OSMIUM;9985;15;9984;12;;;10001;27;10004;15;;;9993.0;0.0
42;37400;INTARIAN_PEPPER_ROOT;55034;10;;;;;55046;20;;;;;55040.0;0.0
42;37500;ASH_COATED_OSMIUM;9990;13;9989;10;;;10006;24;10008;3;;;9998.0;0.0
42;37500;INTARIAN_PEPPER_ROOT;55036;9;55035;9;;;55048;4;55051;22;;;55042.5;0.0
42;37600;ASH_COATED_OSMIUM;9990;10;;;;;10006;4;;;;;9998.5;0.0
42;37600;INTARIAN_PEPPER_ROOT;55032;12;55031;9;55030;12;55045;11;55047;11;55049;11;55039.0;0.0
42;37700;ASH_COATED_OSMIUM;9995;12;;;;;10011;15;;;;;10003.5;0.0
42;37700;INTARIAN_PEPPER_ROOT;55029;9;55028;10;;;55042;9;55044;9;;;55035.5;0.0
42;37800;ASH_COATED_OSMIUM;9995;14;9993;15;;;10013;13;10014;15;;;10004.5;0.0
42;37800;INTARIAN_PEPPER_ROOT;55030;10;55029;9;;;55046;12;55047;19;;;55038.5;0.0
42;37900;ASH_COATED_OSMIUM;9990;25;9987;21;9984;14;10006;27;10008;11;10009;14;9998.0;0.0
42;37900;INTARIAN_PEPPER_ROOT;55033;12;55032;8;55029;10;55044;8;55047;12;55048;9;55038.5;0.0
42;38000;ASH_COATED_OSMIUM;9990;10;;;;;10008;15;;;;;9999.5;0.0
42;38000;INTARIAN_PEPPER_ROOT;55034;24;55033;12;55030;8;55046;11;55048;12;55049;18;55040.0;0.0
42;38100;ASH_COATED_OSMIUM;9988;10;9985;11;;;10009;15;10012;12;;;9998.5;0.0
42;38100;INTARIAN_PEPPER_ROOT;55029;9;55027;11;55025;11;55042;12;55043;11;55046;9;55036.0;0.0
42;38200;ASH_COATED_OSMIUM;9984;10;9981;12;9980;11;10000;24;10003;11;10004;15;9992.5;0.0
42;38200;INTARIAN_PEPPER_ROOT;55026;16;55025;12;;;55042;23;55043;10;;;55034.0;0.0
42;38300;ASH_COATED_OSMIUM;9991;14;;;;;10007;10;;;;;9999.5;0.0
42;38300;INTARIAN_PEPPER_ROOT;55031;18;55030;23;55028;9;55047;8;55049;10;55050;21;55039.5;0.0
42;38400;ASH_COATED_OSMIUM;9989;14;9987;12;;;10008;10;10010;14;;;9999.0;0.0
42;38400;INTARIAN_PEPPER_ROOT;55031;12;;;;;55043;12;;;;;55037.5;0.0
42;38500;ASH_COATED_OSMIUM;9993;10;;;;;10009;15;;;;;10001.0;0.0
42;38500;INTARIAN_PEPPER_ROOT;55027;11;55025;11;;;55040;9;55041;12;;;55034.0;0.0
42;38600;ASH_COATED_OSMIUM;9992;13;9989;10;9988;28;10008;15;10011;15;10012;13;10000.5;0.0
42;38600;INTARIAN_PEPPER_ROOT;55033;10;;;;;55046;10;;;;;55040.0;0.0
42;38700;ASH_COATED_OSMIUM;9990;12;;;;;10000;10;;;;;9995.5;0.0
42;38700;INTARIAN_PEPPER_ROOT;55027;11;55026;12;55024;12;55041;12;55044;10;55047;10;55034.0;0.0
42;38800;ASH_COATED_OSMIUM;9991;15;;;;;10009;25;;;;;10000.0;0.0
42;38800;INTARIAN_PEPPER_ROOT;55031;9;55029;20;55028;12;55042;8;55045;10;55048;12;55036.5;0.0
42;38900;ASH_COATED_OSMIUM;9991;10;;;;;10007;13;;;;;9999.0;0.0
42;38900;INTARIAN_PEPPER_ROOT;55035;9;55034;8;;;55047;9;55049;12;;;55041.0;0.0
42;39000;ASH_COATED_OSMIUM;9992;21;9991;15;;;10010;10;10011;13;;;10001.0;0.0
42;39000;INTARIAN_PEPPER_ROOT;55030;12;55027;9;;;55044;12;55046;8;;;55037.5;0.0
42;39100;ASH_COATED_OSMIUM;9991;28;9990;10;;;10007;12;10008;14;;;9999.5;0.0
42;39100;INTARIAN_PEPPER_ROOT;55030;11;55029;10;;;55044;23;55047;9;;;55037.0;0.0
42;39200;ASH_COATED_OSMIUM;9995;15;;;;;10011;29;;;;;10003.5;0.0
42;39200;INTARIAN_PEPPER_ROOT;55030;10;;;;;55042;8;;;;;55036.5;0.0
42;39300;ASH_COATED_OSMIUM;9992;14;9989;13;;;10008;11;10011;12;;;10000.5;0.0
42;39300;INTARIAN_PEPPER_ROOT;55032;11;55031;10;55030;9;55046;19;55048;12;55050;8;55039.5;0.0
42;39400;ASH_COATED_OSMIUM;9988;13;9986;23;;;10007;23;10009;14;;;9997.5;0.0
42;39400;INTARIAN_PEPPER_ROOT;55034;12;;;;;55047;25;;;;;55040.5;0.0
42;39500;ASH_COATED_OSMIUM;9986;25;9985;3;;;10002;10;10003;23;;;9994.0;0.0
42;39500;INTARIAN_PEPPER_ROOT;55029;23;55027;8;;;55043;11;55045;8;;;55036.0;0.0
42;39600;ASH_COATED_OSMIUM;9985;13;;;;;10001;11;;;;;9993.0;0.0
42;39600;INTARIAN_PEPPER_ROOT;55031;12;55030;10;55029;12;55048;23;55050;8;55051;8;55040.0;0.0
42;39700;ASH_COATED_OSMIUM;9988;14;;;;;10004;12;;;;;9996.0;0.0
42;39700;INTARIAN_PEPPER_ROOT;55034;10;55031;17;55029;16;55045;9;55047;22;55048;10;55039.5;0.0
42;39800;ASH_COATED_OSMIUM;9989;13;9986;15;;;10005;26;10007;12;;;9997.5;0.0
42;39800;INTARIAN_PEPPER_ROOT;55036;8;;;;;55050;8;;;;;55043.5;0.0
42;39900;ASH_COATED_OSMIUM;9990;14;;;;;9999;11;;;;;9994.5;0.0
42;39900;INTARIAN_PEPPER_ROOT;55033;10;;;;;55049;20;;;;;55041.5;0.0
42;40000;ASH_COATED_OSMIUM;9990;20;9989;12;;;10009;15;10010;13;;;9999.5;0.0
42;40000;INTARIAN_PEPPER_ROOT;55031;9;55030;11;;;55047;12;55049;10;;;55039.0;0.0
42;40100;ASH_COATED_OSMIUM;9991;12;;;;;10007;21;;;;;9999.0;0.0
42;40100;INTARIAN_PEPPER_ROOT;55035;12;55034;9;55032;8;55051;8;55053;10;55055;11;55043.0;0.0
42;40200;ASH_COATED_OSMIUM;9989;15;9986;20;;;10005;13;10006;12;;;9997.5;0.0
42;40200;INTARIAN_PEPPER_ROOT;55030;11;55027;12;;;55043;10;55046;8;;;55036.5;0.0
42;40300;ASH_COATED_OSMIUM;9988;14;9987;13;9985;13;10009;28;10010;15;10011;13;9998.5;0.0
42;40300;INTARIAN_PEPPER_ROOT;55031;11;;;;;55048;9;;;;;55040.0;0.0
42;40400;ASH_COATED_OSMIUM;9986;12;;;;;10004;10;;;;;9995.0;0.0
42;40400;INTARIAN_PEPPER_ROOT;55030;21;55028;12;;;55044;17;55046;12;;;55037.5;0.0
42;40500;ASH_COATED_OSMIUM;9981;15;9979;12;;;9997;12;10000;11;;;9989.5;0.0
42;40500;INTARIAN_PEPPER_ROOT;55036;21;55033;9;;;55052;8;55054;11;;;55044.0;0.0
42;40600;ASH_COATED_OSMIUM;9982;13;9981;10;;;10000;6;10003;11;;;9991.5;0.0
42;40600;INTARIAN_PEPPER_ROOT;55034;9;55032;10;55030;8;55045;8;55046;15;55048;5;55039.5;0.0
42;40700;ASH_COATED_OSMIUM;9981;15;9978;11;;;9997;12;9998;11;;;9989.0;0.0
42;40700;INTARIAN_PEPPER_ROOT;55031;8;55028;8;;;55048;8;55051;12;;;55040.0;0.0
42;40800;ASH_COATED_OSMIUM;9984;11;9982;4;;;10000;13;10001;10;;;9992.5;0.0
42;40800;INTARIAN_PEPPER_ROOT;55031;11;;;;;55043;11;;;;;55037.5;0.0
42;40900;ASH_COATED_OSMIUM;9990;14;9988;14;;;10006;13;10009;11;;;9998.5;0.0
42;40900;INTARIAN_PEPPER_ROOT;55034;25;55032;12;;;55051;11;55052;12;;;55043.0;0.0
42;41000;ASH_COATED_OSMIUM;9987;14;;;;;10003;23;;;;;9995.5;0.0
42;41000;INTARIAN_PEPPER_ROOT;55034;12;55031;12;;;55047;8;55048;12;;;55040.5;0.0
42;41100;ASH_COATED_OSMIUM;9993;12;9990;28;;;10009;15;10010;26;;;10001.0;0.0
42;41100;INTARIAN_PEPPER_ROOT;55039;11;55036;12;;;55048;22;55049;8;;;55044.0;0.0
42;41200;ASH_COATED_OSMIUM;9992;10;9991;14;;;10008;14;10009;24;;;10000.5;0.0
42;41200;INTARIAN_PEPPER_ROOT;55036;12;55034;10;;;55049;8;55050;9;;;55043.0;0.0
42;41300;ASH_COATED_OSMIUM;9992;14;9990;14;9987;15;10008;13;10011;14;10012;5;10000.5;0.0
42;41300;INTARIAN_PEPPER_ROOT;55035;10;;;;;55049;8;;;;;55042.0;0.0
42;41400;ASH_COATED_OSMIUM;9991;13;9989;11;;;10007;11;10010;26;;;9999.0;0.0
42;41400;INTARIAN_PEPPER_ROOT;55037;12;55034;21;;;55053;11;55054;12;;;55045.0;0.0
42;41500;ASH_COATED_OSMIUM;9995;15;9993;10;;;10011;11;10013;14;;;10003.0;0.0
42;41500;INTARIAN_PEPPER_ROOT;55033;9;55030;20;;;55046;8;55047;9;;;55039.5;0.0
42;41600;ASH_COATED_OSMIUM;9989;14;9987;13;;;10005;14;10006;21;;;9997.5;0.0
42;41600;INTARIAN_PEPPER_ROOT;55041;11;55040;12;55039;12;55053;24;55055;16;55057;11;55047.5;0.0
42;41700;ASH_COATED_OSMIUM;9983;12;9980;15;;;9999;15;10000;27;;;9991.0;0.0
42;41700;INTARIAN_PEPPER_ROOT;55034;10;55031;12;;;55048;11;55051;11;;;55041.5;0.0
42;41800;ASH_COATED_OSMIUM;9992;15;9990;20;;;10008;10;10011;10;;;10000.0;0.0
42;41800;INTARIAN_PEPPER_ROOT;55036;9;55034;8;55033;12;55048;8;55051;24;55052;8;55042.5;0.0
42;41900;ASH_COATED_OSMIUM;9995;11;;;;;10011;15;;;;;10003.0;0.0
42;41900;INTARIAN_PEPPER_ROOT;55035;17;55034;23;;;55049;12;55051;9;;;55042.0;0.0
42;42000;ASH_COATED_OSMIUM;9983;15;;;;;9999;15;;;;;9991.5;0.0
42;42000;INTARIAN_PEPPER_ROOT;55042;12;55039;8;;;55055;8;55057;8;;;55048.5;0.0
42;42100;ASH_COATED_OSMIUM;9985;20;9984;13;;;10001;28;10004;13;;;9993.5;0.0
42;42100;INTARIAN_PEPPER_ROOT;55035;22;;;;;55048;11;;;;;55042.0;0.0
42;42200;ASH_COATED_OSMIUM;9995;14;;;;;10004;11;;;;;9999.5;0.0
42;42200;INTARIAN_PEPPER_ROOT;55037;8;;;;;55050;12;;;;;55044.0;0.0
42;42300;ASH_COATED_OSMIUM;9992;13;;;;;10008;27;;;;;10000.5;0.0
42;42300;INTARIAN_PEPPER_ROOT;55038;8;55036;9;;;55054;11;55055;8;;;55046.0;0.0
42;42400;ASH_COATED_OSMIUM;9995;14;9994;10;;;10011;9;10014;15;;;10003.0;0.0
42;42400;INTARIAN_PEPPER_ROOT;55037;10;55036;10;;;55050;8;55052;10;;;55043.5;0.0
42;42500;ASH_COATED_OSMIUM;9990;15;9988;14;9987;13;10008;11;10011;10;10014;11;9999.0;0.0
42;42500;INTARIAN_PEPPER_ROOT;55033;19;;;;;55046;11;;;;;55039.5;0.0
42;42600;ASH_COATED_OSMIUM;9996;15;;;;;10017;14;;;;;10006.5;0.0
42;42600;INTARIAN_PEPPER_ROOT;55035;8;55034;10;55032;9;55049;12;55051;9;55052;12;55042.0;0.0
42;42700;ASH_COATED_OSMIUM;10004;9;;;;;10014;10;;;;;10009.0;0.0
42;42700;INTARIAN_PEPPER_ROOT;55038;8;55035;9;55032;12;55049;10;55050;24;55052;11;55044.0;0.0
42;42800;ASH_COATED_OSMIUM;10002;13;;;;;10020;10;;;;;10011.0;0.0
42;42800;INTARIAN_PEPPER_ROOT;55036;12;;;;;55049;11;;;;;55043.0;0.0
42;42900;ASH_COATED_OSMIUM;10006;12;10003;3;;;10022;13;10024;2;;;10014.0;0.0
42;42900;INTARIAN_PEPPER_ROOT;55033;11;55030;11;;;55050;10;55053;10;;;55042.0;0.0
42;43000;ASH_COATED_OSMIUM;10001;12;;;;;10017;15;;;;;10009.5;0.0
42;43000;INTARIAN_PEPPER_ROOT;55036;10;55034;8;55032;12;55050;18;55053;17;55056;9;55043.5;0.0
42;43100;ASH_COATED_OSMIUM;9990;9;9987;14;9986;14;10008;15;10010;13;10013;10;9999.5;0.0
42;43100;INTARIAN_PEPPER_ROOT;55037;9;55036;8;;;55049;11;55050;12;;;55043.5;0.0
42;43200;ASH_COATED_OSMIUM;9991;15;;;;;10007;10;;;;;9999.5;0.0
42;43200;INTARIAN_PEPPER_ROOT;55039;10;55037;8;;;55050;12;55051;8;;;55044.5;0.0
42;43300;ASH_COATED_OSMIUM;9988;12;9987;30;;;10004;12;10006;13;;;9996.0;0.0
42;43300;INTARIAN_PEPPER_ROOT;55031;10;55030;9;;;55047;9;55049;10;;;55039.0;0.0
42;43400;ASH_COATED_OSMIUM;9987;14;9986;14;9983;29;10006;10;10008;12;10009;15;9996.5;0.0
42;43400;INTARIAN_PEPPER_ROOT;55035;8;;;;;55050;11;;;;;55042.5;0.0
42;43500;ASH_COATED_OSMIUM;9988;12;;;;;10004;11;;;;;9996.0;0.0
42;43500;INTARIAN_PEPPER_ROOT;55035;10;;;;;55048;9;;;;;55041.5;0.0
42;43600;ASH_COATED_OSMIUM;9993;14;9992;12;9989;13;9999;11;10002;11;10003;10;9996.0;0.0
42;43600;INTARIAN_PEPPER_ROOT;55042;9;55040;9;55037;10;55053;10;55054;12;55056;9;55048.0;0.0
42;43700;ASH_COATED_OSMIUM;9990;26;;;;;9998;12;;;;;9994.5;0.0
42;43700;INTARIAN_PEPPER_ROOT;55038;10;55035;9;;;55052;25;55054;8;;;55045.5;0.0
42;43800;ASH_COATED_OSMIUM;9984;12;9982;10;9981;15;10000;10;10003;10;10006;10;9992.5;0.0
42;43800;INTARIAN_PEPPER_ROOT;55040;8;55038;8;;;55052;12;55055;10;;;55046.0;0.0
42;43900;ASH_COATED_OSMIUM;9991;15;9988;14;;;10007;10;10010;15;;;9999.0;0.0
42;43900;INTARIAN_PEPPER_ROOT;55034;8;55031;12;;;55046;16;55049;8;;;55040.5;0.0
42;44000;ASH_COATED_OSMIUM;9995;2;;;;;10006;10;;;;;10001.0;0.0
42;44000;INTARIAN_PEPPER_ROOT;55038;5;55035;11;;;55049;9;55052;8;;;55043.5;0.0
42;44100;ASH_COATED_OSMIUM;9991;13;9990;14;;;10010;22;10011;12;;;10001.0;0.0
42;44100;INTARIAN_PEPPER_ROOT;55037;8;55034;11;55031;8;55050;9;55053;8;55054;19;55043.5;0.0
42;44200;ASH_COATED_OSMIUM;9994;25;9991;25;;;10010;15;10013;20;;;10002.0;0.0
42;44200;INTARIAN_PEPPER_ROOT;55041;10;55038;8;55037;10;55052;11;55053;11;55055;8;55046.5;0.0
42;44300;ASH_COATED_OSMIUM;9987;14;9985;11;;;10003;13;10006;14;;;9995.5;0.0
42;44300;INTARIAN_PEPPER_ROOT;55035;10;55034;23;;;55048;11;55049;11;;;55042.0;0.0
42;44400;ASH_COATED_OSMIUM;9991;14;9990;27;9987;13;10007;14;10008;12;10010;10;9999.0;0.0
42;44400;INTARIAN_PEPPER_ROOT;55039;10;55036;20;55035;12;55052;11;55053;10;55055;9;55045.5;0.0
42;44500;ASH_COATED_OSMIUM;9987;12;;;;;10005;10;;;;;9996.5;0.0
42;44500;INTARIAN_PEPPER_ROOT;55036;11;55033;11;;;55048;11;55051;9;;;55042.5;0.0
42;44600;ASH_COATED_OSMIUM;9993;11;;;;;10012;20;;;;;10002.5;0.0
42;44600;INTARIAN_PEPPER_ROOT;55040;12;55037;9;;;55054;11;55055;11;;;55047.0;0.0
42;44700;ASH_COATED_OSMIUM;9989;13;9987;11;;;10005;3;10006;15;;;9997.0;0.0
42;44700;INTARIAN_PEPPER_ROOT;55036;16;55033;11;;;55048;8;55049;8;;;55042.5;0.0
42;44800;ASH_COATED_OSMIUM;9988;10;;;;;9995;11;;;;;9992.0;0.0
42;44800;INTARIAN_PEPPER_ROOT;55033;9;55031;8;;;55049;10;55050;8;;;55041.5;0.0
42;44900;ASH_COATED_OSMIUM;9985;14;9983;12;;;10003;15;10004;28;;;9994.5;0.0
42;44900;INTARIAN_PEPPER_ROOT;55040;21;55038;10;;;55054;8;55056;25;;;55047.5;0.0
42;45000;ASH_COATED_OSMIUM;9982;3;;;;;9992;11;;;;;9987.0;0.0
42;45000;INTARIAN_PEPPER_ROOT;55041;8;55039;9;55038;12;55053;19;55054;10;55055;9;55047.0;0.0
42;45100;ASH_COATED_OSMIUM;9982;30;9979;15;;;10000;15;10001;14;;;9991.5;0.0
42;45100;INTARIAN_PEPPER_ROOT;55040;10;;;;;55052;9;;;;;55046.0;0.0
42;45200;ASH_COATED_OSMIUM;9980;14;;;;;9996;14;;;;;9988.5;0.0
42;45200;INTARIAN_PEPPER_ROOT;55037;9;;;;;55049;22;;;;;55043.5;0.0
42;45300;ASH_COATED_OSMIUM;9984;13;9981;11;;;10000;15;10002;15;;;9992.5;0.0
42;45300;INTARIAN_PEPPER_ROOT;55038;8;;;;;55049;8;;;;;55044.0;0.0
42;45400;ASH_COATED_OSMIUM;9982;14;9980;11;;;10001;11;10004;15;;;9991.5;0.0
42;45400;INTARIAN_PEPPER_ROOT;55038;12;;;;;55054;10;;;;;55046.0;0.0
42;45500;ASH_COATED_OSMIUM;9987;12;;;;;10003;11;;;;;9995.5;0.0
42;45500;INTARIAN_PEPPER_ROOT;55038;11;;;;;55050;3;;;;;55044.0;0.0
42;45600;ASH_COATED_OSMIUM;9986;27;9984;20;;;10002;13;10005;9;;;9994.5;0.0
42;45600;INTARIAN_PEPPER_ROOT;55039;12;;;;;55055;9;;;;;55047.0;0.0
42;45700;ASH_COATED_OSMIUM;9991;13;9988;6;;;10007;22;10010;14;;;9999.5;0.0
42;45700;INTARIAN_PEPPER_ROOT;55037;8;;;;;55052;12;;;;;55045.0;0.0
42;45800;ASH_COATED_OSMIUM;9989;15;9988;13;9986;15;10008;10;10009;23;10010;10;9999.0;0.0
42;45800;INTARIAN_PEPPER_ROOT;55046;10;55044;6;;;55055;17;55056;10;;;55051.0;0.0
42;45900;ASH_COATED_OSMIUM;9988;14;9986;3;;;10004;30;10005;13;;;9996.5;0.0
42;45900;INTARIAN_PEPPER_ROOT;55041;9;;;;;55052;11;;;;;55047.0;0.0
42;46000;ASH_COATED_OSMIUM;9986;12;9985;11;;;10004;15;10006;11;;;9995.0;0.0
42;46000;INTARIAN_PEPPER_ROOT;55040;12;55039;8;;;55054;16;55055;9;;;55047.5;0.0
42;46100;ASH_COATED_OSMIUM;9982;13;9980;14;9979;14;10000;13;10002;10;10005;15;9991.0;0.0
42;46100;INTARIAN_PEPPER_ROOT;55042;12;;;;;55056;12;;;;;55049.5;0.0
42;46200;ASH_COATED_OSMIUM;9986;12;;;;;10002;12;;;;;9994.5;0.0
42;46200;INTARIAN_PEPPER_ROOT;55041;10;55040;11;55037;9;55048;12;55051;8;55054;9;55045.0;0.0
42;46300;ASH_COATED_OSMIUM;9987;2;;;;;10003;15;;;;;9995.5;0.0
42;46300;INTARIAN_PEPPER_ROOT;55039;11;;;;;55054;23;;;;;55047.0;0.0
42;46400;ASH_COATED_OSMIUM;9989;14;9987;11;;;10005;14;10007;10;;;9997.5;0.0
42;46400;INTARIAN_PEPPER_ROOT;55044;9;55043;17;55041;8;55058;12;55061;12;55062;11;55051.0;0.0
42;46500;ASH_COATED_OSMIUM;9988;13;9987;14;9984;28;10007;15;10009;11;10010;10;9997.5;0.0
42;46500;INTARIAN_PEPPER_ROOT;55037;8;55036;10;55034;12;55049;11;55050;8;55053;8;55043.0;0.0
42;46600;ASH_COATED_OSMIUM;9991;11;9989;29;;;10007;4;10009;15;;;9999.5;0.0
42;46600;INTARIAN_PEPPER_ROOT;55042;19;55040;9;;;55055;9;55058;12;;;55048.5;0.0
42;46700;ASH_COATED_OSMIUM;9990;13;9989;12;9987;21;10006;4;10007;11;10008;30;9998.0;0.0
42;46700;INTARIAN_PEPPER_ROOT;55044;16;55043;10;55041;12;55054;9;55055;12;55056;9;55049.5;0.0
42;46800;ASH_COATED_OSMIUM;9993;14;9991;11;;;10009;11;10012;15;;;10001.5;0.0
42;46800;INTARIAN_PEPPER_ROOT;55041;12;55038;16;;;55054;9;55055;9;;;55047.5;0.0
42;46900;ASH_COATED_OSMIUM;9995;11;9992;11;;;10011;14;10013;15;;;10003.5;0.0
42;46900;INTARIAN_PEPPER_ROOT;55042;19;55040;12;;;55056;18;55059;9;;;55049.0;0.0
42;47000;ASH_COATED_OSMIUM;9989;21;9987;5;;;10005;15;10007;10;;;9997.0;0.0
42;47000;INTARIAN_PEPPER_ROOT;55040;11;55039;16;;;55055;11;55058;8;;;55048.0;0.0
42;47100;ASH_COATED_OSMIUM;9997;11;9994;15;9991;12;10013;12;10014;13;10015;15;10005.5;0.0
42;47100;INTARIAN_PEPPER_ROOT;55040;9;55039;12;;;55054;11;55057;10;;;55047.0;0.0
42;47200;ASH_COATED_OSMIUM;9992;14;9990;23;9987;10;10008;11;10011;15;10013;11;10000.0;0.0
42;47200;INTARIAN_PEPPER_ROOT;55033;22;;;;;55050;11;;;;;55042.0;0.0
42;47300;ASH_COATED_OSMIUM;9994;10;9991;29;;;10012;10;10013;3;;;10003.5;0.0
42;47300;INTARIAN_PEPPER_ROOT;55039;18;55037;11;55034;11;55052;17;55053;11;55054;10;55046.0;0.0
42;47400;ASH_COATED_OSMIUM;10002;29;10001;11;;;10009;15;10011;24;;;10005.5;0.0
42;47400;INTARIAN_PEPPER_ROOT;55038;8;55037;15;55035;12;55050;9;55053;24;55056;24;55044.0;0.0
42;47500;ASH_COATED_OSMIUM;10001;26;10000;12;;;10020;12;10022;15;;;10010.5;0.0
42;47500;INTARIAN_PEPPER_ROOT;55040;17;;;;;55053;5;;;;;55047.0;0.0
42;47600;ASH_COATED_OSMIUM;10004;15;10003;12;10001;12;10020;14;10022;14;10023;14;10012.0;0.0
42;47600;INTARIAN_PEPPER_ROOT;55042;9;55039;9;55037;8;55055;8;55058;12;55059;10;55048.5;0.0
42;47700;ASH_COATED_OSMIUM;10000;14;9999;12;;;10016;15;10018;15;;;10008.0;0.0
42;47700;INTARIAN_PEPPER_ROOT;55038;12;55037;11;;;55054;9;55055;23;;;55046.0;0.0
42;47800;ASH_COATED_OSMIUM;9999;10;9996;14;9993;10;10015;5;10016;10;10018;15;10007.5;0.0
42;47800;INTARIAN_PEPPER_ROOT;55043;10;;;;;55056;8;;;;;55050.0;0.0
42;47900;ASH_COATED_OSMIUM;9998;13;9996;12;;;10017;22;10019;14;;;10008.0;0.0
42;47900;INTARIAN_PEPPER_ROOT;55040;12;55039;11;;;55053;18;55054;9;;;55047.0;0.0
42;48000;ASH_COATED_OSMIUM;9999;14;9997;14;;;10015;10;10018;14;;;10007.0;0.0
42;48000;INTARIAN_PEPPER_ROOT;55039;17;55037;9;55036;11;55054;9;55056;11;55057;24;55046.5;0.0
42;48100;ASH_COATED_OSMIUM;9996;11;;;;;10014;10;;;;;10005.5;0.0
42;48100;INTARIAN_PEPPER_ROOT;55038;8;;;;;55049;8;;;;;55044.0;0.0
42;48200;ASH_COATED_OSMIUM;9991;13;9989;10;9986;24;10010;20;10011;15;10013;13;10001.0;0.0
42;48200;INTARIAN_PEPPER_ROOT;55046;10;55043;8;55040;8;55059;11;55061;12;55062;8;55053.0;0.0
42;48300;ASH_COATED_OSMIUM;9992;28;9990;24;;;10008;11;10010;11;;;10000.0;0.0
42;48300;INTARIAN_PEPPER_ROOT;55042;10;;;;;55058;9;;;;;55050.5;0.0
42;48400;ASH_COATED_OSMIUM;9987;25;9984;12;9982;13;10003;10;10004;12;10005;15;9995.5;0.0
42;48400;INTARIAN_PEPPER_ROOT;55039;12;55036;11;;;55055;9;55057;8;;;55047.0;0.0
42;48500;ASH_COATED_OSMIUM;9983;11;9980;11;9979;10;10002;22;10003;14;10005;12;9992.5;0.0
42;48500;INTARIAN_PEPPER_ROOT;55038;23;55035;10;;;55052;12;55055;9;;;55045.0;0.0
42;48600;ASH_COATED_OSMIUM;9989;11;9986;10;;;9999;12;10001;12;;;9994.5;0.0
42;48600;INTARIAN_PEPPER_ROOT;55044;9;55042;9;;;55056;11;55057;8;;;55050.5;0.0
42;48700;ASH_COATED_OSMIUM;9987;24;;;;;10003;10;;;;;9995.5;0.0
42;48700;INTARIAN_PEPPER_ROOT;55043;8;55041;8;;;55056;10;55058;24;;;55049.5;0.0
42;48800;ASH_COATED_OSMIUM;9989;10;9987;12;;;10008;10;10009;10;;;9998.5;0.0
42;48800;INTARIAN_PEPPER_ROOT;55041;12;55039;22;55038;12;55053;11;55054;23;55057;12;55047.0;0.0
42;48900;ASH_COATED_OSMIUM;9992;15;9990;13;;;10008;11;10009;15;;;10000.0;0.0
42;48900;INTARIAN_PEPPER_ROOT;55046;8;55045;8;;;55060;12;55061;11;;;55053.0;0.0
42;49000;ASH_COATED_OSMIUM;9993;30;9990;15;;;10009;11;10011;12;;;10001.5;0.0
42;49000;INTARIAN_PEPPER_ROOT;55044;11;55042;11;;;55056;8;55057;25;;;55050.0;0.0
42;49100;ASH_COATED_OSMIUM;9993;14;;;;;10009;14;;;;;10001.5;0.0
42;49100;INTARIAN_PEPPER_ROOT;55041;10;;;;;55054;11;;;;;55048.0;0.0
42;49200;ASH_COATED_OSMIUM;9989;10;9986;14;;;10005;10;10008;12;;;9997.0;0.0
42;49200;INTARIAN_PEPPER_ROOT;55045;12;55044;8;;;55057;3;55059;10;;;55051.5;0.0
42;49300;ASH_COATED_OSMIUM;9993;11;;;;;10009;15;;;;;10001.0;0.0
42;49300;INTARIAN_PEPPER_ROOT;55041;24;55038;9;55037;8;55055;9;55057;12;55059;10;55048.5;0.0
42;49400;ASH_COATED_OSMIUM;9992;10;;;;;10008;11;;;;;10000.5;0.0
42;49400;INTARIAN_PEPPER_ROOT;55045;11;55044;22;;;55061;12;55063;11;;;55053.0;0.0
42;49500;ASH_COATED_OSMIUM;9991;13;9988;14;9987;11;10007;15;10010;13;10012;10;9999.0;0.0
42;49500;INTARIAN_PEPPER_ROOT;55045;10;;;;;55058;9;;;;;55052.0;0.0
42;49600;ASH_COATED_OSMIUM;9992;25;9991;15;;;10008;23;10011;14;;;10000.0;0.0
42;49600;INTARIAN_PEPPER_ROOT;55044;12;55042;11;55039;11;55056;11;55057;12;55059;11;55050.5;0.0
42;49700;ASH_COATED_OSMIUM;9994;15;;;;;10004;14;;;;;9999.5;0.0
42;49700;INTARIAN_PEPPER_ROOT;55039;12;55036;8;;;55051;8;55052;11;;;55045.5;0.0
42;49800;ASH_COATED_OSMIUM;9994;10;;;;;10010;13;;;;;10002.5;0.0
42;49800;INTARIAN_PEPPER_ROOT;55046;11;;;;;55058;12;;;;;55052.0;0.0
42;49900;ASH_COATED_OSMIUM;9987;13;9984;13;9982;11;10005;26;10006;13;10008;4;9996.5;0.0
42;49900;INTARIAN_PEPPER_ROOT;55045;10;55042;10;;;55060;9;55063;11;;;55052.5;0.0
42;50000;ASH_COATED_OSMIUM;9989;12;9988;12;;;10005;28;10007;11;;;9997.5;0.0
42;50000;INTARIAN_PEPPER_ROOT;55047;8;55044;10;;;55057;24;55059;16;;;55052.5;0.0
42;50100;ASH_COATED_OSMIUM;9990;15;9988;11;;;10001;11;10004;11;;;9996.0;0.0
42;50100;INTARIAN_PEPPER_ROOT;55045;11;;;;;55056;11;;;;;55050.5;0.0
42;50200;ASH_COATED_OSMIUM;9988;10;;;;;10004;12;;;;;9996.0;0.0
42;50200;INTARIAN_PEPPER_ROOT;55042;10;;;;;55057;10;;;;;55050.0;0.0
42;50300;ASH_COATED_OSMIUM;9988;27;9985;10;;;10007;15;10010;20;;;9998.0;0.0
42;50300;INTARIAN_PEPPER_ROOT;55045;12;;;;;55059;8;;;;;55052.0;0.0
42;50400;ASH_COATED_OSMIUM;9984;11;9983;12;;;10000;5;10001;15;;;9992.5;0.0
42;50400;INTARIAN_PEPPER_ROOT;55046;12;55044;9;55042;17;55058;9;55060;21;55062;10;55052.5;0.0
42;50500;ASH_COATED_OSMIUM;9986;10;9985;14;;;10002;13;10003;15;;;9994.5;0.0
42;50500;INTARIAN_PEPPER_ROOT;55044;8;55041;12;;;55056;11;55057;12;;;55050.5;0.0
42;50600;ASH_COATED_OSMIUM;9987;15;9986;11;;;10003;10;10005;11;;;9995.5;0.0
42;50600;INTARIAN_PEPPER_ROOT;55047;23;55046;12;55045;12;55055;12;55057;21;55058;11;55051.5;0.0
42;50700;ASH_COATED_OSMIUM;9986;15;9983;15;9982;15;10002;15;10003;10;10006;11;9994.0;0.0
42;50700;INTARIAN_PEPPER_ROOT;55044;24;55042;11;;;55057;22;55059;10;;;55050.5;0.0
42;50800;ASH_COATED_OSMIUM;9980;12;;;;;9999;14;;;;;9990.0;0.0
42;50800;INTARIAN_PEPPER_ROOT;55045;11;55042;8;55040;8;55057;15;55058;12;55061;12;55051.0;0.0
42;50900;ASH_COATED_OSMIUM;9984;11;9982;24;;;10000;11;10001;11;;;9992.5;0.0
42;50900;INTARIAN_PEPPER_ROOT;55044;8;55042;11;;;55058;9;55059;10;;;55051.0;0.0
42;51000;ASH_COATED_OSMIUM;9993;11;9991;12;9988;12;10009;15;10010;12;10012;14;10001.0;0.0
42;51000;INTARIAN_PEPPER_ROOT;55042;8;55039;12;;;55055;8;55056;9;;;55048.5;0.0
42;51100;ASH_COATED_OSMIUM;9989;11;;;;;10005;4;;;;;9997.5;0.0
42;51100;INTARIAN_PEPPER_ROOT;55048;21;55045;9;;;55059;22;55060;11;;;55054.0;0.0
42;51200;ASH_COATED_OSMIUM;9988;10;9986;14;9983;13;10004;13;10007;13;10010;10;9996.5;0.0
42;51200;INTARIAN_PEPPER_ROOT;55045;11;55044;24;;;55059;12;55061;5;;;55052.0;0.0
42;51300;ASH_COATED_OSMIUM;9983;13;9981;12;9978;15;9991;10;9994;12;9997;4;9987.5;0.0
42;51300;INTARIAN_PEPPER_ROOT;55045;8;55044;8;;;55058;11;55061;10;;;55052.0;0.0
42;51400;ASH_COATED_OSMIUM;9988;13;;;;;10004;13;;;;;9996.5;0.0
42;51400;INTARIAN_PEPPER_ROOT;55043;10;55040;18;55037;25;55056;9;55057;12;55060;12;55050.0;0.0
42;51500;ASH_COATED_OSMIUM;9980;10;9978;30;9977;25;9999;26;10002;10;10003;14;9989.5;0.0
42;51500;INTARIAN_PEPPER_ROOT;55044;10;;;;;55058;8;;;;;55051.5;0.0
42;51600;ASH_COATED_OSMIUM;9982;11;9981;13;;;9998;14;9999;24;;;9990.5;0.0
42;51600;INTARIAN_PEPPER_ROOT;55046;10;55044;9;55042;8;55057;10;55060;8;55063;11;55052.0;0.0
42;51700;ASH_COATED_OSMIUM;9984;15;9983;12;9982;11;10000;13;10002;28;10004;12;9992.0;0.0
42;51700;INTARIAN_PEPPER_ROOT;55043;12;55040;8;;;55056;16;55059;8;;;55050.0;0.0
42;51800;ASH_COATED_OSMIUM;9991;13;9990;10;;;10007;15;10009;13;;;9999.0;0.0
42;51800;INTARIAN_PEPPER_ROOT;55047;12;55044;12;;;55062;8;55064;8;;;55054.5;0.0
42;51900;ASH_COATED_OSMIUM;9989;25;;;;;10005;25;;;;;9997.5;0.0
42;51900;INTARIAN_PEPPER_ROOT;55043;21;55040;8;;;55060;8;55061;10;;;55052.0;0.0
42;52000;ASH_COATED_OSMIUM;9989;11;9988;15;9986;12;10005;26;10007;22;10010;21;9997.0;0.0
42;52000;INTARIAN_PEPPER_ROOT;55047;12;;;;;55063;11;;;;;55055.5;0.0
42;52100;ASH_COATED_OSMIUM;9985;13;;;;;10004;12;;;;;9994.5;0.0
42;52100;INTARIAN_PEPPER_ROOT;55041;12;55040;22;;;55053;11;55056;9;;;55047.5;0.0
42;52200;ASH_COATED_OSMIUM;9990;12;;;;;10006;15;;;;;9998.5;0.0
42;52200;INTARIAN_PEPPER_ROOT;55044;9;55042;10;;;55059;11;55061;12;;;55052.0;0.0
42;52300;ASH_COATED_OSMIUM;9986;14;9983;13;;;10005;5;10007;11;;;9995.5;0.0
42;52300;INTARIAN_PEPPER_ROOT;55048;8;55046;12;;;55059;18;55060;10;;;55053.5;0.0
42;52400;ASH_COATED_OSMIUM;9990;9;;;;;10008;11;;;;;9999.5;0.0
42;52400;INTARIAN_PEPPER_ROOT;55048;25;;;;;55061;8;;;;;55054.5;0.0
42;52500;ASH_COATED_OSMIUM;9991;10;9990;14;;;10007;15;10008;11;;;9999.5;0.0
42;52500;INTARIAN_PEPPER_ROOT;55048;9;55046;11;55044;9;55061;8;55062;9;55064;10;55055.0;0.0
42;52600;ASH_COATED_OSMIUM;9991;5;9988;27;;;10007;29;10008;11;;;9999.5;0.0
42;52600;INTARIAN_PEPPER_ROOT;55050;18;;;;;55052;11;;;;;55051.0;0.0
42;52700;ASH_COATED_OSMIUM;9991;12;9989;10;;;10001;11;10002;20;;;9996.5;0.0
42;52700;INTARIAN_PEPPER_ROOT;55044;11;;;;;55058;9;;;;;55051.5;0.0
42;52800;ASH_COATED_OSMIUM;9987;15;9984;11;9983;11;10003;13;10004;10;10006;12;9995.5;0.0
42;52800;INTARIAN_PEPPER_ROOT;55048;9;55046;11;55043;11;55061;8;55064;10;55067;8;55055.0;0.0
42;52900;ASH_COATED_OSMIUM;9980;11;9977;12;;;9999;14;10002;14;;;9990.0;0.0
42;52900;INTARIAN_PEPPER_ROOT;55045;10;55043;9;;;55059;10;55061;12;;;55052.0;0.0
42;53000;ASH_COATED_OSMIUM;9980;24;9977;11;9974;12;9996;14;9998;28;10000;22;9988.0;0.0
42;53000;INTARIAN_PEPPER_ROOT;55041;25;55040;12;;;55058;8;55060;12;;;55049.5;0.0
42;53100;ASH_COATED_OSMIUM;9990;26;9987;15;9986;15;10006;10;10008;12;10009;15;9998.5;0.0
42;53100;INTARIAN_PEPPER_ROOT;55044;10;55041;8;55038;8;55057;19;55059;23;55062;9;55050.5;0.0
42;53200;ASH_COATED_OSMIUM;9985;10;9982;14;9981;12;10001;10;10003;22;10005;15;9993.0;0.0
42;53200;INTARIAN_PEPPER_ROOT;55044;11;55041;9;;;55059;9;55060;8;;;55052.0;0.0
42;53300;ASH_COATED_OSMIUM;9985;11;9983;12;;;10003;14;10004;25;;;9994.0;0.0
42;53300;INTARIAN_PEPPER_ROOT;55044;11;55042;11;;;55058;8;55059;10;;;55051.0;0.0
42;53400;ASH_COATED_OSMIUM;9984;13;9981;12;;;10003;13;10005;14;;;9994.0;0.0
42;53400;INTARIAN_PEPPER_ROOT;55045;9;55042;10;;;55060;9;55062;12;;;55052.5;0.0
42;53500;ASH_COATED_OSMIUM;9984;14;9982;10;;;10003;27;10005;10;;;9994.0;0.0
42;53500;INTARIAN_PEPPER_ROOT;55048;12;55046;8;55043;9;55062;11;55063;8;55064;10;55055.5;0.0
42;53600;ASH_COATED_OSMIUM;9990;13;;;;;10006;10;;;;;9998.5;0.0
42;53600;INTARIAN_PEPPER_ROOT;55052;9;55051;9;55049;12;55064;12;55065;16;55067;12;55058.0;0.0
42;53700;ASH_COATED_OSMIUM;9992;14;9991;13;;;10011;10;10014;12;;;10002.0;0.0
42;53700;INTARIAN_PEPPER_ROOT;55048;9;55045;11;;;55062;10;55065;10;;;55055.0;0.0
42;53800;ASH_COATED_OSMIUM;9995;11;9993;14;9990;13;10013;12;10014;28;10015;10;10004.5;0.0
42;53800;INTARIAN_PEPPER_ROOT;55046;11;55045;12;;;55060;16;55061;15;;;55053.0;0.0
42;53900;ASH_COATED_OSMIUM;9997;14;9994;22;;;10015;10;10017;14;;;10006.0;0.0
42;53900;INTARIAN_PEPPER_ROOT;55045;10;;;;;55059;20;;;;;55052.5;0.0
42;54000;ASH_COATED_OSMIUM;9996;12;9995;10;;;10012;13;10013;12;;;10004.0;0.0
42;54000;INTARIAN_PEPPER_ROOT;55047;8;55046;10;55045;18;55062;8;55063;12;55066;8;55054.5;0.0
42;54100;ASH_COATED_OSMIUM;9999;10;9996;10;;;10015;13;10016;11;;;10007.5;0.0
42;54100;INTARIAN_PEPPER_ROOT;55049;12;55047;12;;;55065;9;55067;10;;;55057.0;0.0
42;54200;ASH_COATED_OSMIUM;10000;27;9997;13;9994;28;10016;15;10017;12;10020;20;10008.0;0.0
42;54200;INTARIAN_PEPPER_ROOT;55050;9;55048;12;;;55064;8;55065;12;;;55057.5;0.0
42;54300;ASH_COATED_OSMIUM;10000;12;;;;;10016;21;;;;;10008.0;0.0
42;54300;INTARIAN_PEPPER_ROOT;55044;12;55043;8;55040;9;55057;11;55059;5;55061;23;55051.0;0.0
42;54400;ASH_COATED_OSMIUM;9997;11;9996;11;;;10013;15;10015;14;;;10005.5;0.0
42;54400;INTARIAN_PEPPER_ROOT;55049;11;;;;;55061;22;;;;;55055.5;0.0
42;54500;ASH_COATED_OSMIUM;9994;14;9992;15;9991;10;10010;13;10013;12;10015;15;10002.0;0.0
42;54500;INTARIAN_PEPPER_ROOT;55044;11;55041;9;55038;9;55057;9;55059;8;55062;12;55050.5;0.0
42;54600;ASH_COATED_OSMIUM;10002;12;9999;10;;;10008;30;10009;22;;;10005.5;0.0
42;54600;INTARIAN_PEPPER_ROOT;55045;10;55043;9;;;55059;12;55062;9;;;55052.0;0.0
42;54700;ASH_COATED_OSMIUM;9997;14;9995;27;;;10015;4;10016;14;;;10006.0;0.0
42;54700;INTARIAN_PEPPER_ROOT;55045;10;;;;;55059;12;;;;;55052.0;0.0
42;54800;ASH_COATED_OSMIUM;9998;11;9996;3;;;10014;13;10016;14;;;10006.0;0.0
42;54800;INTARIAN_PEPPER_ROOT;55045;21;55042;11;;;55061;10;55062;12;;;55053.5;0.0
42;54900;ASH_COATED_OSMIUM;10000;10;9998;26;;;10016;14;10018;14;;;10008.0;0.0
42;54900;INTARIAN_PEPPER_ROOT;55053;9;55051;15;;;55067;10;55070;8;;;55060.0;0.0
42;55000;ASH_COATED_OSMIUM;10004;13;10001;10;;;10020;13;10021;12;;;10012.0;0.0
42;55000;INTARIAN_PEPPER_ROOT;55046;8;55044;12;55041;9;55057;9;55058;10;55059;12;55052.0;0.0
42;55100;ASH_COATED_OSMIUM;9996;10;9993;14;9992;15;10012;30;10014;10;10016;23;10004.5;0.0
42;55100;INTARIAN_PEPPER_ROOT;55049;10;;;;;55062;12;;;;;55055.5;0.0
42;55200;ASH_COATED_OSMIUM;9999;13;9996;12;;;10015;13;10016;10;;;10007.5;0.0
42;55200;INTARIAN_PEPPER_ROOT;55048;8;;;;;55062;11;;;;;55055.5;0.0
42;55300;ASH_COATED_OSMIUM;9996;13;;;;;10014;11;;;;;10005.0;0.0
42;55300;INTARIAN_PEPPER_ROOT;55052;9;55049;12;;;55065;9;55066;20;;;55058.5;0.0
42;55400;ASH_COATED_OSMIUM;9985;7;9982;10;;;10001;11;10003;13;;;9993.5;0.0
42;55400;INTARIAN_PEPPER_ROOT;55049;10;;;;;55062;10;;;;;55055.5;0.0
42;55500;ASH_COATED_OSMIUM;9989;5;9986;10;;;10008;13;10010;11;;;9998.5;0.0
42;55500;INTARIAN_PEPPER_ROOT;55049;12;55048;9;;;55065;12;55066;15;;;55057.0;0.0
42;55600;ASH_COATED_OSMIUM;9992;24;9989;12;;;10008;14;10011;12;;;10000.5;0.0
42;55600;INTARIAN_PEPPER_ROOT;55053;11;55050;25;;;55067;8;55069;8;;;55060.5;0.0
42;55700;ASH_COATED_OSMIUM;9990;13;9989;11;9988;15;10006;12;10008;11;10011;12;9998.5;0.0
42;55700;INTARIAN_PEPPER_ROOT;55050;9;55047;10;55045;12;55062;17;55065;12;55066;8;55056.5;0.0
42;55800;ASH_COATED_OSMIUM;9992;12;9991;11;9990;13;10008;11;10010;2;10013;10;10000.5;0.0
42;55800;INTARIAN_PEPPER_ROOT;55045;10;55044;25;;;55057;12;55060;12;;;55051.0;0.0
42;55900;ASH_COATED_OSMIUM;9991;11;;;;;10007;15;;;;;9999.5;0.0
42;55900;INTARIAN_PEPPER_ROOT;55051;12;55048;12;55047;8;55062;12;55065;9;55066;9;55057.0;0.0
42;56000;ASH_COATED_OSMIUM;9996;21;;;;;10014;11;;;;;10005.5;0.0
42;56000;INTARIAN_PEPPER_ROOT;55052;11;;;;;55064;10;;;;;55058.5;0.0
42;56100;ASH_COATED_OSMIUM;9999;25;9998;13;;;10015;11;10016;11;;;10007.0;0.0
42;56100;INTARIAN_PEPPER_ROOT;55048;9;;;;;55062;25;;;;;55055.5;0.0
42;56200;ASH_COATED_OSMIUM;9996;14;9994;14;;;10012;14;10013;13;;;10004.5;0.0
42;56200;INTARIAN_PEPPER_ROOT;55051;9;55048;8;55045;10;55062;10;55063;10;55066;11;55057.0;0.0
42;56300;ASH_COATED_OSMIUM;9996;14;;;;;10012;12;;;;;10004.0;0.0
42;56300;INTARIAN_PEPPER_ROOT;55046;23;;;;;55062;10;;;;;55054.0;0.0
42;56400;ASH_COATED_OSMIUM;9987;9;;;;;10004;14;;;;;9996.0;0.0
42;56400;INTARIAN_PEPPER_ROOT;55048;12;;;;;55060;10;;;;;55054.0;0.0
42;56500;ASH_COATED_OSMIUM;9989;14;9987;13;;;10005;12;10007;23;;;9997.5;0.0
42;56500;INTARIAN_PEPPER_ROOT;55054;25;;;;;55057;12;;;;;55056.0;0.0
42;56600;ASH_COATED_OSMIUM;9986;26;9983;10;;;10002;25;10005;14;;;9994.5;0.0
42;56600;INTARIAN_PEPPER_ROOT;55050;20;;;;;55064;12;;;;;55057.0;0.0
42;56700;ASH_COATED_OSMIUM;9986;15;9984;10;;;10002;13;10004;10;;;9994.0;0.0
42;56700;INTARIAN_PEPPER_ROOT;55047;11;55046;8;55043;12;55058;12;55061;22;55063;12;55052.5;0.0
42;56800;ASH_COATED_OSMIUM;9987;14;9986;10;;;10005;13;10006;12;;;9996.0;0.0
42;56800;INTARIAN_PEPPER_ROOT;55049;25;55046;24;55044;12;55064;8;55067;9;55068;10;55057.0;0.0
42;56900;ASH_COATED_OSMIUM;9986;13;9985;15;9983;12;10002;11;10003;30;10005;13;9994.5;0.0
42;56900;INTARIAN_PEPPER_ROOT;55046;10;55044;11;55041;8;55063;11;55065;8;55066;12;55055.0;0.0
42;57000;ASH_COATED_OSMIUM;9983;30;;;;;9999;12;;;;;9991.5;0.0
42;57000;INTARIAN_PEPPER_ROOT;55049;9;55047;9;;;55062;11;55065;12;;;55056.0;0.0
42;57100;ASH_COATED_OSMIUM;9986;25;;;;;10002;24;;;;;9994.0;0.0
42;57100;INTARIAN_PEPPER_ROOT;55049;8;55046;8;55044;9;55062;12;55063;10;55065;11;55055.5;0.0
42;57200;ASH_COATED_OSMIUM;9991;22;9988;15;;;9997;12;10000;27;;;9994.0;0.0
42;57200;INTARIAN_PEPPER_ROOT;55055;18;55054;10;;;55068;11;55069;11;;;55061.5;0.0
42;57300;ASH_COATED_OSMIUM;9986;14;9983;27;;;10002;30;10003;11;;;9994.0;0.0
42;57300;INTARIAN_PEPPER_ROOT;55051;11;55050;9;;;55063;24;55066;9;;;55057.0;0.0
42;57400;ASH_COATED_OSMIUM;9983;13;9980;14;;;9999;12;10001;13;;;9991.5;0.0
42;57400;INTARIAN_PEPPER_ROOT;55055;12;55053;11;;;55057;10;55058;11;;;55056.5;0.0
42;57500;ASH_COATED_OSMIUM;9986;15;9985;22;;;9997;15;9998;26;;;9992.0;0.0
42;57500;INTARIAN_PEPPER_ROOT;55050;8;55048;11;;;55062;9;55065;10;;;55056.0;0.0
42;57600;ASH_COATED_OSMIUM;9981;13;9978;10;;;10000;15;10003;12;;;9990.5;0.0
42;57600;INTARIAN_PEPPER_ROOT;55052;10;55050;10;;;55066;9;55067;11;;;55059.5;0.0
42;57700;ASH_COATED_OSMIUM;9988;13;;;;;10004;23;;;;;9996.5;0.0
42;57700;INTARIAN_PEPPER_ROOT;55053;9;;;;;55065;8;;;;;55059.0;0.0
42;57800;ASH_COATED_OSMIUM;9992;11;9990;12;9988;20;10010;22;10012;11;10014;15;10001.0;0.0
42;57800;INTARIAN_PEPPER_ROOT;55051;16;55050;8;;;55063;11;55066;9;;;55057.0;0.0
42;57900;ASH_COATED_OSMIUM;9993;15;;;;;10009;14;;;;;10001.5;0.0
42;57900;INTARIAN_PEPPER_ROOT;55052;8;;;;;55065;8;;;;;55058.5;0.0
42;58000;ASH_COATED_OSMIUM;9994;13;9993;25;;;10010;25;10012;10;;;10002.0;0.0
42;58000;INTARIAN_PEPPER_ROOT;55056;10;;;;;55067;12;;;;;55062.0;0.0
42;58100;ASH_COATED_OSMIUM;9993;15;9991;13;;;10009;12;10011;12;;;10001.5;0.0
42;58100;INTARIAN_PEPPER_ROOT;55048;9;55047;10;55045;19;55062;12;55065;12;55067;10;55055.0;0.0
42;58200;ASH_COATED_OSMIUM;9995;13;9994;12;;;10013;14;10015;11;;;10004.5;0.0
42;58200;INTARIAN_PEPPER_ROOT;55052;11;55049;20;;;55068;8;55070;12;;;55060.5;0.0
42;58300;ASH_COATED_OSMIUM;9997;23;9996;12;9993;13;10013;25;10014;15;10016;15;10005.0;0.0
42;58300;INTARIAN_PEPPER_ROOT;55055;8;;;;;55068;10;;;;;55061.5;0.0
42;58400;ASH_COATED_OSMIUM;9995;10;9994;12;;;10011;10;10013;15;;;10003.0;0.0
42;58400;INTARIAN_PEPPER_ROOT;55055;18;;;;;55066;10;;;;;55060.5;0.0
42;58500;ASH_COATED_OSMIUM;9991;10;;;;;10007;13;;;;;9999.5;0.0
42;58500;INTARIAN_PEPPER_ROOT;55052;11;;;;;55066;12;;;;;55059.5;0.0
42;58600;ASH_COATED_OSMIUM;9992;12;;;;;10008;25;;;;;10000.5;0.0
42;58600;INTARIAN_PEPPER_ROOT;55054;12;55052;12;55050;10;55066;9;55069;12;55072;12;55060.0;0.0
42;58700;ASH_COATED_OSMIUM;9989;13;;;;;10005;12;;;;;9997.0;0.0
42;58700;INTARIAN_PEPPER_ROOT;55054;10;;;;;55070;8;;;;;55062.5;0.0
42;58800;ASH_COATED_OSMIUM;9987;15;;;;;10003;11;;;;;9995.0;0.0
42;58800;INTARIAN_PEPPER_ROOT;55059;8;;;;;55064;8;;;;;55061.5;0.0
42;58900;ASH_COATED_OSMIUM;9987;12;;;;;10003;24;;;;;9995.0;0.0
42;58900;INTARIAN_PEPPER_ROOT;55055;8;55054;11;;;55067;10;55070;12;;;55061.0;0.0
42;59000;ASH_COATED_OSMIUM;9990;20;;;;;10006;15;;;;;9998.5;0.0
42;59000;INTARIAN_PEPPER_ROOT;55050;12;55047;12;;;55066;11;55069;12;;;55058.0;0.0
42;59100;ASH_COATED_OSMIUM;9990;29;;;;;10009;10;;;;;9999.5;0.0
42;59100;INTARIAN_PEPPER_ROOT;55050;24;55049;12;;;55063;11;55065;8;;;55057.0;0.0
42;59200;ASH_COATED_OSMIUM;9992;15;9989;11;;;10008;13;10011;11;;;10000.0;0.0
42;59200;INTARIAN_PEPPER_ROOT;55053;8;55050;11;;;55062;12;55065;10;;;55058.0;0.0
42;59300;ASH_COATED_OSMIUM;10003;15;10002;26;10000;12;10014;10;10015;13;10017;11;10008.5;0.0
42;59300;INTARIAN_PEPPER_ROOT;55048;9;55045;12;55043;10;55059;11;55062;9;55063;21;55054.0;0.0
42;59400;ASH_COATED_OSMIUM;10003;23;10001;14;9999;12;10019;5;10020;11;10021;20;10011.5;0.0
42;59400;INTARIAN_PEPPER_ROOT;55057;10;55056;8;55054;11;55068;11;55069;10;55071;12;55063.0;0.0
42;59500;ASH_COATED_OSMIUM;10000;14;;;;;10016;29;;;;;10008.0;0.0
42;59500;INTARIAN_PEPPER_ROOT;55052;9;55050;10;55048;9;55069;11;55071;10;55074;8;55061.0;0.0
42;59600;ASH_COATED_OSMIUM;9998;15;9995;10;;;10011;13;10014;11;;;10004.5;0.0
42;59600;INTARIAN_PEPPER_ROOT;55053;10;55052;9;;;55067;8;55068;15;;;55060.0;0.0
42;59700;ASH_COATED_OSMIUM;10000;15;;;;;10012;13;;;;;10006.0;0.0
42;59700;INTARIAN_PEPPER_ROOT;55049;11;;;;;55065;23;;;;;55057.5;0.0
42;59800;ASH_COATED_OSMIUM;9996;14;9994;10;9993;23;10012;10;10014;13;10016;14;10004.5;0.0
42;59800;INTARIAN_PEPPER_ROOT;55055;8;;;;;55068;17;;;;;55062.0;0.0
42;59900;ASH_COATED_OSMIUM;9995;13;;;;;10011;14;;;;;10003.5;0.0
42;59900;INTARIAN_PEPPER_ROOT;55054;11;55051;10;55049;20;55065;10;55066;22;55069;10;55060.0;0.0
42;60000;ASH_COATED_OSMIUM;9993;13;9990;14;9988;13;10009;11;10011;11;10014;11;10001.5;0.0
42;60000;INTARIAN_PEPPER_ROOT;55055;12;55052;8;55051;12;55069;10;55070;12;55073;10;55062.5;0.0
42;60100;ASH_COATED_OSMIUM;9989;10;9986;10;;;10008;14;10010;20;;;9998.5;0.0
42;60100;INTARIAN_PEPPER_ROOT;55059;12;55058;12;55056;11;55070;12;55073;11;55074;19;55064.5;0.0
42;60200;ASH_COATED_OSMIUM;9989;28;9986;12;9983;10;10005;14;10006;14;10008;10;9997.5;0.0
42;60200;INTARIAN_PEPPER_ROOT;55052;9;55050;8;;;55066;9;55067;9;;;55059.5;0.0
42;60300;ASH_COATED_OSMIUM;9992;13;9990;14;9987;27;10008;11;10011;23;10013;13;10000.0;0.0
42;60300;INTARIAN_PEPPER_ROOT;55056;12;55054;12;;;55068;9;55071;11;;;55062.0;0.0
42;60400;ASH_COATED_OSMIUM;9994;29;9991;11;9988;13;10005;15;10006;11;10009;29;9999.5;0.0
42;60400;INTARIAN_PEPPER_ROOT;55056;20;55053;10;55050;10;55068;10;55071;8;55074;9;55062.5;0.0
42;60500;ASH_COATED_OSMIUM;9995;10;;;;;10011;13;;;;;10003.5;0.0
42;60500;INTARIAN_PEPPER_ROOT;55053;9;55050;7;55047;9;55066;24;55067;10;55068;19;55060.0;0.0
42;60600;ASH_COATED_OSMIUM;9995;11;;;;;10011;14;;;;;10003.0;0.0
42;60600;INTARIAN_PEPPER_ROOT;55058;9;55056;21;;;55061;11;55062;11;;;55060.0;0.0
42;60700;ASH_COATED_OSMIUM;9991;13;9988;13;9985;15;10012;14;10013;10;10016;14;10002.0;0.0
42;60700;INTARIAN_PEPPER_ROOT;55053;8;55050;12;;;55065;10;55067;8;;;55059.0;0.0
42;60800;ASH_COATED_OSMIUM;9994;12;9993;15;;;10012;28;10013;13;;;10003.0;0.0
42;60800;INTARIAN_PEPPER_ROOT;55058;10;55055;8;;;55069;22;55072;12;;;55064.0;0.0
42;60900;ASH_COATED_OSMIUM;9997;12;;;;;10013;11;;;;;10005.5;0.0
42;60900;INTARIAN_PEPPER_ROOT;55060;12;;;;;55073;9;;;;;55067.0;0.0
42;61000;ASH_COATED_OSMIUM;9996;12;9994;28;;;10014;5;10016;15;;;10005.0;0.0
42;61000;INTARIAN_PEPPER_ROOT;55054;10;55053;12;;;55070;9;55072;11;;;55062.0;0.0
42;61100;ASH_COATED_OSMIUM;10005;12;10003;15;;;10021;28;10022;15;;;10013.5;0.0
42;61100;INTARIAN_PEPPER_ROOT;55054;10;55053;3;55050;8;55068;8;55071;8;55072;8;55061.5;0.0
42;61200;ASH_COATED_OSMIUM;10006;13;10003;15;;;10022;11;10025;13;;;10014.0;0.0
42;61200;INTARIAN_PEPPER_ROOT;55059;8;;;;;55070;9;;;;;55065.0;0.0
42;61300;ASH_COATED_OSMIUM;10001;15;9999;15;;;10017;13;10020;14;;;10009.5;0.0
42;61300;INTARIAN_PEPPER_ROOT;55054;10;55052;8;;;55067;15;55069;8;;;55060.5;0.0
42;61400;ASH_COATED_OSMIUM;9999;11;;;;;10015;11;;;;;10007.0;0.0
42;61400;INTARIAN_PEPPER_ROOT;55057;10;55056;10;;;55068;12;55069;12;;;55062.5;0.0
42;61500;ASH_COATED_OSMIUM;10000;12;9999;5;9996;14;10016;10;10018;13;10019;24;10008.0;0.0
42;61500;INTARIAN_PEPPER_ROOT;55056;16;55053;10;55052;9;55066;10;55068;9;55069;11;55061.0;0.0
42;61600;ASH_COATED_OSMIUM;9997;20;;;;;10013;12;;;;;10005.0;0.0
42;61600;INTARIAN_PEPPER_ROOT;55053;12;55051;12;;;55067;9;55070;11;;;55060.5;0.0
42;61700;ASH_COATED_OSMIUM;9998;11;9997;11;9994;15;10017;14;10018;15;10019;23;10007.5;0.0
42;61700;INTARIAN_PEPPER_ROOT;55056;3;55053;9;55051;20;55070;8;55072;10;55075;8;55063.5;0.0
42;61800;ASH_COATED_OSMIUM;9994;15;;;;;10010;15;;;;;10002.0;0.0
42;61800;INTARIAN_PEPPER_ROOT;55056;11;55054;19;;;55069;11;55070;9;;;55063.0;0.0
42;61900;ASH_COATED_OSMIUM;9995;15;;;;;10011;25;;;;;10003.0;0.0
42;61900;INTARIAN_PEPPER_ROOT;55053;9;55050;8;55048;9;55066;12;55069;8;55070;12;55060.0;0.0
42;62000;ASH_COATED_OSMIUM;9996;14;9993;10;9991;14;10007;11;10008;14;10010;12;10001.5;0.0
42;62000;INTARIAN_PEPPER_ROOT;55053;10;55050;11;;;55065;17;55068;10;;;55059.5;0.0
42;62100;ASH_COATED_OSMIUM;9999;11;;;;;10017;11;;;;;10008.0;0.0
42;62100;INTARIAN_PEPPER_ROOT;55053;9;55052;10;55049;12;55070;20;55073;8;55074;11;55061.5;0.0
42;62200;ASH_COATED_OSMIUM;10005;13;10002;13;;;10021;15;10024;15;;;10013.5;0.0
42;62200;INTARIAN_PEPPER_ROOT;55057;12;;;;;55071;24;;;;;55064.5;0.0
42;62300;ASH_COATED_OSMIUM;10004;13;10003;14;10000;11;10020;14;10021;14;10022;12;10012.0;0.0
42;62300;INTARIAN_PEPPER_ROOT;55056;11;55055;9;;;55069;8;55072;4;;;55063.0;0.0
42;62400;ASH_COATED_OSMIUM;9998;11;9995;10;;;10015;23;10016;11;;;10006.5;0.0
42;62400;INTARIAN_PEPPER_ROOT;55052;11;;;;;55068;19;;;;;55060.0;0.0
42;62500;ASH_COATED_OSMIUM;9998;12;9995;13;;;10014;3;10017;26;;;10006.0;0.0
42;62500;INTARIAN_PEPPER_ROOT;55058;10;55055;11;55054;9;55072;15;55074;18;55076;9;55065.5;0.0
42;62600;ASH_COATED_OSMIUM;9998;12;9996;2;;;10014;13;10016;12;;;10006.5;0.0
42;62600;INTARIAN_PEPPER_ROOT;55055;8;55052;10;;;55067;12;55070;8;;;55061.0;0.0
42;62700;ASH_COATED_OSMIUM;9996;14;;;;;10012;14;;;;;10004.0;0.0
42;62700;INTARIAN_PEPPER_ROOT;55059;8;55057;10;;;55071;12;55072;9;;;55065.0;0.0
42;62800;ASH_COATED_OSMIUM;10003;10;10001;30;;;10019;14;10022;10;;;10011.0;0.0
42;62800;INTARIAN_PEPPER_ROOT;55058;19;55056;8;;;55069;12;55071;11;;;55063.5;0.0
42;62900;ASH_COATED_OSMIUM;10003;15;10002;25;;;10019;15;10022;14;;;10011.5;0.0
42;62900;INTARIAN_PEPPER_ROOT;55054;10;55052;8;55050;10;55066;8;55067;16;55069;10;55060.5;0.0
42;63000;ASH_COATED_OSMIUM;9999;11;;;;;10015;12;;;;;10007.5;0.0
42;63000;INTARIAN_PEPPER_ROOT;55056;12;55054;10;55051;20;55070;9;55071;10;55073;12;55063.5;0.0
42;63100;ASH_COATED_OSMIUM;9996;13;;;;;10012;14;;;;;10004.0;0.0
42;63100;INTARIAN_PEPPER_ROOT;55055;11;55053;8;55051;12;55075;12;55078;12;55081;12;55065.5;0.0
42;63200;ASH_COATED_OSMIUM;9998;20;9995;20;;;10014;14;10015;13;;;10006.0;0.0
42;63200;INTARIAN_PEPPER_ROOT;55055;9;;;;;55067;24;;;;;55061.5;0.0
42;63300;ASH_COATED_OSMIUM;9995;22;;;;;10011;10;;;;;10003.0;0.0
42;63300;INTARIAN_PEPPER_ROOT;55053;11;55052;9;;;55070;9;55072;10;;;55061.5;0.0
42;63400;ASH_COATED_OSMIUM;9993;13;9991;12;9988;28;10012;13;10015;11;10017;11;10002.5;0.0
42;63400;INTARIAN_PEPPER_ROOT;55059;15;;;;;55072;9;;;;;55065.5;0.0
42;63500;ASH_COATED_OSMIUM;9998;10;;;;;10014;13;;;;;10006.5;0.0
42;63500;INTARIAN_PEPPER_ROOT;55056;11;55053;11;;;55068;11;55069;9;;;55062.5;0.0
42;63600;ASH_COATED_OSMIUM;9992;15;9991;11;9989;13;10008;21;10010;10;10012;14;10000.0;0.0
42;63600;INTARIAN_PEPPER_ROOT;55058;9;;;;;55071;12;;;;;55065.0;0.0
42;63700;ASH_COATED_OSMIUM;9995;13;;;;;10011;11;;;;;10003.5;0.0
42;63700;INTARIAN_PEPPER_ROOT;55060;10;55059;10;55056;12;55072;11;55073;8;55074;10;55066.5;0.0
42;63800;ASH_COATED_OSMIUM;10000;20;9997;10;;;10016;26;10017;13;;;10008.0;0.0
42;63800;INTARIAN_PEPPER_ROOT;55058;12;55057;11;;;55072;12;55073;10;;;55065.5;0.0
42;63900;ASH_COATED_OSMIUM;9994;20;;;;;10010;27;;;;;10002.5;0.0
