day;timestamp;product;bid_price_1;bid_volume_1;bid_price_2;bid_volume_2;bid_price_3;bid_volume_3;ask_price_1;ask_volume_1;ask_price_2;ask_volume_2;ask_price_3;ask_volume_3;mid_price;profit_and_loss
27;0;ASH_COATED_OSMIUM;10001;13;9999;10;9997;15;10019;23;10022;14;10025;11;10010.0;0.0
27;0;INTARIAN_PEPPER_ROOT;39993;8;39992;12;;;40005;22;40006;10;;;39999.0;0.0
27;100;ASH_COATED_OSMIUM;9996;11;9995;13;;;10012;14;10013;30;;;10004.0;0.0
27;100;INTARIAN_PEPPER_ROOT;39998;9;;;;;40010;8;;;;;40004.5;0.0
27;200;ASH_COATED_OSMIUM;9993;12;9991;12;;;10009;11;10011;13;;;10001.5;0.0
27;200;INTARIAN_PEPPER_ROOT;39992;25;39991;8;;;40007;8;40009;9;;;39999.5;0.0
27;300;ASH_COATED_OSMIUM;9994;22;;;;;10010;11;;;;;10002.5;0.0
27;300;INTARIAN_PEPPER_ROOT;39993;6;;;;;40004;22;;;;;39998.5;0.0
27;400;ASH_COATED_OSMIUM;9995;13;9992;13;;;10011;10;10013;14;;;10003.5;0.0
27;400;INTARIAN_PEPPER_ROOT;39993;12;39992;8;39989;8;40005;8;40008;8;40011;9;39999.0;0.0
27;500;ASH_COATED_OSMIUM;9993;26;;;;;10009;14;;;;;10001.5;0.0
27;500;INTARIAN_PEPPER_ROOT;40000;9;;;;;40012;10;;;;;40006.0;0.0
27;600;ASH_COATED_OSMIUM;9998;14;;;;;10004;13;;;;;10001.0;0.0
27;600;INTARIAN_PEPPER_ROOT;39998;12;;;;;40010;11;;;;;40004.0;0.0
27;700;ASH_COATED_OSMIUM;9993;12;;;;;10009;10;;;;;10001.5;0.0
27;700;INTARIAN_PEPPER_ROOT;39994;7;;;;;40011;17;;;;;40003.0;0.0
27;800;ASH_COATED_OSMIUM;9992;10;9990;23;9987;10;10008;11;10009;20;10010;10;10000.0;0.0
27;800;INTARIAN_PEPPER_ROOT;39996;11;39993;12;;;40010;12;40012;9;;;40003.5;0.0
27;900;ASH_COATED_OSMIUM;9992;15;;;;;10008;10;;;;;10000.0;0.0
27;900;INTARIAN_PEPPER_ROOT;39998;10;39996;11;;;40011;10;40014;11;;;40004.5;0.0
27;1000;ASH_COATED_OSMIUM;9991;14;9990;13;;;10000;13;10003;26;;;9995.5;0.0
27;1000;INTARIAN_PEPPER_ROOT;39993;12;39990;9;39989;9;40006;11;40007;8;40010;10;39999.5;0.0
27;1100;ASH_COATED_OSMIUM;9990;10;9987;10;;;10011;13;10013;11;;;10001.0;0.0
27;1100;INTARIAN_PEPPER_ROOT;39994;11;39991;11;;;40006;9;40007;11;;;40000.0;0.0
27;1200;ASH_COATED_OSMIUM;9990;15;;;;;10006;10;;;;;9998.0;0.0
27;1200;INTARIAN_PEPPER_ROOT;39997;12;39994;12;39992;9;40009;9;40010;11;40012;10;40003.0;0.0
27;1300;ASH_COATED_OSMIUM;9986;10;9985;13;;;10005;10;10007;12;;;9996.0;0.0
27;1300;INTARIAN_PEPPER_ROOT;39996;10;;;;;40009;17;;;;;40003.0;0.0
27;1400;ASH_COATED_OSMIUM;9988;10;9985;27;;;10004;15;10007;11;;;9996.0;0.0
27;1400;INTARIAN_PEPPER_ROOT;40001;10;39998;8;;;40003;8;40006;8;;;40002.0;0.0
27;1500;ASH_COATED_OSMIUM;9993;12;9990;2;;;10009;22;10012;11;;;10001.5;0.0
27;1500;INTARIAN_PEPPER_ROOT;40000;9;;;;;40012;9;;;;;40006.0;0.0
27;1600;ASH_COATED_OSMIUM;9993;12;9991;11;;;10012;15;10015;13;;;10002.5;0.0
27;1600;INTARIAN_PEPPER_ROOT;39995;10;39994;9;;;40008;9;40011;11;;;40001.5;0.0
27;1700;ASH_COATED_OSMIUM;9998;14;9997;12;;;10007;28;10008;12;;;10002.5;0.0
27;1700;INTARIAN_PEPPER_ROOT;39993;10;39990;12;39988;9;40005;8;40006;8;40009;8;39999.5;0.0
27;1800;ASH_COATED_OSMIUM;9995;21;;;;;10011;11;;;;;10003.5;0.0
27;1800;INTARIAN_PEPPER_ROOT;39993;8;39992;9;;;40009;8;40010;12;;;40001.0;0.0
27;1900;ASH_COATED_OSMIUM;9994;10;9993;11;;;10015;15;10017;28;;;10005.0;0.0
27;1900;INTARIAN_PEPPER_ROOT;39993;10;;;;;40004;10;;;;;39998.5;0.0
27;2000;ASH_COATED_OSMIUM;9997;12;9994;10;;;10013;10;10015;14;;;10005.0;0.0
27;2000;INTARIAN_PEPPER_ROOT;39992;9;39991;18;39989;10;40009;25;40010;12;40011;11;40000.5;0.0
27;2100;ASH_COATED_OSMIUM;9995;11;9992;12;;;10008;3;10009;10;;;10001.5;0.0
27;2100;INTARIAN_PEPPER_ROOT;39997;8;39995;8;39992;8;40009;16;40012;9;40014;8;40003.0;0.0
27;2200;ASH_COATED_OSMIUM;9991;13;9990;12;9989;11;9997;11;9999;11;10001;13;9994.0;0.0
27;2200;INTARIAN_PEPPER_ROOT;39992;12;;;;;40004;16;;;;;39998.0;0.0
27;2300;ASH_COATED_OSMIUM;9984;14;9981;15;;;10000;13;10001;22;;;9992.5;0.0
27;2300;INTARIAN_PEPPER_ROOT;39996;11;39993;12;;;40007;12;40008;12;;;40002.0;0.0
27;2400;ASH_COATED_OSMIUM;9985;15;9984;13;9981;14;10003;20;10005;13;10008;21;9994.5;0.0
27;2400;INTARIAN_PEPPER_ROOT;39995;9;39994;24;;;40008;12;40009;8;;;40002.0;0.0
27;2500;ASH_COATED_OSMIUM;9990;15;9987;15;9986;15;10008;14;10011;14;10014;10;9999.0;0.0
27;2500;INTARIAN_PEPPER_ROOT;39996;11;39994;10;39991;10;40007;12;40010;9;40013;3;40002.0;0.0
27;2600;ASH_COATED_OSMIUM;9987;4;9986;14;9985;15;10006;12;10008;23;10009;14;9996.5;0.0
27;2600;INTARIAN_PEPPER_ROOT;39995;12;;;;;40008;11;;;;;40001.5;0.0
27;2700;ASH_COATED_OSMIUM;9993;9;9992;15;;;10009;13;10011;10;;;10001.5;0.0
27;2700;INTARIAN_PEPPER_ROOT;39999;11;39998;10;39996;12;40010;9;40012;9;40014;15;40004.5;0.0
27;2800;ASH_COATED_OSMIUM;9988;14;9986;23;9985;11;10004;15;10006;10;10009;11;9996.0;0.0
27;2800;INTARIAN_PEPPER_ROOT;39995;12;39992;11;39991;9;40010;11;40013;16;40016;11;40002.5;0.0
27;2900;ASH_COATED_OSMIUM;9992;13;;;;;10008;12;;;;;10000.0;0.0
27;2900;INTARIAN_PEPPER_ROOT;40000;10;;;;;40005;11;;;;;40002.5;0.0
27;3000;ASH_COATED_OSMIUM;9992;27;9991;11;9989;11;10008;15;10011;15;10012;11;10000.5;0.0
27;3000;INTARIAN_PEPPER_ROOT;39996;21;39994;12;39993;12;40009;9;40012;10;40015;21;40002.5;0.0
27;3100;ASH_COATED_OSMIUM;9985;13;9983;10;;;10001;14;10003;14;;;9993.0;0.0
27;3100;INTARIAN_PEPPER_ROOT;39993;10;;;;;40010;11;;;;;40002.0;0.0
27;3200;ASH_COATED_OSMIUM;9987;15;9984;14;9981;10;10005;11;10007;14;10010;13;9996.0;0.0
27;3200;INTARIAN_PEPPER_ROOT;39997;12;39994;10;39992;8;40010;24;40013;10;40015;8;40003.5;0.0
27;3300;ASH_COATED_OSMIUM;9992;14;9991;23;;;10008;11;10009;15;;;10000.0;0.0
27;3300;INTARIAN_PEPPER_ROOT;40000;10;39998;11;39995;9;40011;11;40013;10;40014;12;40005.5;0.0
27;3400;ASH_COATED_OSMIUM;9995;15;9992;12;;;10011;4;10012;12;;;10003.0;0.0
27;3400;INTARIAN_PEPPER_ROOT;39998;8;39996;19;;;40010;8;40011;11;;;40004.5;0.0
27;3500;ASH_COATED_OSMIUM;9989;11;9986;15;;;10008;28;10010;11;;;9998.5;0.0
27;3500;INTARIAN_PEPPER_ROOT;39996;10;39995;8;;;40009;12;40011;9;;;40003.0;0.0
27;3600;ASH_COATED_OSMIUM;9995;2;9993;10;9992;13;10011;11;10014;21;10015;10;10003.0;0.0
27;3600;INTARIAN_PEPPER_ROOT;39995;9;39993;10;39990;9;40009;7;40011;18;40013;8;40002.0;0.0
27;3700;ASH_COATED_OSMIUM;9990;12;9988;11;;;10009;13;10012;13;;;9999.5;0.0
27;3700;INTARIAN_PEPPER_ROOT;39991;9;39988;8;;;40011;9;40014;8;;;40001.0;0.0
27;3800;ASH_COATED_OSMIUM;9991;10;9989;10;9986;10;10007;13;10009;14;10012;27;9999.5;0.0
27;3800;INTARIAN_PEPPER_ROOT;40000;12;39999;11;;;40011;8;40013;24;;;40005.5;0.0
27;3900;ASH_COATED_OSMIUM;9992;10;;;;;10008;11;;;;;10000.5;0.0
27;3900;INTARIAN_PEPPER_ROOT;40000;17;39998;8;;;40013;8;40014;10;;;40006.5;0.0
27;4000;ASH_COATED_OSMIUM;9992;10;;;;;10008;13;;;;;10000.0;0.0
27;4000;INTARIAN_PEPPER_ROOT;39999;10;39998;12;39996;11;40010;8;40011;18;40013;8;40004.5;0.0
27;4100;ASH_COATED_OSMIUM;9992;15;9990;12;9987;11;10011;10;10012;12;10013;23;10001.5;0.0
27;4100;INTARIAN_PEPPER_ROOT;39996;12;;;;;40009;24;;;;;40002.5;0.0
27;4200;ASH_COATED_OSMIUM;9995;12;;;;;10011;20;;;;;10003.0;0.0
27;4200;INTARIAN_PEPPER_ROOT;39996;8;39994;9;;;40009;8;40011;9;;;40002.5;0.0
27;4300;ASH_COATED_OSMIUM;10004;12;10002;15;10001;14;10020;10;10023;14;10025;20;10012.0;0.0
27;4300;INTARIAN_PEPPER_ROOT;39996;9;39994;17;;;40014;10;40015;11;;;40005.0;0.0
27;4400;ASH_COATED_OSMIUM;9999;13;9997;12;9995;12;10015;14;10018;10;10021;12;10007.5;0.0
27;4400;INTARIAN_PEPPER_ROOT;39995;20;39993;9;;;40007;25;40009;11;;;40001.0;0.0
27;4500;ASH_COATED_OSMIUM;9997;14;;;;;10013;14;;;;;10005.5;0.0
27;4500;INTARIAN_PEPPER_ROOT;39997;10;39994;9;;;40011;17;40012;12;;;40004.5;0.0
27;4600;ASH_COATED_OSMIUM;10000;12;9999;14;;;10016;11;10017;12;;;10008.0;0.0
27;4600;INTARIAN_PEPPER_ROOT;39999;10;39996;8;;;40013;8;40016;24;;;40006.0;0.0
27;4700;ASH_COATED_OSMIUM;10001;11;;;;;10017;10;;;;;10009.0;0.0
27;4700;INTARIAN_PEPPER_ROOT;40004;3;;;;;40017;11;;;;;40010.5;0.0
27;4800;ASH_COATED_OSMIUM;10003;24;10002;12;10001;12;10013;24;10015;15;10018;14;10008.0;0.0
27;4800;INTARIAN_PEPPER_ROOT;39999;12;39996;8;;;40012;9;40014;16;;;40006.0;0.0
27;4900;ASH_COATED_OSMIUM;9992;11;9991;11;9989;29;10008;11;10011;15;10012;4;10000.5;0.0
27;4900;INTARIAN_PEPPER_ROOT;39999;16;;;;;40011;9;;;;;40005.5;0.0
27;5000;ASH_COATED_OSMIUM;9993;15;9990;11;;;10009;10;10012;14;;;10001.5;0.0
27;5000;INTARIAN_PEPPER_ROOT;39993;11;39991;8;39988;11;40004;3;40006;8;40009;11;39999.0;0.0
27;5100;ASH_COATED_OSMIUM;9988;14;9987;15;;;10006;12;10008;11;;;9997.0;0.0
27;5100;INTARIAN_PEPPER_ROOT;39998;12;;;;;40015;12;;;;;40006.5;0.0
27;5200;ASH_COATED_OSMIUM;9986;13;;;;;10005;14;;;;;9996.0;0.0
27;5200;INTARIAN_PEPPER_ROOT;40004;11;40001;8;;;40016;12;40019;9;;;40010.5;0.0
27;5300;ASH_COATED_OSMIUM;9987;12;9985;15;9983;12;10003;10;10004;15;10005;14;9995.0;0.0
27;5300;INTARIAN_PEPPER_ROOT;39998;9;39997;10;39996;10;40010;11;40013;10;40015;11;40004.0;0.0
27;5400;ASH_COATED_OSMIUM;9994;12;;;;;10010;13;;;;;10002.0;0.0
27;5400;INTARIAN_PEPPER_ROOT;39998;8;39996;11;;;40010;11;40013;8;;;40004.0;0.0
27;5500;ASH_COATED_OSMIUM;9991;12;9990;13;;;10012;15;10013;14;;;10002.0;0.0
27;5500;INTARIAN_PEPPER_ROOT;39999;8;;;;;40010;12;;;;;40004.5;0.0
27;5600;ASH_COATED_OSMIUM;9990;22;;;;;10011;29;;;;;10000.5;0.0
27;5600;INTARIAN_PEPPER_ROOT;39997;12;;;;;40011;8;;;;;40004.0;0.0
27;5700;ASH_COATED_OSMIUM;9997;11;9995;10;9994;12;10013;20;10016;10;10019;11;10005.5;0.0
27;5700;INTARIAN_PEPPER_ROOT;40001;9;;;;;40015;12;;;;;40008.5;0.0
27;5800;ASH_COATED_OSMIUM;9996;10;9994;10;;;10004;12;10006;14;;;10000.5;0.0
27;5800;INTARIAN_PEPPER_ROOT;40000;11;39999;21;;;40014;11;40016;10;;;40007.5;0.0
27;5900;ASH_COATED_OSMIUM;9990;24;9989;12;;;10009;23;10012;13;;;10000.0;0.0
27;5900;INTARIAN_PEPPER_ROOT;40000;8;39998;11;;;40013;8;40015;10;;;40007.0;0.0
27;6000;ASH_COATED_OSMIUM;9991;23;9988;11;9985;15;10007;11;10008;11;10011;14;9999.0;0.0
27;6000;INTARIAN_PEPPER_ROOT;40000;9;;;;;40015;8;;;;;40008.0;0.0
27;6100;ASH_COATED_OSMIUM;9994;28;9992;20;;;10010;15;10011;15;;;10002.0;0.0
27;6100;INTARIAN_PEPPER_ROOT;39999;18;39996;10;39995;8;40013;8;40014;11;40016;11;40006.5;0.0
27;6200;ASH_COATED_OSMIUM;9993;24;9990;15;9989;10;10009;15;10012;29;10013;15;10001.0;0.0
27;6200;INTARIAN_PEPPER_ROOT;40000;11;39998;8;39997;10;40011;11;40014;8;40015;11;40005.5;0.0
27;6300;ASH_COATED_OSMIUM;9993;2;9992;13;;;10009;27;10011;11;;;10001.5;0.0
27;6300;INTARIAN_PEPPER_ROOT;39995;12;39993;11;39991;9;40015;11;40016;8;40019;4;40005.5;0.0
27;6400;ASH_COATED_OSMIUM;10000;11;9999;27;;;10018;14;10021;24;;;10009.0;0.0
27;6400;INTARIAN_PEPPER_ROOT;40000;11;;;;;40010;10;;;;;40005.0;0.0
27;6500;ASH_COATED_OSMIUM;9999;10;9997;12;9996;30;10017;12;10019;15;10022;14;10008.0;0.0
27;6500;INTARIAN_PEPPER_ROOT;39996;9;;;;;40008;9;;;;;40002.5;0.0
27;6600;ASH_COATED_OSMIUM;9999;12;9996;29;9993;14;10015;28;10017;12;10018;27;10007.0;0.0
27;6600;INTARIAN_PEPPER_ROOT;40001;11;39998;8;;;40013;10;40016;10;;;40007.5;0.0
27;6700;ASH_COATED_OSMIUM;9994;14;9992;15;9990;10;10007;13;10010;10;10011;15;10000.5;0.0
27;6700;INTARIAN_PEPPER_ROOT;39998;8;;;;;40013;11;;;;;40006.0;0.0
27;6800;ASH_COATED_OSMIUM;9993;14;9992;14;;;10009;10;10010;5;;;10001.0;0.0
27;6800;INTARIAN_PEPPER_ROOT;40000;9;39998;8;;;40016;12;40017;8;;;40008.5;0.0
27;6900;ASH_COATED_OSMIUM;9992;15;9989;23;;;10008;21;10011;12;;;10000.5;0.0
27;6900;INTARIAN_PEPPER_ROOT;39998;23;39997;12;;;40011;9;40014;12;;;40004.5;0.0
27;7000;ASH_COATED_OSMIUM;9987;14;9985;14;9983;14;10003;10;10004;14;10005;12;9995.0;0.0
27;7000;INTARIAN_PEPPER_ROOT;40001;9;;;;;40018;8;;;;;40009.5;0.0
27;7100;ASH_COATED_OSMIUM;9990;12;9988;12;;;10006;5;10007;2;;;9998.5;0.0
27;7100;INTARIAN_PEPPER_ROOT;39996;10;39993;10;39992;10;40013;22;40015;10;40018;8;40005.0;0.0
27;7200;ASH_COATED_OSMIUM;9996;27;9994;15;;;10012;13;10013;23;;;10004.0;0.0
27;7200;INTARIAN_PEPPER_ROOT;39999;10;39997;8;39996;11;40012;12;40014;25;40016;8;40005.5;0.0
27;7300;ASH_COATED_OSMIUM;9997;27;9995;15;;;10013;12;10016;15;;;10005.5;0.0
27;7300;INTARIAN_PEPPER_ROOT;40001;10;;;;;40014;12;;;;;40007.5;0.0
27;7400;ASH_COATED_OSMIUM;9995;11;9994;12;9993;13;10013;30;10015;10;10017;12;10004.5;0.0
27;7400;INTARIAN_PEPPER_ROOT;40000;23;;;;;40019;8;;;;;40010.0;0.0
27;7500;ASH_COATED_OSMIUM;9994;27;;;;;10010;13;;;;;10002.0;0.0
27;7500;INTARIAN_PEPPER_ROOT;39999;9;39998;9;39997;9;40015;25;40016;21;40018;12;40007.5;0.0
27;7600;ASH_COATED_OSMIUM;9993;10;9992;14;;;10004;10;10006;14;;;9999.0;0.0
27;7600;INTARIAN_PEPPER_ROOT;39999;8;;;;;40012;11;;;;;40006.0;0.0
27;7700;ASH_COATED_OSMIUM;9999;14;9998;29;;;10015;10;10018;12;;;10007.0;0.0
27;7700;INTARIAN_PEPPER_ROOT;39993;8;39990;10;;;40008;8;40011;11;;;40000.5;0.0
27;7800;ASH_COATED_OSMIUM;10003;7;10000;26;9999;12;10019;15;10021;10;10024;11;10011.0;0.0
27;7800;INTARIAN_PEPPER_ROOT;40002;25;39999;10;;;40019;25;40022;11;;;40011.0;0.0
27;7900;ASH_COATED_OSMIUM;10000;14;9997;14;;;10016;12;10017;23;;;10008.5;0.0
27;7900;INTARIAN_PEPPER_ROOT;40003;10;;;;;40019;8;;;;;40011.5;0.0
27;8000;ASH_COATED_OSMIUM;9994;25;9993;14;;;10010;11;10012;20;;;10002.0;0.0
27;8000;INTARIAN_PEPPER_ROOT;40001;10;40000;8;;;40013;8;40015;7;;;40007.5;0.0
27;8100;ASH_COATED_OSMIUM;9994;21;9992;25;;;10010;24;10012;12;;;10002.5;0.0
27;8100;INTARIAN_PEPPER_ROOT;39998;9;39995;3;;;40011;11;40014;4;;;40005.0;0.0
27;8200;ASH_COATED_OSMIUM;9992;15;;;;;10011;12;;;;;10001.5;0.0
27;8200;INTARIAN_PEPPER_ROOT;40000;9;39997;16;;;40015;10;40017;11;;;40007.5;0.0
27;8300;ASH_COATED_OSMIUM;9996;14;;;;;10012;15;;;;;10004.5;0.0
27;8300;INTARIAN_PEPPER_ROOT;40004;11;40002;10;;;40016;5;40019;12;;;40010.0;0.0
27;8400;ASH_COATED_OSMIUM;9995;10;;;;;10011;10;;;;;10003.5;0.0
27;8400;INTARIAN_PEPPER_ROOT;40002;11;39999;12;;;40019;15;40022;8;;;40010.5;0.0
27;8500;ASH_COATED_OSMIUM;9994;10;9991;10;;;10012;12;10015;12;;;10003.0;0.0
27;8500;INTARIAN_PEPPER_ROOT;40002;12;;;;;40017;10;;;;;40009.5;0.0
27;8600;ASH_COATED_OSMIUM;9990;10;;;;;10008;11;;;;;9999.5;0.0
27;8600;INTARIAN_PEPPER_ROOT;40004;11;40002;8;39999;9;40017;10;40020;12;40022;11;40011.0;0.0
27;8700;ASH_COATED_OSMIUM;9985;11;;;;;10001;25;;;;;9993.0;0.0
27;8700;INTARIAN_PEPPER_ROOT;40006;9;40004;8;;;40021;10;40024;8;;;40013.5;0.0
27;8800;ASH_COATED_OSMIUM;9983;10;9982;10;;;9999;14;10000;12;;;9991.5;0.0
27;8800;INTARIAN_PEPPER_ROOT;39996;11;39993;9;;;40012;8;40015;8;;;40004.5;0.0
27;8900;ASH_COATED_OSMIUM;9984;14;9983;13;;;10000;15;10001;12;;;9992.5;0.0
27;8900;INTARIAN_PEPPER_ROOT;40001;24;39998;16;;;40014;20;40015;8;;;40008.0;0.0
27;9000;ASH_COATED_OSMIUM;9980;10;9978;15;;;9996;24;9998;20;;;9988.5;0.0
27;9000;INTARIAN_PEPPER_ROOT;40003;8;40002;11;;;40016;10;40018;10;;;40010.0;0.0
27;9100;ASH_COATED_OSMIUM;9981;12;9980;22;;;9997;25;9998;15;;;9989.0;0.0
27;9100;INTARIAN_PEPPER_ROOT;40001;11;;;;;40018;8;;;;;40009.5;0.0
27;9200;ASH_COATED_OSMIUM;9980;6;9977;25;;;9996;14;9999;10;;;9988.5;0.0
27;9200;INTARIAN_PEPPER_ROOT;40004;9;;;;;40017;10;;;;;40011.0;0.0
27;9300;ASH_COATED_OSMIUM;9979;20;9976;12;;;9995;10;9998;13;;;9987.5;0.0
27;9300;INTARIAN_PEPPER_ROOT;40002;11;40000;11;39999;12;40015;8;40016;12;40017;9;40008.5;0.0
27;9400;ASH_COATED_OSMIUM;9978;14;9975;12;;;9994;12;9995;11;;;9986.5;0.0
27;9400;INTARIAN_PEPPER_ROOT;40001;12;39998;19;39995;23;40015;12;40017;9;40020;8;40008.0;0.0
27;9500;ASH_COATED_OSMIUM;9988;14;;;;;9998;15;;;;;9993.0;0.0
27;9500;INTARIAN_PEPPER_ROOT;40003;10;40001;15;;;40015;23;40017;12;;;40009.5;0.0
27;9600;ASH_COATED_OSMIUM;9990;15;;;;;9999;15;;;;;9995.0;0.0
27;9600;INTARIAN_PEPPER_ROOT;40003;10;;;;;40017;8;;;;;40010.5;0.0
27;9700;ASH_COATED_OSMIUM;9984;11;9981;23;9979;12;10000;13;10003;12;10006;15;9992.5;0.0
27;9700;INTARIAN_PEPPER_ROOT;40005;9;;;;;40020;12;;;;;40013.0;0.0
27;9800;ASH_COATED_OSMIUM;9987;13;9984;10;9983;12;10005;15;10007;13;10010;11;9996.5;0.0
27;9800;INTARIAN_PEPPER_ROOT;40003;21;40000;10;;;40015;9;40016;11;;;40009.5;0.0
27;9900;ASH_COATED_OSMIUM;9986;13;9984;30;9983;13;10002;21;10004;15;10005;11;9994.0;0.0
27;9900;INTARIAN_PEPPER_ROOT;40003;9;40001;8;;;40017;8;40019;9;;;40010.5;0.0
27;10000;ASH_COATED_OSMIUM;9994;13;9991;10;9988;11;10007;13;10010;15;10011;15;10000.5;0.0
27;10000;INTARIAN_PEPPER_ROOT;40005;10;40003;12;40000;12;40019;11;40020;8;40022;8;40012.0;0.0
27;10100;ASH_COATED_OSMIUM;9995;10;;;;;10011;10;;;;;10003.5;0.0
27;10100;INTARIAN_PEPPER_ROOT;40004;10;40002;10;39999;9;40013;8;40016;9;40017;9;40008.5;0.0
27;10200;ASH_COATED_OSMIUM;9995;13;9993;13;;;10011;13;10012;13;;;10003.5;0.0
27;10200;INTARIAN_PEPPER_ROOT;40001;11;39998;8;;;40019;9;40022;12;;;40010.5;0.0
27;10300;ASH_COATED_OSMIUM;9988;13;9985;10;;;10007;10;10008;8;;;9998.0;0.0
27;10300;INTARIAN_PEPPER_ROOT;40005;10;40002;8;;;40016;21;40017;12;;;40011.0;0.0
27;10400;ASH_COATED_OSMIUM;9993;10;;;;;10009;13;;;;;10001.5;0.0
27;10400;INTARIAN_PEPPER_ROOT;39998;12;39996;9;39993;11;40012;15;40015;8;40016;12;40005.0;0.0
27;10500;ASH_COATED_OSMIUM;9998;10;9995;15;9993;11;10014;14;10017;13;10020;22;10006.0;0.0
27;10500;INTARIAN_PEPPER_ROOT;40005;12;40002;10;;;40017;11;40020;10;;;40011.0;0.0
27;10600;ASH_COATED_OSMIUM;9991;11;9990;12;;;10007;2;10010;10;;;9999.0;0.0
27;10600;INTARIAN_PEPPER_ROOT;40006;8;40004;10;;;40019;3;40021;12;;;40012.5;0.0
27;10700;ASH_COATED_OSMIUM;9988;26;;;;;10004;13;;;;;9996.0;0.0
27;10700;INTARIAN_PEPPER_ROOT;40002;8;;;;;40016;9;;;;;40009.5;0.0
27;10800;ASH_COATED_OSMIUM;9991;15;9990;13;;;10007;14;10008;11;;;9999.0;0.0
27;10800;INTARIAN_PEPPER_ROOT;40003;25;40001;12;;;40015;17;40017;12;;;40009.0;0.0
27;10900;ASH_COATED_OSMIUM;9994;9;9991;15;;;10010;25;10011;4;;;10002.0;0.0
27;10900;INTARIAN_PEPPER_ROOT;40005;10;40004;10;40002;24;40022;16;40023;8;40024;8;40013.5;0.0
27;11000;ASH_COATED_OSMIUM;9991;13;9988;27;;;10007;11;10008;14;;;9999.5;0.0
27;11000;INTARIAN_PEPPER_ROOT;40004;8;40001;21;39999;12;40016;10;40019;23;40020;12;40010.0;0.0
27;11100;ASH_COATED_OSMIUM;9990;15;9988;13;;;10006;10;10007;15;;;9998.5;0.0
27;11100;INTARIAN_PEPPER_ROOT;40006;9;40005;23;;;40021;16;40022;8;;;40014.0;0.0
27;11200;ASH_COATED_OSMIUM;9987;10;;;;;10005;13;;;;;9996.5;0.0
27;11200;INTARIAN_PEPPER_ROOT;40005;11;40002;8;;;40021;8;40023;24;;;40013.0;0.0
27;11300;ASH_COATED_OSMIUM;9993;24;9990;15;9988;13;10009;13;10012;11;10014;13;10001.0;0.0
27;11300;INTARIAN_PEPPER_ROOT;40004;10;40001;9;;;40015;17;40017;10;;;40010.0;0.0
27;11400;ASH_COATED_OSMIUM;9991;12;9990;10;9989;13;10012;10;10015;10;10018;14;10001.5;0.0
27;11400;INTARIAN_PEPPER_ROOT;40006;9;;;;;40019;10;;;;;40012.5;0.0
27;11500;ASH_COATED_OSMIUM;9993;10;;;;;10009;14;;;;;10001.0;0.0
27;11500;INTARIAN_PEPPER_ROOT;40006;15;40004;8;;;40017;12;40020;11;;;40012.0;0.0
27;11600;ASH_COATED_OSMIUM;9991;14;9989;5;;;10007;10;10010;14;;;9999.5;0.0
27;11600;INTARIAN_PEPPER_ROOT;40008;8;40006;8;;;40019;10;40022;11;;;40013.5;0.0
27;11700;ASH_COATED_OSMIUM;9985;26;;;;;10001;12;;;;;9993.0;0.0
27;11700;INTARIAN_PEPPER_ROOT;40004;12;40001;25;40000;11;40019;24;40022;12;40025;8;40011.5;0.0
27;11800;ASH_COATED_OSMIUM;9989;15;9988;12;9987;12;10005;13;10006;10;10007;11;9997.0;0.0
27;11800;INTARIAN_PEPPER_ROOT;40010;9;40008;9;;;40023;11;40026;12;;;40017.0;0.0
27;11900;ASH_COATED_OSMIUM;9985;14;;;;;10004;11;;;;;9994.5;0.0
27;11900;INTARIAN_PEPPER_ROOT;40005;12;40003;9;40000;19;40018;10;40019;9;40020;8;40011.5;0.0
27;12000;ASH_COATED_OSMIUM;9994;3;;;;;10010;11;;;;;10002.5;0.0
27;12000;INTARIAN_PEPPER_ROOT;40005;8;40002;9;;;40018;10;40019;10;;;40012.0;0.0
27;12100;ASH_COATED_OSMIUM;9990;10;;;;;10011;12;;;;;10001.0;0.0
27;12100;INTARIAN_PEPPER_ROOT;40005;9;;;;;40017;8;;;;;40011.5;0.0
27;12200;ASH_COATED_OSMIUM;9990;14;9987;10;;;10006;14;10009;4;;;9998.5;0.0
27;12200;INTARIAN_PEPPER_ROOT;40004;10;40001;10;;;40021;9;40023;9;;;40013.0;0.0
27;12300;ASH_COATED_OSMIUM;9992;14;9989;22;;;10010;2;10011;13;;;10001.5;0.0
27;12300;INTARIAN_PEPPER_ROOT;40005;12;40003;12;;;40018;20;40020;24;;;40011.5;0.0
27;12400;ASH_COATED_OSMIUM;9993;10;;;;;10009;27;;;;;10001.5;0.0
27;12400;INTARIAN_PEPPER_ROOT;40009;9;40006;9;;;40021;11;40022;17;;;40015.0;0.0
27;12500;ASH_COATED_OSMIUM;9996;27;9995;15;9992;14;10012;14;10013;12;10014;14;10004.5;0.0
27;12500;INTARIAN_PEPPER_ROOT;40007;21;40005;15;;;40019;16;40020;11;;;40013.0;0.0
27;12600;ASH_COATED_OSMIUM;10002;14;10000;10;9999;15;10021;15;10022;14;10023;29;10011.5;0.0
27;12600;INTARIAN_PEPPER_ROOT;40008;24;40005;20;40003;10;40022;9;40025;11;40026;11;40015.5;0.0
27;12700;ASH_COATED_OSMIUM;10007;11;;;;;10023;15;;;;;10015.0;0.0
27;12700;INTARIAN_PEPPER_ROOT;40006;12;40003;11;40000;9;40018;11;40021;11;40024;8;40012.5;0.0
27;12800;ASH_COATED_OSMIUM;10007;25;10006;12;;;10023;25;10025;20;;;10015.0;0.0
27;12800;INTARIAN_PEPPER_ROOT;40005;11;40002;12;39999;12;40016;10;40017;9;40018;8;40010.5;0.0
27;12900;ASH_COATED_OSMIUM;10004;12;10001;28;9998;30;10011;10;10014;11;10015;10;10008.0;0.0
27;12900;INTARIAN_PEPPER_ROOT;40006;11;40003;8;40000;12;40018;20;40019;11;40022;25;40012.5;0.0
27;13000;ASH_COATED_OSMIUM;9992;11;9991;14;9988;14;10008;11;10009;27;10010;12;10000.0;0.0
27;13000;INTARIAN_PEPPER_ROOT;40010;11;;;;;40021;8;;;;;40015.5;0.0
27;13100;ASH_COATED_OSMIUM;9991;11;9989;14;9987;15;10009;10;10012;10;10014;11;10000.0;0.0
27;13100;INTARIAN_PEPPER_ROOT;40006;21;40005;15;;;40025;11;40027;11;;;40015.5;0.0
27;13200;ASH_COATED_OSMIUM;9990;12;9989;26;;;10006;10;10009;14;;;9998.5;0.0
27;13200;INTARIAN_PEPPER_ROOT;40008;9;40007;10;40006;9;40022;8;40023;9;40025;11;40015.5;0.0
27;13300;ASH_COATED_OSMIUM;9983;10;9980;13;9978;11;10004;14;10005;13;10008;14;9993.5;0.0
27;13300;INTARIAN_PEPPER_ROOT;40004;12;40001;11;;;40021;11;40023;11;;;40012.5;0.0
27;13400;ASH_COATED_OSMIUM;9988;12;;;;;10007;11;;;;;9997.5;0.0
27;13400;INTARIAN_PEPPER_ROOT;40011;10;40008;8;40005;12;40024;12;40026;10;40027;10;40017.5;0.0
27;13500;ASH_COATED_OSMIUM;9989;15;9986;12;;;10005;12;10006;12;;;9997.5;0.0
27;13500;INTARIAN_PEPPER_ROOT;40007;8;;;;;40018;8;;;;;40013.0;0.0
27;13600;ASH_COATED_OSMIUM;9992;11;9991;3;9989;4;10008;11;10011;15;10013;15;10000.5;0.0
27;13600;INTARIAN_PEPPER_ROOT;40007;23;40005;12;;;40019;10;40022;20;;;40013.0;0.0
27;13700;ASH_COATED_OSMIUM;9991;11;9989;21;;;10007;11;10010;15;;;9999.5;0.0
27;13700;INTARIAN_PEPPER_ROOT;40006;9;40005;12;;;40021;11;40023;10;;;40014.0;0.0
27;13800;ASH_COATED_OSMIUM;9991;12;9988;15;;;10007;10;10008;12;;;9999.5;0.0
27;13800;INTARIAN_PEPPER_ROOT;40007;11;;;;;40018;9;;;;;40013.0;0.0
27;13900;ASH_COATED_OSMIUM;9991;27;9989;10;;;10007;26;10010;23;;;9999.0;0.0
27;13900;INTARIAN_PEPPER_ROOT;40007;10;40006;9;;;40021;10;40023;11;;;40014.0;0.0
27;14000;ASH_COATED_OSMIUM;9991;11;9990;23;9988;12;10007;15;10009;14;10011;13;9999.0;0.0
27;14000;INTARIAN_PEPPER_ROOT;40010;10;40007;11;;;40023;9;40024;9;;;40016.5;0.0
27;14100;ASH_COATED_OSMIUM;9992;11;9990;14;;;10008;11;10011;11;;;10000.0;0.0
27;14100;INTARIAN_PEPPER_ROOT;40007;9;40005;25;40004;11;40019;11;40020;8;40021;11;40013.5;0.0
27;14200;ASH_COATED_OSMIUM;9986;13;9983;15;9981;12;10007;15;10010;15;10013;11;9997.0;0.0
27;14200;INTARIAN_PEPPER_ROOT;40007;8;40004;11;;;40021;20;40024;9;;;40014.0;0.0
27;14300;ASH_COATED_OSMIUM;9981;11;9979;11;;;9997;12;9998;11;;;9989.0;0.0
27;14300;INTARIAN_PEPPER_ROOT;40007;8;40004;8;;;40018;10;40021;12;;;40012.5;0.0
27;14400;ASH_COATED_OSMIUM;9986;15;9983;12;;;10002;14;10005;11;;;9994.0;0.0
27;14400;INTARIAN_PEPPER_ROOT;40009;12;40006;25;;;40021;10;40023;8;;;40015.5;0.0
27;14500;ASH_COATED_OSMIUM;9984;14;9981;15;;;10000;10;10002;10;;;9992.0;0.0
27;14500;INTARIAN_PEPPER_ROOT;40010;9;40009;12;;;40022;11;40024;11;;;40016.5;0.0
27;14600;ASH_COATED_OSMIUM;9986;10;;;;;10002;12;;;;;9994.0;0.0
27;14600;INTARIAN_PEPPER_ROOT;40008;8;40005;6;;;40021;8;40023;10;;;40014.5;0.0
27;14700;ASH_COATED_OSMIUM;9991;5;9989;21;9988;10;10007;12;10010;13;10011;15;9999.5;0.0
27;14700;INTARIAN_PEPPER_ROOT;40005;10;40003;8;40002;11;40019;8;40022;18;40025;23;40012.5;0.0
27;14800;ASH_COATED_OSMIUM;9996;11;9995;14;9992;22;10012;11;10015;14;10018;14;10004.5;0.0
27;14800;INTARIAN_PEPPER_ROOT;40008;10;40005;9;40002;20;40022;12;40024;12;40027;10;40015.5;0.0
27;14900;ASH_COATED_OSMIUM;9996;22;9995;15;;;10014;14;10017;10;;;10005.0;0.0
27;14900;INTARIAN_PEPPER_ROOT;40005;8;40003;9;;;40021;11;40023;9;;;40013.0;0.0
27;15000;ASH_COATED_OSMIUM;9990;11;9987;23;9986;10;10009;11;10010;13;10012;15;9999.5;0.0
27;15000;INTARIAN_PEPPER_ROOT;40013;12;;;;;40025;12;;;;;40019.5;0.0
27;15100;ASH_COATED_OSMIUM;9997;13;9994;11;9991;13;10013;13;10016;22;10018;12;10005.5;0.0
27;15100;INTARIAN_PEPPER_ROOT;40008;10;;;;;40021;11;;;;;40015.0;0.0
27;15200;ASH_COATED_OSMIUM;9994;13;;;;;10010;12;;;;;10002.0;0.0
27;15200;INTARIAN_PEPPER_ROOT;40008;10;;;;;40021;10;;;;;40014.5;0.0
27;15300;ASH_COATED_OSMIUM;9993;13;9991;13;9990;27;10011;21;10012;28;10015;15;10002.0;0.0
27;15300;INTARIAN_PEPPER_ROOT;40012;25;;;;;40026;12;;;;;40019.0;0.0
27;15400;ASH_COATED_OSMIUM;9998;24;;;;;10008;2;;;;;10003.0;0.0
27;15400;INTARIAN_PEPPER_ROOT;40009;10;40007;10;40005;12;40020;9;40022;10;40023;10;40015.0;0.0
27;15500;ASH_COATED_OSMIUM;9992;14;;;;;10011;15;;;;;10002.0;0.0
27;15500;INTARIAN_PEPPER_ROOT;40008;9;40006;10;40004;11;40020;12;40023;11;40025;10;40014.0;0.0
27;15600;ASH_COATED_OSMIUM;10001;6;;;;;10017;12;;;;;10009.0;0.0
27;15600;INTARIAN_PEPPER_ROOT;40013;9;40012;12;;;40023;10;40026;8;;;40018.5;0.0
27;15700;ASH_COATED_OSMIUM;10001;12;10000;12;;;10017;13;10020;12;;;10009.5;0.0
27;15700;INTARIAN_PEPPER_ROOT;40011;8;;;;;40023;11;;;;;40017.5;0.0
27;15800;ASH_COATED_OSMIUM;9994;12;;;;;10012;13;;;;;10003.5;0.0
27;15800;INTARIAN_PEPPER_ROOT;40007;11;40005;8;40002;12;40018;12;40019;10;40022;8;40012.5;0.0
27;15900;ASH_COATED_OSMIUM;9998;13;9995;12;;;10014;15;10017;13;;;10006.0;0.0
27;15900;INTARIAN_PEPPER_ROOT;40008;11;;;;;40020;10;;;;;40014.5;0.0
27;16000;ASH_COATED_OSMIUM;9997;11;9996;12;9995;10;10013;13;10016;11;10019;10;10005.5;0.0
27;16000;INTARIAN_PEPPER_ROOT;40013;11;40011;10;40010;8;40016;10;40019;8;40020;17;40015.0;0.0
27;16100;ASH_COATED_OSMIUM;9998;11;9996;29;;;10014;10;10017;10;;;10006.5;0.0
27;16100;INTARIAN_PEPPER_ROOT;40017;12;40016;12;40014;9;40019;11;40020;9;40022;9;40018.5;0.0
27;16200;ASH_COATED_OSMIUM;9995;20;9992;15;;;10011;10;10014;13;;;10003.0;0.0
27;16200;INTARIAN_PEPPER_ROOT;40009;11;;;;;40023;11;;;;;40016.5;0.0
27;16300;ASH_COATED_OSMIUM;9993;15;9991;12;;;10011;13;10014;12;;;10002.5;0.0
27;16300;INTARIAN_PEPPER_ROOT;40006;10;;;;;40019;9;;;;;40012.5;0.0
27;16400;ASH_COATED_OSMIUM;9992;14;9991;14;;;10010;12;10011;13;;;10001.5;0.0
27;16400;INTARIAN_PEPPER_ROOT;40015;24;;;;;40017;9;;;;;40016.5;0.0
27;16500;ASH_COATED_OSMIUM;9994;4;9991;14;;;10003;12;10004;14;;;9998.5;0.0
27;16500;INTARIAN_PEPPER_ROOT;40007;12;40004;12;40001;17;40020;17;40022;10;40025;11;40013.5;0.0
27;16600;ASH_COATED_OSMIUM;9985;14;9983;11;;;10001;15;10003;24;;;9993.5;0.0
27;16600;INTARIAN_PEPPER_ROOT;40011;8;;;;;40024;12;;;;;40018.0;0.0
27;16700;ASH_COATED_OSMIUM;9989;4;9986;12;;;10007;22;10009;12;;;9998.0;0.0
27;16700;INTARIAN_PEPPER_ROOT;40015;15;40012;19;;;40027;10;40028;11;;;40021.0;0.0
27;16800;ASH_COATED_OSMIUM;9995;15;9992;2;9991;15;10011;21;10014;12;10015;12;10003.0;0.0
27;16800;INTARIAN_PEPPER_ROOT;40009;9;40007;10;;;40022;12;40023;12;;;40016.0;0.0
27;16900;ASH_COATED_OSMIUM;9991;14;9988;2;;;10009;12;10012;12;;;10000.0;0.0
27;16900;INTARIAN_PEPPER_ROOT;40008;8;40007;10;40004;10;40024;18;40027;11;40030;9;40016.5;0.0
27;17000;ASH_COATED_OSMIUM;9986;11;;;;;10002;11;;;;;9994.0;0.0
27;17000;INTARIAN_PEPPER_ROOT;40010;11;40009;10;40007;8;40021;9;40023;10;40026;21;40015.5;0.0
27;17100;ASH_COATED_OSMIUM;9989;14;;;;;10005;13;;;;;9997.0;0.0
27;17100;INTARIAN_PEPPER_ROOT;40005;11;;;;;40022;11;;;;;40013.5;0.0
27;17200;ASH_COATED_OSMIUM;9992;22;9991;14;;;10008;10;10010;14;;;10000.0;0.0
27;17200;INTARIAN_PEPPER_ROOT;40009;8;;;;;40021;10;;;;;40015.5;0.0
27;17300;ASH_COATED_OSMIUM;10000;15;9997;24;9994;15;10016;11;10018;15;10019;14;10008.0;0.0
27;17300;INTARIAN_PEPPER_ROOT;40012;20;40010;10;;;40026;8;40027;9;;;40019.0;0.0
27;17400;ASH_COATED_OSMIUM;10002;15;9999;13;9996;13;10018;15;10019;14;10022;10;10010.5;0.0
27;17400;INTARIAN_PEPPER_ROOT;40014;16;40013;11;;;40028;9;40029;12;;;40021.0;0.0
27;17500;ASH_COATED_OSMIUM;10002;25;9999;11;;;10018;11;10020;21;;;10010.0;0.0
27;17500;INTARIAN_PEPPER_ROOT;40014;9;;;;;40027;8;;;;;40021.0;0.0
27;17600;ASH_COATED_OSMIUM;9997;14;9996;13;;;10013;23;10014;14;;;10005.0;0.0
27;17600;INTARIAN_PEPPER_ROOT;40012;22;40011;8;;;40023;12;40025;11;;;40017.5;0.0
27;17700;ASH_COATED_OSMIUM;9995;14;9994;25;;;10014;10;10016;12;;;10005.0;0.0
27;17700;INTARIAN_PEPPER_ROOT;40012;15;;;;;40024;12;;;;;40018.0;0.0
27;17800;ASH_COATED_OSMIUM;9997;12;9995;7;;;10013;13;10015;11;;;10005.5;0.0
27;17800;INTARIAN_PEPPER_ROOT;40011;11;40009;9;;;40024;15;40027;12;;;40017.5;0.0
27;17900;ASH_COATED_OSMIUM;9999;30;9997;15;;;10015;11;10016;29;;;10007.5;0.0
27;17900;INTARIAN_PEPPER_ROOT;40018;12;40016;12;;;40029;12;40032;10;;;40023.5;0.0
27;18000;ASH_COATED_OSMIUM;10000;12;9997;10;9995;10;10016;13;10017;11;10019;15;10008.5;0.0
27;18000;INTARIAN_PEPPER_ROOT;40015;8;40014;9;;;40028;10;40029;15;;;40021.5;0.0
27;18100;ASH_COATED_OSMIUM;9999;10;9998;11;;;10017;10;10018;12;;;10008.0;0.0
27;18100;INTARIAN_PEPPER_ROOT;40011;9;40009;12;;;40025;8;40026;25;;;40018.0;0.0
27;18200;ASH_COATED_OSMIUM;10000;14;9997;2;;;10016;20;10017;11;;;10008.0;0.0
27;18200;INTARIAN_PEPPER_ROOT;40012;9;40011;18;;;40025;12;40027;12;;;40018.5;0.0
27;18300;ASH_COATED_OSMIUM;9991;15;9989;11;9988;11;10009;25;10010;13;10012;14;10000.5;0.0
27;18300;INTARIAN_PEPPER_ROOT;40009;8;40008;8;;;40022;12;40025;19;;;40015.5;0.0
27;18400;ASH_COATED_OSMIUM;9985;14;9983;11;9980;14;10001;10;10003;12;10006;15;9993.0;0.0
27;18400;INTARIAN_PEPPER_ROOT;40010;11;;;;;40023;8;;;;;40017.0;0.0
27;18500;ASH_COATED_OSMIUM;9982;15;9981;14;9980;11;9998;13;10001;15;10002;12;9990.5;0.0
27;18500;INTARIAN_PEPPER_ROOT;40010;12;;;;;40023;11;;;;;40016.5;0.0
27;18600;ASH_COATED_OSMIUM;9984;14;9982;13;;;10003;10;10004;15;;;9994.0;0.0
27;18600;INTARIAN_PEPPER_ROOT;40014;8;;;;;40025;16;;;;;40020.0;0.0
27;18700;ASH_COATED_OSMIUM;9988;13;9985;10;;;10001;15;10004;3;;;9995.0;0.0
27;18700;INTARIAN_PEPPER_ROOT;40011;12;40008;12;;;40023;23;40026;11;;;40017.0;0.0
27;18800;ASH_COATED_OSMIUM;9983;15;9981;15;;;10001;11;10003;12;;;9992.5;0.0
27;18800;INTARIAN_PEPPER_ROOT;40012;11;40009;11;;;40023;8;40024;12;;;40017.5;0.0
27;18900;ASH_COATED_OSMIUM;9986;14;9985;14;;;10004;15;10005;11;;;9995.5;0.0
27;18900;INTARIAN_PEPPER_ROOT;40014;11;40013;8;;;40025;19;40027;21;;;40019.5;0.0
27;19000;ASH_COATED_OSMIUM;9986;14;;;;;10005;14;;;;;9995.5;0.0
27;19000;INTARIAN_PEPPER_ROOT;40013;16;40012;10;;;40029;6;40032;24;;;40021.5;0.0
27;19100;ASH_COATED_OSMIUM;9994;27;9993;14;;;10000;11;10002;12;;;9997.0;0.0
27;19100;INTARIAN_PEPPER_ROOT;40013;9;40011;19;;;40024;8;40026;11;;;40019.0;0.0
27;19200;ASH_COATED_OSMIUM;9988;12;;;;;10004;12;;;;;9996.0;0.0
27;19200;INTARIAN_PEPPER_ROOT;40011;9;;;;;40028;23;;;;;40020.0;0.0
27;19300;ASH_COATED_OSMIUM;9988;13;9986;10;9985;14;10004;25;10005;11;10006;10;9996.5;0.0
27;19300;INTARIAN_PEPPER_ROOT;40014;8;;;;;40028;10;;;;;40021.0;0.0
27;19400;ASH_COATED_OSMIUM;9988;10;9985;14;9984;12;10004;12;10005;11;10008;29;9996.0;0.0
27;19400;INTARIAN_PEPPER_ROOT;40011;9;40009;9;;;40024;10;40027;12;;;40017.5;0.0
27;19500;ASH_COATED_OSMIUM;9987;10;9985;23;;;10003;10;10006;14;;;9995.0;0.0
27;19500;INTARIAN_PEPPER_ROOT;40012;11;40011;9;;;40025;9;40026;10;;;40018.5;0.0
27;19600;ASH_COATED_OSMIUM;9988;12;;;;;10004;14;;;;;9996.5;0.0
27;19600;INTARIAN_PEPPER_ROOT;40014;12;;;;;40026;9;;;;;40020.0;0.0
27;19700;ASH_COATED_OSMIUM;9992;13;9989;10;9986;27;10008;10;10011;14;10013;10;10000.0;0.0
27;19700;INTARIAN_PEPPER_ROOT;40015;12;40013;20;;;40028;11;40030;19;;;40022.0;0.0
27;19800;ASH_COATED_OSMIUM;9989;10;;;;;10008;13;;;;;9998.5;0.0
27;19800;INTARIAN_PEPPER_ROOT;40013;12;40011;21;40009;12;40027;23;40030;10;40033;11;40020.5;0.0
27;19900;ASH_COATED_OSMIUM;9988;14;9985;14;9984;15;10004;13;10006;12;10008;13;9996.5;0.0
27;19900;INTARIAN_PEPPER_ROOT;40012;8;;;;;40029;23;;;;;40020.5;0.0
27;20000;ASH_COATED_OSMIUM;9987;12;9986;9;;;10006;12;10007;12;;;9996.5;0.0
27;20000;INTARIAN_PEPPER_ROOT;40013;9;40010;9;;;40025;17;40028;9;;;40019.0;0.0
27;20100;ASH_COATED_OSMIUM;9990;22;9988;30;;;10008;13;10010;10;;;9999.5;0.0
27;20100;INTARIAN_PEPPER_ROOT;40012;12;40009;9;40007;9;40025;18;40028;10;40029;12;40019.0;0.0
27;20200;ASH_COATED_OSMIUM;9997;15;9994;15;9992;20;10013;12;10015;13;10017;13;10005.0;0.0
27;20200;INTARIAN_PEPPER_ROOT;40015;11;40014;10;;;40030;21;40033;19;;;40023.0;0.0
27;20300;ASH_COATED_OSMIUM;9993;14;;;;;10009;10;;;;;10001.5;0.0
27;20300;INTARIAN_PEPPER_ROOT;40015;10;;;;;40028;8;;;;;40021.5;0.0
27;20400;ASH_COATED_OSMIUM;9984;15;9982;14;9979;12;10003;11;10006;24;10008;14;9994.0;0.0
27;20400;INTARIAN_PEPPER_ROOT;40014;12;;;;;40026;10;;;;;40020.5;0.0
27;20500;ASH_COATED_OSMIUM;9990;15;9988;11;9986;10;10006;29;10009;12;10012;11;9998.5;0.0
27;20500;INTARIAN_PEPPER_ROOT;40015;12;40014;11;40011;8;40027;9;40029;10;40031;10;40021.5;0.0
27;20600;ASH_COATED_OSMIUM;9992;15;9991;15;;;10008;11;10010;12;;;10000.5;0.0
27;20600;INTARIAN_PEPPER_ROOT;40016;10;;;;;40030;19;;;;;40023.5;0.0
27;20700;ASH_COATED_OSMIUM;9990;14;;;;;10008;10;;;;;9999.5;0.0
27;20700;INTARIAN_PEPPER_ROOT;40015;8;;;;;40029;11;;;;;40022.0;0.0
27;20800;ASH_COATED_OSMIUM;9994;14;9993;10;;;10010;11;10013;13;;;10002.0;0.0
27;20800;INTARIAN_PEPPER_ROOT;40016;9;;;;;40029;12;;;;;40022.5;0.0
27;20900;ASH_COATED_OSMIUM;9990;14;;;;;10009;11;;;;;10000.0;0.0
27;20900;INTARIAN_PEPPER_ROOT;40015;25;40014;20;;;40027;10;40029;8;;;40021.0;0.0
27;21000;ASH_COATED_OSMIUM;9991;15;9990;10;;;10007;27;10009;12;;;9999.5;0.0
27;21000;INTARIAN_PEPPER_ROOT;40018;11;40016;23;;;40030;12;40033;11;;;40024.5;0.0
27;21100;ASH_COATED_OSMIUM;9996;15;;;;;10001;15;;;;;9999.0;0.0
27;21100;INTARIAN_PEPPER_ROOT;40013;8;40010;12;40008;20;40029;11;40030;10;40032;8;40021.5;0.0
27;21200;ASH_COATED_OSMIUM;9993;10;9990;15;;;10011;13;10013;14;;;10002.5;0.0
27;21200;INTARIAN_PEPPER_ROOT;40018;8;40016;16;;;40030;11;40032;8;;;40024.0;0.0
27;21300;ASH_COATED_OSMIUM;9998;12;;;;;10014;13;;;;;10006.5;0.0
27;21300;INTARIAN_PEPPER_ROOT;40016;11;40014;10;;;40029;12;40031;16;;;40023.0;0.0
27;21400;ASH_COATED_OSMIUM;9996;23;9995;14;9993;13;10012;12;10013;20;10015;15;10004.5;0.0
27;21400;INTARIAN_PEPPER_ROOT;40013;10;40012;5;40011;8;40027;8;40028;11;40031;11;40020.5;0.0
27;21500;ASH_COATED_OSMIUM;9992;11;9989;12;;;10008;14;10011;12;;;10000.0;0.0
27;21500;INTARIAN_PEPPER_ROOT;40017;9;40016;11;;;40030;8;40031;12;;;40023.5;0.0
27;21600;ASH_COATED_OSMIUM;9988;11;9985;25;;;10003;13;10004;10;;;9996.0;0.0
27;21600;INTARIAN_PEPPER_ROOT;40012;11;40010;12;40009;11;40029;12;40032;10;40035;11;40020.5;0.0
27;21700;ASH_COATED_OSMIUM;9982;11;;;;;10001;15;;;;;9992.0;0.0
27;21700;INTARIAN_PEPPER_ROOT;40013;8;40010;12;40007;9;40030;10;40031;8;40033;11;40022.0;0.0
27;21800;ASH_COATED_OSMIUM;9986;12;;;;;10002;11;;;;;9994.0;0.0
27;21800;INTARIAN_PEPPER_ROOT;40020;8;40017;12;;;40025;10;40028;9;;;40022.5;0.0
27;21900;ASH_COATED_OSMIUM;9988;13;9986;11;;;10004;13;10005;11;;;9996.0;0.0
27;21900;INTARIAN_PEPPER_ROOT;40018;16;40017;15;;;40033;20;40034;10;;;40025.5;0.0
27;22000;ASH_COATED_OSMIUM;9989;10;9986;14;9983;14;10005;15;10006;14;10007;15;9997.0;0.0
27;22000;INTARIAN_PEPPER_ROOT;40016;8;;;;;40028;12;;;;;40022.0;0.0
27;22100;ASH_COATED_OSMIUM;9995;15;9993;14;9991;20;10011;11;10014;15;10015;10;10003.5;0.0
27;22100;INTARIAN_PEPPER_ROOT;40014;11;40012;9;40009;10;40029;11;40030;9;40031;17;40022.0;0.0
27;22200;ASH_COATED_OSMIUM;9994;12;9993;14;;;10010;3;10013;11;;;10002.5;0.0
27;22200;INTARIAN_PEPPER_ROOT;40017;8;40014;25;40013;9;40032;8;40034;10;40037;8;40024.5;0.0
27;22300;ASH_COATED_OSMIUM;9996;2;9994;10;9991;12;10012;10;10013;15;10016;13;10004.0;0.0
27;22300;INTARIAN_PEPPER_ROOT;40016;12;40013;9;40012;19;40028;11;40029;12;40032;9;40022.0;0.0
27;22400;ASH_COATED_OSMIUM;9995;21;;;;;10011;11;;;;;10003.0;0.0
27;22400;INTARIAN_PEPPER_ROOT;40015;8;40012;12;;;40028;12;40031;9;;;40022.0;0.0
27;22500;ASH_COATED_OSMIUM;10000;15;9999;13;;;10016;10;10018;10;;;10008.0;0.0
27;22500;INTARIAN_PEPPER_ROOT;40011;10;;;;;40030;12;;;;;40020.5;0.0
27;22600;ASH_COATED_OSMIUM;9998;11;9995;12;9992;4;10016;15;10019;11;10021;11;10007.0;0.0
27;22600;INTARIAN_PEPPER_ROOT;40021;9;;;;;40035;9;;;;;40028.0;0.0
27;22700;ASH_COATED_OSMIUM;9992;11;9990;24;;;10010;15;10012;12;;;10001.5;0.0
27;22700;INTARIAN_PEPPER_ROOT;40016;10;40014;9;40011;9;40029;10;40032;10;40034;8;40022.5;0.0
27;22800;ASH_COATED_OSMIUM;9989;15;9987;26;;;10005;15;10006;13;;;9997.0;0.0
27;22800;INTARIAN_PEPPER_ROOT;40014;10;40012;8;;;40029;23;40032;11;;;40022.0;0.0
27;22900;ASH_COATED_OSMIUM;9983;2;9980;20;;;9999;11;10002;10;;;9991.5;0.0
27;22900;INTARIAN_PEPPER_ROOT;40018;8;40017;10;40015;10;40031;9;40034;8;40035;10;40025.0;0.0
27;23000;ASH_COATED_OSMIUM;9985;15;9982;21;9981;28;10003;15;10004;21;10005;12;9994.5;0.0
27;23000;INTARIAN_PEPPER_ROOT;40010;10;40008;11;;;40024;18;40026;12;;;40017.0;0.0
27;23100;ASH_COATED_OSMIUM;9988;13;9987;13;9986;2;10004;15;10007;11;10009;12;9996.5;0.0
27;23100;INTARIAN_PEPPER_ROOT;40014;9;;;;;40026;9;;;;;40020.0;0.0
27;23200;ASH_COATED_OSMIUM;9990;13;9989;13;;;10006;14;10007;15;;;9998.0;0.0
27;23200;INTARIAN_PEPPER_ROOT;40021;9;40019;9;40018;10;40026;12;40028;24;40029;12;40023.5;0.0
27;23300;ASH_COATED_OSMIUM;9984;13;9982;30;;;10002;20;10005;12;;;9993.5;0.0
27;23300;INTARIAN_PEPPER_ROOT;40020;8;;;;;40031;12;;;;;40026.0;0.0
27;23400;ASH_COATED_OSMIUM;9987;10;9986;10;9983;26;10003;14;10004;10;10005;13;9995.5;0.0
27;23400;INTARIAN_PEPPER_ROOT;40018;10;40016;9;;;40032;9;40033;8;;;40025.0;0.0
27;23500;ASH_COATED_OSMIUM;9988;23;9985;15;;;10004;10;10007;11;;;9996.0;0.0
27;23500;INTARIAN_PEPPER_ROOT;40014;11;;;;;40028;9;;;;;40021.0;0.0
27;23600;ASH_COATED_OSMIUM;9986;14;;;;;10002;15;;;;;9994.0;0.0
27;23600;INTARIAN_PEPPER_ROOT;40016;10;40013;11;40012;15;40031;8;40032;18;40033;9;40024.0;0.0
27;23700;ASH_COATED_OSMIUM;9986;2;9983;12;;;10002;13;10004;12;;;9994.5;0.0
27;23700;INTARIAN_PEPPER_ROOT;40017;8;;;;;40033;9;;;;;40025.0;0.0
27;23800;ASH_COATED_OSMIUM;9984;29;;;;;10000;10;;;;;9992.5;0.0
27;23800;INTARIAN_PEPPER_ROOT;40015;8;40013;12;;;40031;12;40033;10;;;40023.0;0.0
27;23900;ASH_COATED_OSMIUM;9985;15;;;;;10001;11;;;;;9993.5;0.0
27;23900;INTARIAN_PEPPER_ROOT;40018;10;40017;9;;;40030;10;40032;12;;;40024.5;0.0
27;24000;ASH_COATED_OSMIUM;9987;12;;;;;10003;28;;;;;9995.5;0.0
27;24000;INTARIAN_PEPPER_ROOT;40016;10;;;;;40031;12;;;;;40024.0;0.0
27;24100;ASH_COATED_OSMIUM;9991;15;;;;;10007;11;;;;;9999.5;0.0
27;24100;INTARIAN_PEPPER_ROOT;40018;11;40015;8;40013;8;40030;21;40031;9;40033;10;40024.0;0.0
27;24200;ASH_COATED_OSMIUM;9986;14;9983;15;;;10002;12;10004;6;;;9994.5;0.0
27;24200;INTARIAN_PEPPER_ROOT;40014;21;;;;;40029;11;;;;;40022.0;0.0
27;24300;ASH_COATED_OSMIUM;9988;15;9987;26;9986;13;10007;14;10010;15;10013;14;9998.0;0.0
27;24300;INTARIAN_PEPPER_ROOT;40021;23;40020;8;40019;9;40036;12;40038;11;40041;10;40028.5;0.0
27;24400;ASH_COATED_OSMIUM;9994;12;9993;13;;;10010;12;10011;13;;;10002.5;0.0
27;24400;INTARIAN_PEPPER_ROOT;40020;8;;;;;40032;8;;;;;40026.0;0.0
27;24500;ASH_COATED_OSMIUM;9995;11;9993;10;9991;8;10011;15;10013;15;10015;14;10003.0;0.0
27;24500;INTARIAN_PEPPER_ROOT;40016;12;;;;;40029;24;;;;;40023.0;0.0
27;24600;ASH_COATED_OSMIUM;9995;14;9994;11;;;10011;13;10014;15;;;10003.0;0.0
27;24600;INTARIAN_PEPPER_ROOT;40014;12;40012;23;40009;10;40027;8;40028;9;40029;10;40020.5;0.0
27;24700;ASH_COATED_OSMIUM;9988;23;9985;26;;;10006;21;10009;13;;;9997.5;0.0
27;24700;INTARIAN_PEPPER_ROOT;40017;9;;;;;40031;11;;;;;40024.5;0.0
27;24800;ASH_COATED_OSMIUM;9986;10;;;;;10005;10;;;;;9995.5;0.0
27;24800;INTARIAN_PEPPER_ROOT;40016;21;40015;15;;;40030;10;40031;8;;;40023.0;0.0
27;24900;ASH_COATED_OSMIUM;9988;30;9987;11;;;10004;14;10006;15;;;9996.0;0.0
27;24900;INTARIAN_PEPPER_ROOT;40016;11;40014;25;40013;16;40034;10;40036;10;40039;10;40025.0;0.0
27;25000;ASH_COATED_OSMIUM;9982;26;;;;;9998;15;;;;;9990.0;0.0
27;25000;INTARIAN_PEPPER_ROOT;40019;11;40016;8;;;40030;8;40033;11;;;40025.0;0.0
27;25100;ASH_COATED_OSMIUM;9986;13;9983;10;9980;23;10002;13;10003;10;10006;13;9994.0;0.0
27;25100;INTARIAN_PEPPER_ROOT;40023;10;40021;11;;;40034;11;40036;9;;;40028.5;0.0
27;25200;ASH_COATED_OSMIUM;9986;12;9984;29;9981;30;10002;30;10005;10;10006;15;9994.5;0.0
27;25200;INTARIAN_PEPPER_ROOT;40019;17;;;;;40030;8;;;;;40025.0;0.0
27;25300;ASH_COATED_OSMIUM;9981;11;9979;12;9977;15;9997;14;10000;29;10001;14;9989.0;0.0
27;25300;INTARIAN_PEPPER_ROOT;40021;10;40020;15;;;40034;21;40037;8;;;40027.5;0.0
27;25400;ASH_COATED_OSMIUM;9989;14;;;;;10005;10;;;;;9997.5;0.0
27;25400;INTARIAN_PEPPER_ROOT;40016;11;40014;9;;;40031;9;40033;12;;;40024.0;0.0
27;25500;ASH_COATED_OSMIUM;9982;15;9981;26;;;10000;13;10002;10;;;9991.5;0.0
27;25500;INTARIAN_PEPPER_ROOT;40019;12;40016;12;;;40031;11;40033;8;;;40025.0;0.0
27;25600;ASH_COATED_OSMIUM;9989;13;9986;12;9984;14;9999;21;10001;5;10002;13;9994.0;0.0
27;25600;INTARIAN_PEPPER_ROOT;40019;11;40018;20;;;40036;8;40037;12;;;40028.0;0.0
27;25700;ASH_COATED_OSMIUM;9987;12;9986;15;;;10003;23;10004;14;;;9995.5;0.0
27;25700;INTARIAN_PEPPER_ROOT;40020;11;40017;9;;;40034;15;40036;9;;;40027.0;0.0
27;25800;ASH_COATED_OSMIUM;9996;28;;;;;10012;12;;;;;10004.5;0.0
27;25800;INTARIAN_PEPPER_ROOT;40019;10;40016;10;;;40032;3;40033;12;;;40025.5;0.0
27;25900;ASH_COATED_OSMIUM;9997;11;;;;;10013;10;;;;;10005.0;0.0
27;25900;INTARIAN_PEPPER_ROOT;40019;12;40018;10;;;40033;12;40035;9;;;40026.5;0.0
27;26000;ASH_COATED_OSMIUM;9995;15;;;;;10011;14;;;;;10003.0;0.0
27;26000;INTARIAN_PEPPER_ROOT;40024;9;40023;10;;;40037;8;40039;8;;;40030.5;0.0
27;26100;ASH_COATED_OSMIUM;9991;15;;;;;10010;13;;;;;10000.5;0.0
27;26100;INTARIAN_PEPPER_ROOT;40018;8;40015;10;40014;10;40032;11;40035;19;40038;18;40025.5;0.0
27;26200;ASH_COATED_OSMIUM;10001;14;9998;23;9995;10;10017;10;10018;14;10020;20;10009.5;0.0
27;26200;INTARIAN_PEPPER_ROOT;40022;17;40019;10;40017;8;40025;11;40028;8;40030;8;40024.0;0.0
27;26300;ASH_COATED_OSMIUM;10002;28;10001;12;;;10018;14;10019;12;;;10010.5;0.0
27;26300;INTARIAN_PEPPER_ROOT;40019;10;40018;10;;;40031;12;40034;24;;;40025.5;0.0
27;26400;ASH_COATED_OSMIUM;10000;15;9997;15;9995;3;10019;11;10022;12;10025;15;10010.0;0.0
27;26400;INTARIAN_PEPPER_ROOT;40024;8;40021;12;40018;9;40037;10;40040;8;40042;10;40030.5;0.0
27;26500;ASH_COATED_OSMIUM;10004;11;10003;23;;;10011;13;10014;13;;;10008.0;0.0
27;26500;INTARIAN_PEPPER_ROOT;40018;10;40015;11;40012;9;40030;8;40031;12;40034;21;40024.5;0.0
27;26600;ASH_COATED_OSMIUM;10000;11;;;;;10011;29;;;;;10005.5;0.0
27;26600;INTARIAN_PEPPER_ROOT;40018;4;;;;;40032;19;;;;;40025.5;0.0
27;26700;ASH_COATED_OSMIUM;10000;10;;;;;10010;13;;;;;10005.0;0.0
27;26700;INTARIAN_PEPPER_ROOT;40023;12;40021;12;40018;9;40035;10;40036;21;40039;18;40029.5;0.0
27;26800;ASH_COATED_OSMIUM;9993;13;;;;;10009;13;;;;;10001.0;0.0
27;26800;INTARIAN_PEPPER_ROOT;40023;12;40022;8;40019;11;40035;10;40036;12;40038;12;40029.0;0.0
27;26900;ASH_COATED_OSMIUM;9992;11;9989;10;;;10008;11;10009;14;;;10000.5;0.0
27;26900;INTARIAN_PEPPER_ROOT;40022;9;40021;9;;;40033;9;40036;10;;;40028.0;0.0
27;27000;ASH_COATED_OSMIUM;9993;12;9992;10;9991;10;10011;11;10013;13;10014;15;10002.5;0.0
27;27000;INTARIAN_PEPPER_ROOT;40021;8;;;;;40034;9;;;;;40027.5;0.0
27;27100;ASH_COATED_OSMIUM;9990;15;;;;;10006;14;;;;;9998.5;0.0
27;27100;INTARIAN_PEPPER_ROOT;40022;9;40021;11;;;40035;9;40036;11;;;40028.5;0.0
27;27200;ASH_COATED_OSMIUM;9988;12;9985;13;;;10004;11;10007;14;;;9996.5;0.0
27;27200;INTARIAN_PEPPER_ROOT;40024;12;40023;9;;;40039;20;40041;10;;;40032.0;0.0
27;27300;ASH_COATED_OSMIUM;9987;10;;;;;10003;13;;;;;9995.5;0.0
27;27300;INTARIAN_PEPPER_ROOT;40022;10;40021;8;;;40033;8;40034;12;;;40028.0;0.0
27;27400;ASH_COATED_OSMIUM;9989;13;;;;;10007;5;;;;;9998.0;0.0
27;27400;INTARIAN_PEPPER_ROOT;40022;9;;;;;40034;12;;;;;40028.5;0.0
27;27500;ASH_COATED_OSMIUM;9991;10;9990;15;;;10010;10;10013;4;;;10001.0;0.0
27;27500;INTARIAN_PEPPER_ROOT;40019;9;40016;9;40014;8;40036;8;40037;21;40039;10;40027.5;0.0
27;27600;ASH_COATED_OSMIUM;9994;15;9991;22;9989;11;10010;15;10012;14;10015;25;10002.5;0.0
27;27600;INTARIAN_PEPPER_ROOT;40018;10;40015;23;;;40031;19;40032;12;;;40024.5;0.0
27;27700;ASH_COATED_OSMIUM;9999;13;;;;;10009;12;;;;;10004.5;0.0
27;27700;INTARIAN_PEPPER_ROOT;40022;11;40019;21;;;40034;11;40037;10;;;40028.5;0.0
27;27800;ASH_COATED_OSMIUM;9997;14;9995;13;;;10013;10;10015;13;;;10005.5;0.0
27;27800;INTARIAN_PEPPER_ROOT;40020;12;40018;18;;;40033;8;40034;10;;;40027.0;0.0
27;27900;ASH_COATED_OSMIUM;9996;10;;;;;10012;12;;;;;10004.0;0.0
27;27900;INTARIAN_PEPPER_ROOT;40020;11;40017;23;40014;11;40034;11;40036;9;40038;12;40027.5;0.0
27;28000;ASH_COATED_OSMIUM;9993;25;9992;14;9989;15;10012;15;10015;13;10017;13;10002.5;0.0
27;28000;INTARIAN_PEPPER_ROOT;40021;10;40018;9;;;40034;11;40035;11;;;40027.5;0.0
27;28100;ASH_COATED_OSMIUM;9996;12;;;;;10012;14;;;;;10004.5;0.0
27;28100;INTARIAN_PEPPER_ROOT;40022;23;40021;11;;;40035;9;40037;10;;;40028.5;0.0
27;28200;ASH_COATED_OSMIUM;9989;14;9986;10;;;10005;20;10007;11;;;9997.5;0.0
27;28200;INTARIAN_PEPPER_ROOT;40015;25;;;;;40029;9;;;;;40022.5;0.0
27;28300;ASH_COATED_OSMIUM;9984;12;;;;;10002;11;;;;;9993.5;0.0
27;28300;INTARIAN_PEPPER_ROOT;40025;9;40022;19;;;40036;9;40037;9;;;40031.0;0.0
27;28400;ASH_COATED_OSMIUM;9977;15;;;;;9993;12;;;;;9985.5;0.0
27;28400;INTARIAN_PEPPER_ROOT;40023;9;40020;9;40019;10;40035;9;40038;18;40041;11;40029.5;0.0
27;28500;ASH_COATED_OSMIUM;9983;11;9980;15;9979;10;10001;21;10002;10;10003;10;9992.5;0.0
27;28500;INTARIAN_PEPPER_ROOT;40025;11;40022;9;;;40038;8;40040;12;;;40031.5;0.0
27;28600;ASH_COATED_OSMIUM;9988;13;;;;;10004;27;;;;;9996.0;0.0
27;28600;INTARIAN_PEPPER_ROOT;40023;10;40022;9;40020;9;40036;12;40037;12;40040;17;40029.5;0.0
27;28700;ASH_COATED_OSMIUM;9982;10;9981;12;9978;12;10000;15;10003;25;10006;10;9991.0;0.0
27;28700;INTARIAN_PEPPER_ROOT;40022;6;;;;;40035;11;;;;;40028.5;0.0
27;28800;ASH_COATED_OSMIUM;9988;14;9985;15;9982;10;10004;27;10007;10;10009;10;9996.0;0.0
27;28800;INTARIAN_PEPPER_ROOT;40021;22;40019;6;;;40034;11;40037;12;;;40027.5;0.0
27;28900;ASH_COATED_OSMIUM;9992;13;9989;12;9987;13;10011;11;10014;10;10017;10;10002.0;0.0
27;28900;INTARIAN_PEPPER_ROOT;40025;10;40024;11;;;40038;12;40040;8;;;40032.0;0.0
27;29000;ASH_COATED_OSMIUM;9992;15;;;;;10008;15;;;;;10000.5;0.0
27;29000;INTARIAN_PEPPER_ROOT;40024;8;;;;;40035;11;;;;;40029.5;0.0
27;29100;ASH_COATED_OSMIUM;9991;14;9988;14;;;10007;8;10010;15;;;9999.5;0.0
27;29100;INTARIAN_PEPPER_ROOT;40019;5;;;;;40035;16;;;;;40027.0;0.0
27;29200;ASH_COATED_OSMIUM;9995;11;9992;10;;;10011;15;10013;27;;;10003.5;0.0
27;29200;INTARIAN_PEPPER_ROOT;40019;10;40018;10;;;40036;12;40038;15;;;40027.5;0.0
27;29300;ASH_COATED_OSMIUM;9994;9;;;;;10013;14;;;;;10003.5;0.0
27;29300;INTARIAN_PEPPER_ROOT;40024;11;;;;;40040;12;;;;;40032.0;0.0
27;29400;ASH_COATED_OSMIUM;9991;11;9990;10;;;10007;15;10008;24;;;9999.0;0.0
27;29400;INTARIAN_PEPPER_ROOT;40024;12;40021;10;40018;8;40040;12;40042;8;40043;10;40032.0;0.0
27;29500;ASH_COATED_OSMIUM;9992;12;9991;15;;;10008;12;10010;14;;;10000.0;0.0
27;29500;INTARIAN_PEPPER_ROOT;40020;11;40017;20;40015;12;40033;9;40034;24;40037;9;40027.0;0.0
27;29600;ASH_COATED_OSMIUM;9984;24;;;;;10003;14;;;;;9993.5;0.0
27;29600;INTARIAN_PEPPER_ROOT;40021;11;40018;8;;;40034;8;40036;8;;;40027.5;0.0
27;29700;ASH_COATED_OSMIUM;9988;13;9986;15;;;10004;27;10006;10;;;9996.0;0.0
27;29700;INTARIAN_PEPPER_ROOT;40024;10;40022;8;;;40036;9;40038;11;;;40030.5;0.0
27;29800;ASH_COATED_OSMIUM;9986;11;9983;25;9980;13;10005;14;10008;13;10009;15;9996.0;0.0
27;29800;INTARIAN_PEPPER_ROOT;40024;10;;;;;40033;8;;;;;40028.5;0.0
27;29900;ASH_COATED_OSMIUM;9986;13;;;;;10002;26;;;;;9994.5;0.0
27;29900;INTARIAN_PEPPER_ROOT;40033;11;40031;12;;;40037;25;40039;12;;;40035.0;0.0
27;30000;ASH_COATED_OSMIUM;9986;11;;;;;10002;22;;;;;9994.0;0.0
27;30000;INTARIAN_PEPPER_ROOT;40023;9;40020;12;40019;25;40036;12;40037;10;40039;8;40029.5;0.0
27;30100;ASH_COATED_OSMIUM;9993;14;;;;;9999;13;;;;;9996.5;0.0
27;30100;INTARIAN_PEPPER_ROOT;40020;11;40017;9;;;40033;9;40035;9;;;40027.0;0.0
27;30200;ASH_COATED_OSMIUM;9990;14;9987;12;;;10006;13;10007;10;;;9998.5;0.0
27;30200;INTARIAN_PEPPER_ROOT;40020;8;40019;9;;;40037;10;40039;11;;;40029.0;0.0
27;30300;ASH_COATED_OSMIUM;9993;26;;;;;10009;12;;;;;10001.5;0.0
27;30300;INTARIAN_PEPPER_ROOT;40023;9;;;;;40037;9;;;;;40030.5;0.0
27;30400;ASH_COATED_OSMIUM;9991;15;;;;;10007;27;;;;;9999.5;0.0
27;30400;INTARIAN_PEPPER_ROOT;40024;8;40022;23;;;40038;9;40039;24;;;40031.5;0.0
27;30500;ASH_COATED_OSMIUM;9987;29;9986;20;;;10005;12;10007;10;;;9996.0;0.0
27;30500;INTARIAN_PEPPER_ROOT;40025;10;40022;9;;;40038;12;40040;12;;;40032.0;0.0
27;30600;ASH_COATED_OSMIUM;9990;11;9988;2;;;10006;14;10009;15;;;9998.5;0.0
27;30600;INTARIAN_PEPPER_ROOT;40025;23;;;;;40042;10;;;;;40034.0;0.0
27;30700;ASH_COATED_OSMIUM;9991;11;;;;;10007;10;;;;;9999.0;0.0
27;30700;INTARIAN_PEPPER_ROOT;40023;16;40020;21;40018;8;40035;10;40036;9;40039;12;40029.0;0.0
27;30800;ASH_COATED_OSMIUM;9986;25;9984;12;;;10004;14;10005;14;;;9995.5;0.0
27;30800;INTARIAN_PEPPER_ROOT;40023;10;40020;9;40017;9;40034;9;40035;8;40038;12;40028.5;0.0
27;30900;ASH_COATED_OSMIUM;9989;14;9988;10;;;10007;15;10009;10;;;9998.0;0.0
27;30900;INTARIAN_PEPPER_ROOT;40024;20;40023;9;;;40037;16;40038;9;;;40031.0;0.0
27;31000;ASH_COATED_OSMIUM;9988;30;;;;;10004;12;;;;;9996.0;0.0
27;31000;INTARIAN_PEPPER_ROOT;40022;18;;;;;40038;12;;;;;40030.5;0.0
27;31100;ASH_COATED_OSMIUM;9988;24;9987;13;;;10004;15;10006;13;;;9996.5;0.0
27;31100;INTARIAN_PEPPER_ROOT;40026;25;;;;;40037;19;;;;;40031.5;0.0
27;31200;ASH_COATED_OSMIUM;9992;15;9990;25;;;10008;13;10010;11;;;10000.0;0.0
27;31200;INTARIAN_PEPPER_ROOT;40027;12;40026;9;40023;24;40039;10;40041;12;40042;15;40033.5;0.0
27;31300;ASH_COATED_OSMIUM;9990;13;;;;;10006;10;;;;;9998.5;0.0
27;31300;INTARIAN_PEPPER_ROOT;40025;18;40023;12;;;40039;17;40041;12;;;40032.5;0.0
27;31400;ASH_COATED_OSMIUM;9988;25;;;;;10004;10;;;;;9996.5;0.0
27;31400;INTARIAN_PEPPER_ROOT;40022;10;40020;8;40017;9;40035;10;40037;12;40040;12;40029.0;0.0
27;31500;ASH_COATED_OSMIUM;9988;11;9987;12;9985;28;10004;13;10006;15;10007;12;9996.0;0.0
27;31500;INTARIAN_PEPPER_ROOT;40028;12;40025;10;40022;12;40041;8;40043;12;40046;8;40035.0;0.0
27;31600;ASH_COATED_OSMIUM;9990;13;9988;13;;;10009;14;10012;14;;;10000.0;0.0
27;31600;INTARIAN_PEPPER_ROOT;40022;11;40020;9;40018;10;40034;10;40037;9;40040;12;40028.5;0.0
27;31700;ASH_COATED_OSMIUM;9997;11;9995;2;9993;14;10013;15;10014;12;10015;10;10005.5;0.0
27;31700;INTARIAN_PEPPER_ROOT;40029;11;40028;10;;;40043;10;40045;10;;;40036.5;0.0
27;31800;ASH_COATED_OSMIUM;9998;14;;;;;10014;24;;;;;10006.5;0.0
27;31800;INTARIAN_PEPPER_ROOT;40023;9;40021;8;40020;10;40035;8;40036;12;40037;8;40029.0;0.0
27;31900;ASH_COATED_OSMIUM;9998;10;9995;15;9993;26;10005;12;10006;11;10009;26;10001.5;0.0
27;31900;INTARIAN_PEPPER_ROOT;40026;11;40023;10;;;40039;9;40040;18;;;40032.5;0.0
27;32000;ASH_COATED_OSMIUM;9992;15;9989;11;;;10010;12;10013;10;;;10001.5;0.0
27;32000;INTARIAN_PEPPER_ROOT;40020;9;40017;12;;;40034;10;40036;10;;;40027.5;0.0
27;32100;ASH_COATED_OSMIUM;9997;12;9995;14;9993;12;10016;26;10017;21;10019;11;10007.0;0.0
27;32100;INTARIAN_PEPPER_ROOT;40024;23;40022;9;;;40036;16;40039;15;;;40030.5;0.0
27;32200;ASH_COATED_OSMIUM;9998;20;9996;29;;;10014;13;10017;15;;;10006.0;0.0
27;32200;INTARIAN_PEPPER_ROOT;40026;8;40023;11;;;40038;9;40040;12;;;40032.5;0.0
27;32300;ASH_COATED_OSMIUM;9998;15;;;;;10014;12;;;;;10006.5;0.0
27;32300;INTARIAN_PEPPER_ROOT;40028;11;40025;12;;;40041;8;40044;9;;;40035.0;0.0
27;32400;ASH_COATED_OSMIUM;9996;11;9993;10;;;10012;26;10014;20;;;10004.0;0.0
27;32400;INTARIAN_PEPPER_ROOT;40024;12;;;;;40037;9;;;;;40031.0;0.0
27;32500;ASH_COATED_OSMIUM;9993;12;;;;;10009;15;;;;;10001.5;0.0
27;32500;INTARIAN_PEPPER_ROOT;40023;9;40021;10;40018;10;40038;12;40041;19;40043;10;40030.5;0.0
27;32600;ASH_COATED_OSMIUM;9997;27;9995;15;;;10013;15;10014;7;;;10005.0;0.0
27;32600;INTARIAN_PEPPER_ROOT;40024;12;40023;23;40020;20;40038;12;40039;12;40040;12;40031.5;0.0
27;32700;ASH_COATED_OSMIUM;9992;10;9990;3;9988;13;10008;10;10010;14;10013;23;10000.5;0.0
27;32700;INTARIAN_PEPPER_ROOT;40026;9;40024;12;40021;18;40038;11;40040;12;40042;8;40032.0;0.0
27;32800;ASH_COATED_OSMIUM;9992;12;9990;14;9988;23;10002;12;10005;15;10007;13;9997.5;0.0
27;32800;INTARIAN_PEPPER_ROOT;40026;8;;;;;40038;8;;;;;40032.5;0.0
27;32900;ASH_COATED_OSMIUM;9987;12;9984;11;;;10003;15;10006;29;;;9995.5;0.0
27;32900;INTARIAN_PEPPER_ROOT;40021;10;40018;25;40016;8;40038;12;40041;12;40044;10;40030.0;0.0
27;33000;ASH_COATED_OSMIUM;9991;10;9990;15;9987;13;10007;23;10009;10;10010;14;9999.0;0.0
27;33000;INTARIAN_PEPPER_ROOT;40028;3;40025;10;40022;10;40040;10;40043;12;40044;10;40034.5;0.0
27;33100;ASH_COATED_OSMIUM;9990;10;;;;;10008;13;;;;;9999.0;0.0
27;33100;INTARIAN_PEPPER_ROOT;40029;9;40027;12;;;40042;10;40045;16;;;40036.0;0.0
27;33200;ASH_COATED_OSMIUM;9988;28;9985;13;;;10004;11;10006;13;;;9996.0;0.0
27;33200;INTARIAN_PEPPER_ROOT;40027;10;40025;9;;;40040;8;40042;18;;;40033.5;0.0
27;33300;ASH_COATED_OSMIUM;9986;10;9983;15;9981;11;10002;11;10005;14;10007;15;9994.5;0.0
27;33300;INTARIAN_PEPPER_ROOT;40026;6;40023;9;;;40038;11;40040;12;;;40032.5;0.0
27;33400;ASH_COATED_OSMIUM;9985;12;;;;;10001;15;;;;;9993.0;0.0
27;33400;INTARIAN_PEPPER_ROOT;40032;8;;;;;40043;8;;;;;40038.0;0.0
27;33500;ASH_COATED_OSMIUM;9986;15;;;;;10002;14;;;;;9994.5;0.0
27;33500;INTARIAN_PEPPER_ROOT;40028;9;;;;;40040;16;;;;;40034.0;0.0
27;33600;ASH_COATED_OSMIUM;9991;13;;;;;10007;26;;;;;9999.5;0.0
27;33600;INTARIAN_PEPPER_ROOT;40029;8;;;;;40045;9;;;;;40037.5;0.0
27;33700;ASH_COATED_OSMIUM;9993;13;9990;13;9988;13;10009;12;10010;13;10013;22;10001.0;0.0
27;33700;INTARIAN_PEPPER_ROOT;40028;10;40025;21;40022;10;40040;11;40043;8;40046;8;40034.5;0.0
27;33800;ASH_COATED_OSMIUM;9996;10;;;;;10017;4;;;;;10007.0;0.0
27;33800;INTARIAN_PEPPER_ROOT;40027;11;40025;12;;;40038;8;40039;25;;;40032.5;0.0
27;33900;ASH_COATED_OSMIUM;9995;15;9993;12;9991;15;10011;11;10013;11;10015;11;10003.5;0.0
27;33900;INTARIAN_PEPPER_ROOT;40024;12;40021;12;;;40038;16;40039;10;;;40031.5;0.0
27;34000;ASH_COATED_OSMIUM;10000;11;9999;25;;;10010;11;10012;10;;;10005.5;0.0
27;34000;INTARIAN_PEPPER_ROOT;40031;23;40029;9;;;40042;11;40043;10;;;40036.5;0.0
27;34100;ASH_COATED_OSMIUM;10005;15;10003;10;10000;15;10021;15;10023;20;10024;10;10013.5;0.0
27;34100;INTARIAN_PEPPER_ROOT;40029;18;40028;11;;;40043;12;40046;10;;;40036.5;0.0
27;34200;ASH_COATED_OSMIUM;9999;13;9996;2;9993;14;10017;14;10019;14;10021;10;10008.5;0.0
27;34200;INTARIAN_PEPPER_ROOT;40026;18;40023;12;;;40041;10;40043;18;;;40033.5;0.0
27;34300;ASH_COATED_OSMIUM;9999;23;;;;;10015;10;;;;;10007.5;0.0
27;34300;INTARIAN_PEPPER_ROOT;40024;11;;;;;40038;12;;;;;40031.5;0.0
27;34400;ASH_COATED_OSMIUM;9998;11;9995;12;9992;11;10017;10;10018;29;10019;14;10008.0;0.0
27;34400;INTARIAN_PEPPER_ROOT;40030;11;40028;8;;;40041;22;40043;11;;;40035.5;0.0
27;34500;ASH_COATED_OSMIUM;9993;15;9990;11;;;10009;15;10012;11;;;10001.5;0.0
27;34500;INTARIAN_PEPPER_ROOT;40026;12;40025;8;;;40037;21;40038;8;;;40032.0;0.0
27;34600;ASH_COATED_OSMIUM;10001;5;;;;;10017;13;;;;;10009.0;0.0
27;34600;INTARIAN_PEPPER_ROOT;40030;12;;;;;40044;9;;;;;40037.5;0.0
27;34700;ASH_COATED_OSMIUM;10007;15;10005;13;;;10023;12;10025;23;;;10015.5;0.0
27;34700;INTARIAN_PEPPER_ROOT;40026;11;40024;20;40023;9;40043;21;40045;12;40048;9;40035.0;0.0
27;34800;ASH_COATED_OSMIUM;10003;12;;;;;10019;10;;;;;10011.0;0.0
27;34800;INTARIAN_PEPPER_ROOT;40029;11;;;;;40044;12;;;;;40037.0;0.0
27;34900;ASH_COATED_OSMIUM;10001;30;9998;24;;;10017;11;10020;29;;;10009.5;0.0
27;34900;INTARIAN_PEPPER_ROOT;40028;8;40027;17;;;40039;19;40041;8;;;40033.5;0.0
27;35000;ASH_COATED_OSMIUM;9995;14;;;;;10011;14;;;;;10003.0;0.0
27;35000;INTARIAN_PEPPER_ROOT;40031;10;;;;;40044;8;;;;;40037.5;0.0
27;35100;ASH_COATED_OSMIUM;9992;10;9990;10;9987;11;10010;11;10012;10;10013;30;10001.0;0.0
27;35100;INTARIAN_PEPPER_ROOT;40026;16;40025;9;40024;12;40042;11;40043;8;40044;9;40034.5;0.0
27;35200;ASH_COATED_OSMIUM;9994;10;9992;15;;;10004;14;10007;11;;;9999.5;0.0
27;35200;INTARIAN_PEPPER_ROOT;40029;10;40028;12;40027;10;40043;11;40046;12;40048;23;40036.0;0.0
27;35300;ASH_COATED_OSMIUM;9999;11;9997;10;;;10008;12;10009;12;;;10003.5;0.0
27;35300;INTARIAN_PEPPER_ROOT;40030;6;40028;8;;;40043;10;40044;9;;;40036.5;0.0
27;35400;ASH_COATED_OSMIUM;10000;10;9998;15;;;10010;15;10012;12;;;10005.5;0.0
27;35400;INTARIAN_PEPPER_ROOT;40032;11;;;;;40045;9;;;;;40039.0;0.0
27;35500;ASH_COATED_OSMIUM;9999;12;;;;;10015;11;;;;;10007.5;0.0
27;35500;INTARIAN_PEPPER_ROOT;40030;11;40028;9;;;40042;10;40044;9;;;40036.0;0.0
27;35600;ASH_COATED_OSMIUM;10000;13;9998;25;9996;22;10018;20;10020;12;10021;21;10009.5;0.0
27;35600;INTARIAN_PEPPER_ROOT;40030;12;40027;8;;;40043;8;40046;5;;;40037.0;0.0
27;35700;ASH_COATED_OSMIUM;10002;13;10000;13;;;10018;11;10020;14;;;10010.0;0.0
27;35700;INTARIAN_PEPPER_ROOT;40034;10;;;;;40038;16;;;;;40036.5;0.0
27;35800;ASH_COATED_OSMIUM;9999;14;9997;13;;;10015;14;10018;24;;;10007.5;0.0
27;35800;INTARIAN_PEPPER_ROOT;40029;12;40027;23;;;40043;10;40044;25;;;40036.0;0.0
27;35900;ASH_COATED_OSMIUM;10000;2;;;;;10019;25;;;;;10010.0;0.0
27;35900;INTARIAN_PEPPER_ROOT;40032;17;;;;;40046;23;;;;;40039.0;0.0
27;36000;ASH_COATED_OSMIUM;10002;4;10001;14;;;10011;5;10013;14;;;10006.5;0.0
27;36000;INTARIAN_PEPPER_ROOT;40032;8;;;;;40045;8;;;;;40038.5;0.0
27;36100;ASH_COATED_OSMIUM;9998;12;9997;11;9995;10;10014;2;10016;12;10018;10;10006.5;0.0
27;36100;INTARIAN_PEPPER_ROOT;40032;12;40029;11;;;40045;10;40048;10;;;40039.0;0.0
27;36200;ASH_COATED_OSMIUM;9991;13;9988;12;9985;14;10010;15;10012;25;10015;13;10000.5;0.0
27;36200;INTARIAN_PEPPER_ROOT;40032;9;;;;;40045;12;;;;;40038.5;0.0
27;36300;ASH_COATED_OSMIUM;9992;11;;;;;10010;14;;;;;10001.0;0.0
27;36300;INTARIAN_PEPPER_ROOT;40029;20;40028;11;;;40040;9;40043;19;;;40035.0;0.0
27;36400;ASH_COATED_OSMIUM;9996;11;;;;;10012;22;;;;;10004.0;0.0
27;36400;INTARIAN_PEPPER_ROOT;40029;10;40026;11;;;40046;25;40049;10;;;40038.0;0.0
27;36500;ASH_COATED_OSMIUM;9997;15;9996;22;9994;8;10007;14;10010;15;10011;15;10002.0;0.0
27;36500;INTARIAN_PEPPER_ROOT;40033;10;;;;;40044;11;;;;;40039.0;0.0
27;36600;ASH_COATED_OSMIUM;9987;10;9986;15;9985;3;10006;14;10008;30;10010;12;9996.5;0.0
27;36600;INTARIAN_PEPPER_ROOT;40027;12;40024;19;40023;12;40040;10;40042;10;40045;9;40034.0;0.0
27;36700;ASH_COATED_OSMIUM;9985;15;9984;10;;;10006;13;10009;14;;;9996.0;0.0
27;36700;INTARIAN_PEPPER_ROOT;40031;9;40029;10;40026;8;40044;9;40045;8;40046;9;40038.0;0.0
27;36800;ASH_COATED_OSMIUM;9990;14;;;;;10006;21;;;;;9998.5;0.0
27;36800;INTARIAN_PEPPER_ROOT;40031;8;40028;10;;;40045;11;40047;12;;;40038.0;0.0
27;36900;ASH_COATED_OSMIUM;9991;14;9990;14;9987;10;10009;15;10012;5;10015;14;10000.5;0.0
27;36900;INTARIAN_PEPPER_ROOT;40030;8;;;;;40042;15;;;;;40036.0;0.0
27;37000;ASH_COATED_OSMIUM;9999;14;;;;;10010;27;;;;;10004.5;0.0
27;37000;INTARIAN_PEPPER_ROOT;40029;23;40028;9;;;40042;11;40045;11;;;40036.0;0.0
27;37100;ASH_COATED_OSMIUM;9992;12;;;;;10008;14;;;;;10000.0;0.0
27;37100;INTARIAN_PEPPER_ROOT;40027;8;40024;12;;;40041;11;40044;9;;;40034.0;0.0
27;37200;ASH_COATED_OSMIUM;9990;10;9987;13;9985;14;10006;30;10008;12;10011;13;9998.0;0.0
27;37200;INTARIAN_PEPPER_ROOT;40026;11;;;;;40041;12;;;;;40033.5;0.0
27;37300;ASH_COATED_OSMIUM;9997;13;9995;10;9992;12;10013;10;10015;14;10017;13;10005.5;0.0
27;37300;INTARIAN_PEPPER_ROOT;40032;11;40030;9;;;40047;8;40049;24;;;40040.0;0.0
27;37400;ASH_COATED_OSMIUM;9992;14;9991;12;;;10011;13;10013;10;;;10002.0;0.0
27;37400;INTARIAN_PEPPER_ROOT;40027;9;;;;;40045;8;;;;;40036.5;0.0
27;37500;ASH_COATED_OSMIUM;9992;13;9991;2;;;10008;20;10010;15;;;10000.5;0.0
27;37500;INTARIAN_PEPPER_ROOT;40030;11;40027;8;40024;12;40044;21;40047;8;40049;10;40037.0;0.0
27;37600;ASH_COATED_OSMIUM;9991;12;9990;14;;;10009;12;10011;11;;;10000.5;0.0
27;37600;INTARIAN_PEPPER_ROOT;40030;10;40028;9;;;40045;19;40046;12;;;40038.0;0.0
27;37700;ASH_COATED_OSMIUM;9996;29;9994;11;9991;15;10012;15;10014;4;10016;14;10004.0;0.0
27;37700;INTARIAN_PEPPER_ROOT;40028;20;;;;;40045;8;;;;;40036.5;0.0
27;37800;ASH_COATED_OSMIUM;9989;14;9988;10;;;10008;13;10009;10;;;9999.0;0.0
27;37800;INTARIAN_PEPPER_ROOT;40034;12;40033;10;;;40045;12;40048;8;;;40039.5;0.0
27;37900;ASH_COATED_OSMIUM;9989;12;;;;;10005;13;;;;;9997.0;0.0
27;37900;INTARIAN_PEPPER_ROOT;40036;10;;;;;40047;12;;;;;40042.0;0.0
27;38000;ASH_COATED_OSMIUM;9993;26;9990;15;;;10009;11;10010;13;;;10001.0;0.0
27;38000;INTARIAN_PEPPER_ROOT;40031;6;;;;;40045;9;;;;;40038.0;0.0
27;38100;ASH_COATED_OSMIUM;9995;30;9992;10;;;10011;4;10014;15;;;10003.0;0.0
27;38100;INTARIAN_PEPPER_ROOT;40024;9;40022;9;;;40044;11;40046;12;;;40034.5;0.0
27;38200;ASH_COATED_OSMIUM;9989;10;;;;;10005;11;;;;;9997.5;0.0
27;38200;INTARIAN_PEPPER_ROOT;40029;8;;;;;40043;25;;;;;40036.0;0.0
27;38300;ASH_COATED_OSMIUM;9990;14;;;;;10006;15;;;;;9998.5;0.0
27;38300;INTARIAN_PEPPER_ROOT;40033;11;40030;10;40028;9;40041;8;40042;10;40045;12;40037.0;0.0
27;38400;ASH_COATED_OSMIUM;9986;10;;;;;10002;12;;;;;9994.0;0.0
27;38400;INTARIAN_PEPPER_ROOT;40039;11;40038;9;;;40041;10;40043;11;;;40040.5;0.0
27;38500;ASH_COATED_OSMIUM;9975;10;;;;;9991;14;;;;;9983.5;0.0
27;38500;INTARIAN_PEPPER_ROOT;40029;21;40027;20;40025;10;40042;25;40045;10;40047;8;40035.5;0.0
27;38600;ASH_COATED_OSMIUM;9979;10;;;;;9995;14;;;;;9987.0;0.0
27;38600;INTARIAN_PEPPER_ROOT;40033;19;40030;8;40028;12;40045;9;40047;11;40049;11;40039.0;0.0
27;38700;ASH_COATED_OSMIUM;9982;12;9979;10;;;9998;15;10000;27;;;9990.5;0.0
27;38700;INTARIAN_PEPPER_ROOT;40032;9;;;;;40046;21;;;;;40039.5;0.0
27;38800;ASH_COATED_OSMIUM;9990;13;9987;22;;;10006;12;10009;30;;;9998.5;0.0
27;38800;INTARIAN_PEPPER_ROOT;40033;8;40030;12;40029;11;40045;12;40048;11;40050;9;40039.5;0.0
27;38900;ASH_COATED_OSMIUM;9992;13;9989;12;9987;24;10011;10;10013;20;10016;13;10002.0;0.0
27;38900;INTARIAN_PEPPER_ROOT;40035;10;40032;8;40029;9;40047;20;40049;11;40051;20;40041.0;0.0
27;39000;ASH_COATED_OSMIUM;9995;20;9992;14;;;10011;15;10012;2;;;10003.5;0.0
27;39000;INTARIAN_PEPPER_ROOT;40034;15;40031;22;;;40045;12;40046;8;;;40040.0;0.0
27;39100;ASH_COATED_OSMIUM;9993;22;;;;;10009;13;;;;;10001.5;0.0
27;39100;INTARIAN_PEPPER_ROOT;40035;12;40032;8;40029;12;40048;11;40051;8;40052;18;40042.0;0.0
27;39200;ASH_COATED_OSMIUM;9987;13;9984;13;9982;15;10003;28;10004;14;10007;13;9995.5;0.0
27;39200;INTARIAN_PEPPER_ROOT;40043;12;40040;12;40039;11;40045;9;40046;10;40049;3;40044.0;0.0
27;39300;ASH_COATED_OSMIUM;9988;11;9985;13;9982;24;10004;13;10005;14;10006;12;9996.5;0.0
27;39300;INTARIAN_PEPPER_ROOT;40032;10;;;;;40047;9;;;;;40039.5;0.0
27;39400;ASH_COATED_OSMIUM;9986;11;9985;12;;;10002;13;10005;12;;;9994.0;0.0
27;39400;INTARIAN_PEPPER_ROOT;40034;12;40032;11;;;40050;11;40051;8;;;40042.0;0.0
27;39500;ASH_COATED_OSMIUM;9989;12;9988;14;;;10005;23;10006;3;;;9997.5;0.0
27;39500;INTARIAN_PEPPER_ROOT;40027;10;40024;12;;;40040;10;40043;12;;;40033.5;0.0
27;39600;ASH_COATED_OSMIUM;9991;11;9990;15;;;10007;14;10009;11;;;9999.5;0.0
27;39600;INTARIAN_PEPPER_ROOT;40032;12;;;;;40043;9;;;;;40037.5;0.0
27;39700;ASH_COATED_OSMIUM;9993;11;;;;;10009;13;;;;;10001.5;0.0
27;39700;INTARIAN_PEPPER_ROOT;40036;12;40035;12;40032;16;40047;12;40050;12;40051;17;40041.5;0.0
27;39800;ASH_COATED_OSMIUM;9990;14;;;;;10009;12;;;;;9999.5;0.0
27;39800;INTARIAN_PEPPER_ROOT;40034;9;;;;;40048;11;;;;;40041.5;0.0
27;39900;ASH_COATED_OSMIUM;9996;12;9994;14;;;10014;11;10016;10;;;10005.5;0.0
27;39900;INTARIAN_PEPPER_ROOT;40032;9;40029;10;;;40044;8;40046;8;;;40038.0;0.0
27;40000;ASH_COATED_OSMIUM;10002;14;10001;11;9998;15;10018;12;10019;10;10022;10;10010.0;0.0
27;40000;INTARIAN_PEPPER_ROOT;40032;24;40031;10;40028;8;40045;11;40048;24;40050;12;40039.0;0.0
27;40100;ASH_COATED_OSMIUM;10002;15;;;;;10018;12;;;;;10010.0;0.0
27;40100;INTARIAN_PEPPER_ROOT;40034;10;40033;10;;;40048;10;40051;24;;;40041.0;0.0
27;40200;ASH_COATED_OSMIUM;9998;10;;;;;10013;12;;;;;10005.5;0.0
27;40200;INTARIAN_PEPPER_ROOT;40032;9;40031;12;40028;8;40051;11;40052;10;40054;8;40042.0;0.0
27;40300;ASH_COATED_OSMIUM;9994;11;9991;24;9988;25;10010;10;10013;2;10016;14;10002.5;0.0
27;40300;INTARIAN_PEPPER_ROOT;40034;9;40033;11;;;40047;12;40049;8;;;40041.0;0.0
27;40400;ASH_COATED_OSMIUM;9993;14;9992;10;;;10011;10;10012;11;;;10002.5;0.0
27;40400;INTARIAN_PEPPER_ROOT;40029;15;40028;11;40026;10;40043;9;40046;11;40047;11;40036.0;0.0
27;40500;ASH_COATED_OSMIUM;9996;13;9994;12;;;10012;12;10013;14;;;10004.5;0.0
27;40500;INTARIAN_PEPPER_ROOT;40033;11;40030;19;;;40050;11;40051;15;;;40042.0;0.0
27;40600;ASH_COATED_OSMIUM;9996;13;9994;9;9992;10;10015;11;10016;20;10018;11;10006.0;0.0
27;40600;INTARIAN_PEPPER_ROOT;40034;17;40033;10;40032;12;40047;6;40050;12;40052;10;40041.0;0.0
27;40700;ASH_COATED_OSMIUM;9996;15;;;;;10012;29;;;;;10004.0;0.0
27;40700;INTARIAN_PEPPER_ROOT;40035;12;;;;;40048;11;;;;;40041.5;0.0
27;40800;ASH_COATED_OSMIUM;9993;11;9990;11;9988;10;10014;10;10016;29;10019;12;10003.5;0.0
27;40800;INTARIAN_PEPPER_ROOT;40033;11;40031;22;40029;11;40047;8;40048;21;40051;8;40040.5;0.0
27;40900;ASH_COATED_OSMIUM;9991;10;;;;;10007;11;;;;;9999.5;0.0
27;40900;INTARIAN_PEPPER_ROOT;40033;6;40032;11;40029;12;40049;11;40051;12;40054;11;40041.5;0.0
27;41000;ASH_COATED_OSMIUM;9984;21;9982;12;;;10000;11;10001;15;;;9992.0;0.0
27;41000;INTARIAN_PEPPER_ROOT;40031;23;40029;12;;;40047;11;40050;8;;;40039.5;0.0
27;41100;ASH_COATED_OSMIUM;9982;15;9980;10;9978;24;10000;10;10002;11;10005;15;9991.5;0.0
27;41100;INTARIAN_PEPPER_ROOT;40037;9;40036;8;40034;10;40050;11;40053;11;40055;12;40043.5;0.0
27;41200;ASH_COATED_OSMIUM;9990;13;9989;11;9988;22;9996;14;9998;10;9999;15;9993.0;0.0
27;41200;INTARIAN_PEPPER_ROOT;40034;8;;;;;40046;20;;;;;40040.0;0.0
27;41300;ASH_COATED_OSMIUM;9986;10;;;;;10002;14;;;;;9994.0;0.0
27;41300;INTARIAN_PEPPER_ROOT;40032;25;40029;23;40028;10;40045;10;40046;8;40048;9;40039.0;0.0
27;41400;ASH_COATED_OSMIUM;9981;11;;;;;9997;14;;;;;9989.5;0.0
27;41400;INTARIAN_PEPPER_ROOT;40031;10;;;;;40043;8;;;;;40037.5;0.0
27;41500;ASH_COATED_OSMIUM;9983;15;9981;27;;;9999;14;10000;30;;;9991.0;0.0
27;41500;INTARIAN_PEPPER_ROOT;40035;9;;;;;40047;16;;;;;40041.5;0.0
27;41600;ASH_COATED_OSMIUM;9987;25;;;;;10003;13;;;;;9995.0;0.0
27;41600;INTARIAN_PEPPER_ROOT;40037;8;40035;9;40032;8;40040;16;40042;8;40044;8;40039.0;0.0
27;41700;ASH_COATED_OSMIUM;9991;23;9990;28;9987;29;10007;11;10008;22;10009;2;9999.0;0.0
27;41700;INTARIAN_PEPPER_ROOT;40033;12;40031;10;;;40050;10;40051;12;;;40041.5;0.0
27;41800;ASH_COATED_OSMIUM;9991;10;;;;;10007;14;;;;;9999.5;0.0
27;41800;INTARIAN_PEPPER_ROOT;40037;8;40035;21;;;40049;12;40052;9;;;40043.5;0.0
27;41900;ASH_COATED_OSMIUM;9990;15;9989;26;9987;13;10006;14;10008;15;10010;15;9998.0;0.0
27;41900;INTARIAN_PEPPER_ROOT;40032;10;40030;10;40028;23;40048;11;40049;20;40050;12;40040.0;0.0
27;42000;ASH_COATED_OSMIUM;9989;11;;;;;10008;26;;;;;9999.0;0.0
27;42000;INTARIAN_PEPPER_ROOT;40036;21;;;;;40048;10;;;;;40042.0;0.0
27;42100;ASH_COATED_OSMIUM;9993;14;9992;11;9990;29;10009;11;10011;12;10013;13;10001.0;0.0
27;42100;INTARIAN_PEPPER_ROOT;40038;10;40036;22;40035;9;40042;10;40044;9;40045;15;40040.5;0.0
27;42200;ASH_COATED_OSMIUM;9996;12;9995;11;;;10012;15;10015;20;;;10004.5;0.0
27;42200;INTARIAN_PEPPER_ROOT;40033;8;40031;12;;;40050;12;40053;5;;;40041.5;0.0
27;42300;ASH_COATED_OSMIUM;9990;12;9989;11;;;10009;11;10012;12;;;10000.0;0.0
27;42300;INTARIAN_PEPPER_ROOT;40038;10;40037;21;;;40051;11;40052;11;;;40044.5;0.0
27;42400;ASH_COATED_OSMIUM;9994;14;9993;10;;;10010;12;10012;15;;;10002.0;0.0
27;42400;INTARIAN_PEPPER_ROOT;40034;18;40032;11;;;40047;20;40048;25;;;40041.0;0.0
27;42500;ASH_COATED_OSMIUM;9987;14;;;;;10003;21;;;;;9995.0;0.0
27;42500;INTARIAN_PEPPER_ROOT;40036;12;40033;10;;;40047;10;40050;9;;;40041.5;0.0
27;42600;ASH_COATED_OSMIUM;9988;14;9987;11;9986;21;10004;13;10007;2;10010;12;9996.0;0.0
27;42600;INTARIAN_PEPPER_ROOT;40035;9;40033;9;;;40046;10;40049;9;;;40041.0;0.0
27;42700;ASH_COATED_OSMIUM;9993;10;9992;15;9991;13;10009;24;10012;21;10015;13;10001.5;0.0
27;42700;INTARIAN_PEPPER_ROOT;40034;18;;;;;40046;8;;;;;40040.0;0.0
27;42800;ASH_COATED_OSMIUM;9992;15;9990;15;9987;13;10008;29;10011;2;10012;15;10000.5;0.0
27;42800;INTARIAN_PEPPER_ROOT;40035;11;40032;8;;;40050;12;40053;12;;;40042.5;0.0
27;42900;ASH_COATED_OSMIUM;9999;14;9998;14;;;10015;24;10016;23;;;10007.5;0.0
27;42900;INTARIAN_PEPPER_ROOT;40035;8;40034;8;40033;16;40048;11;40050;11;40051;11;40041.5;0.0
27;43000;ASH_COATED_OSMIUM;9996;13;9993;15;9992;14;10012;12;10014;10;10015;11;10004.0;0.0
27;43000;INTARIAN_PEPPER_ROOT;40038;12;40035;9;40034;8;40050;12;40052;9;40055;12;40044.0;0.0
27;43100;ASH_COATED_OSMIUM;9991;10;9989;25;9988;4;10007;12;10008;12;10011;11;9999.5;0.0
27;43100;INTARIAN_PEPPER_ROOT;40037;12;40034;9;;;40048;12;40050;12;;;40043.0;0.0
27;43200;ASH_COATED_OSMIUM;9992;11;9990;13;9987;13;10008;11;10010;11;10011;15;10000.0;0.0
27;43200;INTARIAN_PEPPER_ROOT;40036;9;40033;12;;;40050;10;40053;12;;;40043.0;0.0
27;43300;ASH_COATED_OSMIUM;9993;14;9990;14;9987;14;10009;25;10011;15;10014;15;10001.0;0.0
27;43300;INTARIAN_PEPPER_ROOT;40033;10;40030;10;;;40047;9;40048;12;;;40040.5;0.0
27;43400;ASH_COATED_OSMIUM;9996;14;9994;15;;;10006;21;10007;10;;;10001.0;0.0
27;43400;INTARIAN_PEPPER_ROOT;40039;10;40037;11;;;40054;10;40056;11;;;40047.0;0.0
27;43500;ASH_COATED_OSMIUM;9991;11;9989;12;;;10010;24;10012;10;;;10000.5;0.0
27;43500;INTARIAN_PEPPER_ROOT;40039;8;40036;19;40033;10;40053;12;40056;9;40058;19;40046.5;0.0
27;43600;ASH_COATED_OSMIUM;9996;12;9993;28;9990;24;10012;11;10014;14;10017;24;10004.0;0.0
27;43600;INTARIAN_PEPPER_ROOT;40036;15;;;;;40048;22;;;;;40042.5;0.0
27;43700;ASH_COATED_OSMIUM;9995;12;;;;;10011;20;;;;;10003.5;0.0
27;43700;INTARIAN_PEPPER_ROOT;40037;15;40036;10;40035;15;40050;9;40052;8;40053;9;40043.5;0.0
27;43800;ASH_COATED_OSMIUM;9994;5;9993;12;;;10012;14;10013;13;;;10003.0;0.0
27;43800;INTARIAN_PEPPER_ROOT;40042;11;40040;8;;;40054;21;40057;11;;;40048.0;0.0
27;43900;ASH_COATED_OSMIUM;9995;10;9992;11;;;10013;15;10015;13;;;10004.5;0.0
27;43900;INTARIAN_PEPPER_ROOT;40040;16;;;;;40052;10;;;;;40046.5;0.0
27;44000;ASH_COATED_OSMIUM;9988;29;9985;30;9983;7;10004;24;10005;14;10006;12;9996.0;0.0
27;44000;INTARIAN_PEPPER_ROOT;40038;15;40035;9;;;40055;11;40058;9;;;40046.5;0.0
27;44100;ASH_COATED_OSMIUM;9984;12;;;;;10003;10;;;;;9994.0;0.0
27;44100;INTARIAN_PEPPER_ROOT;40036;9;40034;11;40033;12;40048;12;40049;10;40050;11;40042.0;0.0
27;44200;ASH_COATED_OSMIUM;9985;10;;;;;10001;11;;;;;9993.0;0.0
27;44200;INTARIAN_PEPPER_ROOT;40039;8;40036;15;;;40052;8;40054;12;;;40046.0;0.0
27;44300;ASH_COATED_OSMIUM;9984;23;9983;13;;;10000;26;10003;21;;;9992.5;0.0
27;44300;INTARIAN_PEPPER_ROOT;40035;9;40032;12;40029;11;40051;10;40052;12;40055;10;40043.5;0.0
27;44400;ASH_COATED_OSMIUM;9982;22;9980;10;;;9998;15;9999;30;;;9990.5;0.0
27;44400;INTARIAN_PEPPER_ROOT;40038;9;;;;;40055;11;;;;;40046.5;0.0
27;44500;ASH_COATED_OSMIUM;9984;13;9982;13;9980;27;10000;11;10003;11;10005;13;9992.5;0.0
27;44500;INTARIAN_PEPPER_ROOT;40038;12;;;;;40055;19;;;;;40046.5;0.0
27;44600;ASH_COATED_OSMIUM;9989;5;9988;29;;;10005;13;10008;27;;;9997.5;0.0
27;44600;INTARIAN_PEPPER_ROOT;40034;10;40031;10;;;40048;10;40051;10;;;40041.5;0.0
27;44700;ASH_COATED_OSMIUM;9989;23;9987;10;;;10007;10;10009;12;;;9998.5;0.0
27;44700;INTARIAN_PEPPER_ROOT;40039;10;40038;10;40035;9;40051;9;40054;9;40056;11;40045.0;0.0
27;44800;ASH_COATED_OSMIUM;9981;15;9979;23;9978;10;10000;10;10003;14;10005;14;9991.0;0.0
27;44800;INTARIAN_PEPPER_ROOT;40041;16;40038;9;40035;12;40053;22;40056;9;40057;18;40047.0;0.0
27;44900;ASH_COATED_OSMIUM;9978;11;9975;10;9972;13;9994;30;9996;13;9997;14;9986.5;0.0
27;44900;INTARIAN_PEPPER_ROOT;40036;12;40035;20;40033;10;40052;9;40055;12;40058;11;40044.5;0.0
27;45000;ASH_COATED_OSMIUM;9983;14;9982;11;9980;11;9999;10;10000;11;10003;11;9991.0;0.0
27;45000;INTARIAN_PEPPER_ROOT;40037;11;;;;;40052;9;;;;;40044.5;0.0
27;45100;ASH_COATED_OSMIUM;9986;12;;;;;10005;11;;;;;9996.0;0.0
27;45100;INTARIAN_PEPPER_ROOT;40037;12;40036;24;;;40052;11;40055;10;;;40044.5;0.0
27;45200;ASH_COATED_OSMIUM;9994;25;9991;12;9989;30;10010;13;10011;29;10012;15;10002.5;0.0
27;45200;INTARIAN_PEPPER_ROOT;40040;9;40038;8;;;40051;12;40053;10;;;40045.5;0.0
27;45300;ASH_COATED_OSMIUM;9996;10;9994;12;9991;28;10012;14;10014;15;10016;12;10004.0;0.0
27;45300;INTARIAN_PEPPER_ROOT;40041;8;40038;8;;;40053;11;40054;10;;;40047.0;0.0
27;45400;ASH_COATED_OSMIUM;9997;13;9994;15;;;10006;14;10007;15;;;10002.0;0.0
27;45400;INTARIAN_PEPPER_ROOT;40036;5;40033;11;40030;11;40053;12;40056;9;40057;8;40045.0;0.0
27;45500;ASH_COATED_OSMIUM;9993;15;9990;29;9988;14;10012;15;10013;14;10016;10;10003.0;0.0
27;45500;INTARIAN_PEPPER_ROOT;40036;10;40034;9;;;40050;9;40051;15;;;40043.0;0.0
27;45600;ASH_COATED_OSMIUM;9996;10;;;;;10002;23;;;;;9999.0;0.0
27;45600;INTARIAN_PEPPER_ROOT;40035;12;40033;11;;;40051;9;40052;17;;;40043.0;0.0
27;45700;ASH_COATED_OSMIUM;9996;10;9995;30;;;10002;13;10005;15;;;9999.0;0.0
27;45700;INTARIAN_PEPPER_ROOT;40037;11;40035;10;;;40051;19;40054;8;;;40044.0;0.0
27;45800;ASH_COATED_OSMIUM;9993;13;;;;;10009;11;;;;;10001.5;0.0
27;45800;INTARIAN_PEPPER_ROOT;40045;24;40042;23;;;40056;12;40057;11;;;40050.5;0.0
27;45900;ASH_COATED_OSMIUM;9990;7;9989;12;9988;28;10006;10;10009;14;10011;15;9998.5;0.0
27;45900;INTARIAN_PEPPER_ROOT;40035;9;40034;23;;;40048;12;40049;8;;;40042.0;0.0
27;46000;ASH_COATED_OSMIUM;9986;12;9983;11;9980;11;10002;13;10003;11;10004;13;9994.0;0.0
27;46000;INTARIAN_PEPPER_ROOT;40035;12;40034;11;;;40046;10;40047;12;;;40040.5;0.0
27;46100;ASH_COATED_OSMIUM;9982;13;9979;13;;;10001;27;10002;15;;;9992.0;0.0
27;46100;INTARIAN_PEPPER_ROOT;40038;12;;;;;40053;10;;;;;40045.5;0.0
27;46200;ASH_COATED_OSMIUM;9987;2;;;;;10003;30;;;;;9995.5;0.0
27;46200;INTARIAN_PEPPER_ROOT;40037;20;;;;;40053;10;;;;;40045.5;0.0
27;46300;ASH_COATED_OSMIUM;9998;15;;;;;10005;12;;;;;10001.5;0.0
27;46300;INTARIAN_PEPPER_ROOT;40041;11;;;;;40053;9;;;;;40047.0;0.0
27;46400;ASH_COATED_OSMIUM;9992;5;9990;14;;;10010;10;10013;13;;;10001.0;0.0
27;46400;INTARIAN_PEPPER_ROOT;40044;8;40041;8;40038;11;40057;10;40059;8;40061;12;40050.5;0.0
27;46500;ASH_COATED_OSMIUM;9993;4;9990;10;;;10011;11;10013;14;;;10002.0;0.0
27;46500;INTARIAN_PEPPER_ROOT;40040;8;;;;;40052;10;;;;;40046.0;0.0
27;46600;ASH_COATED_OSMIUM;9995;12;9993;30;;;10013;15;10016;5;;;10004.5;0.0
27;46600;INTARIAN_PEPPER_ROOT;40038;24;;;;;40050;8;;;;;40044.0;0.0
27;46700;ASH_COATED_OSMIUM;9999;15;;;;;10015;11;;;;;10007.5;0.0
27;46700;INTARIAN_PEPPER_ROOT;40045;9;40042;11;;;40059;8;40061;11;;;40052.5;0.0
27;46800;ASH_COATED_OSMIUM;9999;29;;;;;10015;12;;;;;10007.0;0.0
27;46800;INTARIAN_PEPPER_ROOT;40040;25;40039;8;;;40054;11;40055;11;;;40047.0;0.0
27;46900;ASH_COATED_OSMIUM;9997;25;9996;14;9995;12;10013;13;10015;10;10018;12;10005.0;0.0
27;46900;INTARIAN_PEPPER_ROOT;40041;9;40039;4;;;40055;8;40058;8;;;40048.5;0.0
27;47000;ASH_COATED_OSMIUM;9994;27;9992;14;;;10010;13;10013;15;;;10002.5;0.0
27;47000;INTARIAN_PEPPER_ROOT;40046;8;40044;11;;;40057;11;40060;9;;;40051.5;0.0
27;47100;ASH_COATED_OSMIUM;9993;13;9990;11;;;10011;10;10012;14;;;10002.5;0.0
27;47100;INTARIAN_PEPPER_ROOT;40044;9;;;;;40059;12;;;;;40052.0;0.0
27;47200;ASH_COATED_OSMIUM;9997;15;;;;;10013;4;;;;;10005.0;0.0
27;47200;INTARIAN_PEPPER_ROOT;40040;12;40037;8;40034;11;40052;10;40055;22;40057;9;40046.0;0.0
27;47300;ASH_COATED_OSMIUM;9995;10;;;;;10011;6;;;;;10003.5;0.0
27;47300;INTARIAN_PEPPER_ROOT;40041;20;;;;;40055;8;;;;;40048.0;0.0
27;47400;ASH_COATED_OSMIUM;9999;13;9998;13;;;10015;12;10018;12;;;10007.0;0.0
27;47400;INTARIAN_PEPPER_ROOT;40038;8;;;;;40053;8;;;;;40045.5;0.0
27;47500;ASH_COATED_OSMIUM;9999;11;9998;10;;;10015;11;10018;15;;;10007.5;0.0
27;47500;INTARIAN_PEPPER_ROOT;40043;11;40040;23;;;40055;9;40057;11;;;40049.0;0.0
27;47600;ASH_COATED_OSMIUM;10002;12;;;;;10011;12;;;;;10006.5;0.0
27;47600;INTARIAN_PEPPER_ROOT;40045;11;40044;8;;;40053;10;40054;9;;;40049.5;0.0
27;47700;ASH_COATED_OSMIUM;9994;14;;;;;10010;14;;;;;10002.5;0.0
27;47700;INTARIAN_PEPPER_ROOT;40040;9;40039;9;40038;10;40052;12;40053;23;40054;9;40046.0;0.0
27;47800;ASH_COATED_OSMIUM;9992;20;9990;13;;;10008;14;10010;22;;;10000.5;0.0
27;47800;INTARIAN_PEPPER_ROOT;40039;12;;;;;40051;16;;;;;40045.0;0.0
27;47900;ASH_COATED_OSMIUM;9986;14;;;;;10002;15;;;;;9994.0;0.0
27;47900;INTARIAN_PEPPER_ROOT;40044;8;40041;8;40039;11;40055;21;40058;8;40059;9;40049.5;0.0
27;48000;ASH_COATED_OSMIUM;9988;11;;;;;10004;13;;;;;9996.5;0.0
27;48000;INTARIAN_PEPPER_ROOT;40045;9;40044;9;40041;8;40058;11;40060;11;40063;11;40052.0;0.0
27;48100;ASH_COATED_OSMIUM;9990;14;9987;13;9986;11;10006;13;10009;7;10012;14;9998.0;0.0
27;48100;INTARIAN_PEPPER_ROOT;40042;11;40039;12;;;40055;6;40058;10;;;40048.5;0.0
27;48200;ASH_COATED_OSMIUM;9986;12;9985;12;9984;15;10007;14;10010;15;10012;10;9997.0;0.0
27;48200;INTARIAN_PEPPER_ROOT;40045;19;40043;10;;;40057;8;40059;3;;;40051.0;0.0
27;48300;ASH_COATED_OSMIUM;9992;10;;;;;10008;14;;;;;10000.5;0.0
27;48300;INTARIAN_PEPPER_ROOT;40042;10;40040;11;40039;11;40058;9;40059;12;40060;11;40050.5;0.0
27;48400;ASH_COATED_OSMIUM;9987;13;;;;;10003;11;;;;;9995.5;0.0
27;48400;INTARIAN_PEPPER_ROOT;40042;20;40041;9;40038;11;40057;24;40059;10;40061;19;40049.5;0.0
27;48500;ASH_COATED_OSMIUM;9989;15;9986;15;;;10005;13;10007;13;;;9997.5;0.0
27;48500;INTARIAN_PEPPER_ROOT;40046;24;;;;;40058;12;;;;;40052.5;0.0
27;48600;ASH_COATED_OSMIUM;9993;12;;;;;10009;11;;;;;10001.5;0.0
27;48600;INTARIAN_PEPPER_ROOT;40045;9;;;;;40058;8;;;;;40052.0;0.0
27;48700;ASH_COATED_OSMIUM;9995;10;9992;24;9991;12;10013;10;10016;4;10017;28;10004.0;0.0
27;48700;INTARIAN_PEPPER_ROOT;40038;10;40035;8;;;40053;11;40056;21;;;40046.0;0.0
27;48800;ASH_COATED_OSMIUM;9995;13;;;;;10011;23;;;;;10003.5;0.0
27;48800;INTARIAN_PEPPER_ROOT;40044;16;;;;;40058;12;;;;;40051.0;0.0
27;48900;ASH_COATED_OSMIUM;9998;15;;;;;10016;22;;;;;10007.5;0.0
27;48900;INTARIAN_PEPPER_ROOT;40045;11;40044;12;;;40057;22;40058;12;;;40051.5;0.0
27;49000;ASH_COATED_OSMIUM;9999;13;9998;25;9996;11;10015;14;10016;10;10018;11;10007.0;0.0
27;49000;INTARIAN_PEPPER_ROOT;40040;8;;;;;40056;3;;;;;40048.5;0.0
27;49100;ASH_COATED_OSMIUM;9999;5;9998;15;9997;11;10011;13;10012;14;10015;12;10005.0;0.0
27;49100;INTARIAN_PEPPER_ROOT;40040;10;40039;9;40036;9;40053;17;40056;8;40059;12;40046.5;0.0
27;49200;ASH_COATED_OSMIUM;9997;13;9994;13;;;10013;14;10014;12;;;10005.5;0.0
27;49200;INTARIAN_PEPPER_ROOT;40045;11;40042;11;;;40058;10;40061;12;;;40051.5;0.0
27;49300;ASH_COATED_OSMIUM;9995;11;9992;14;9991;22;10016;15;10019;4;10021;10;10006.0;0.0
27;49300;INTARIAN_PEPPER_ROOT;40041;10;40038;11;40035;9;40057;12;40059;12;40062;8;40049.0;0.0
27;49400;ASH_COATED_OSMIUM;9991;11;9988;13;;;10007;13;10009;15;;;9999.5;0.0
27;49400;INTARIAN_PEPPER_ROOT;40044;11;40041;9;;;40057;11;40058;20;;;40051.0;0.0
27;49500;ASH_COATED_OSMIUM;9985;14;9983;12;;;10006;12;10009;11;;;9996.0;0.0
27;49500;INTARIAN_PEPPER_ROOT;40043;12;40041;23;;;40059;8;40062;10;;;40051.5;0.0
27;49600;ASH_COATED_OSMIUM;9987;11;9985;21;;;10005;12;10007;12;;;9996.0;0.0
27;49600;INTARIAN_PEPPER_ROOT;40045;9;40044;8;;;40061;10;40062;8;;;40053.5;0.0
27;49700;ASH_COATED_OSMIUM;9989;15;9986;23;;;10005;13;10006;11;;;9997.5;0.0
27;49700;INTARIAN_PEPPER_ROOT;40044;8;40043;8;;;40056;12;40058;10;;;40050.0;0.0
27;49800;ASH_COATED_OSMIUM;9982;11;9979;11;9978;10;9998;14;10001;10;10002;12;9990.5;0.0
27;49800;INTARIAN_PEPPER_ROOT;40050;10;40047;11;40044;12;40054;10;40057;12;40059;11;40052.0;0.0
27;49900;ASH_COATED_OSMIUM;9982;25;9979;22;;;9998;14;9999;22;;;9990.0;0.0
27;49900;INTARIAN_PEPPER_ROOT;40046;10;40044;12;;;40058;11;40059;9;;;40052.5;0.0
27;50000;ASH_COATED_OSMIUM;9989;24;9986;11;;;10007;27;10010;12;;;9998.5;0.0
27;50000;INTARIAN_PEPPER_ROOT;40046;9;40043;12;;;40057;8;40059;9;;;40051.5;0.0
27;50100;ASH_COATED_OSMIUM;9997;15;9995;12;;;10013;14;10015;10;;;10005.0;0.0
27;50100;INTARIAN_PEPPER_ROOT;40043;24;40042;11;;;40057;12;40060;9;;;40050.5;0.0
27;50200;ASH_COATED_OSMIUM;9992;11;9990;13;;;10011;10;10012;10;;;10001.5;0.0
27;50200;INTARIAN_PEPPER_ROOT;40048;9;;;;;40059;10;;;;;40053.5;0.0
27;50300;ASH_COATED_OSMIUM;9998;14;9996;26;;;10017;10;10019;11;;;10008.0;0.0
27;50300;INTARIAN_PEPPER_ROOT;40046;20;;;;;40048;9;;;;;40047.0;0.0
27;50400;ASH_COATED_OSMIUM;10000;30;;;;;10016;15;;;;;10008.5;0.0
27;50400;INTARIAN_PEPPER_ROOT;40042;12;40040;21;40038;8;40053;10;40054;11;40056;12;40048.0;0.0
27;50500;ASH_COATED_OSMIUM;9999;11;9997;11;9996;14;10015;13;10016;15;10019;20;10007.5;0.0
27;50500;INTARIAN_PEPPER_ROOT;40045;9;;;;;40057;12;;;;;40051.5;0.0
27;50600;ASH_COATED_OSMIUM;9995;15;;;;;10013;14;;;;;10004.5;0.0
27;50600;INTARIAN_PEPPER_ROOT;40042;10;;;;;40054;11;;;;;40048.0;0.0
27;50700;ASH_COATED_OSMIUM;9992;4;9990;10;9989;11;10008;14;10011;15;10014;10;10000.5;0.0
27;50700;INTARIAN_PEPPER_ROOT;40045;12;40043;9;40041;12;40057;9;40059;22;40060;11;40051.0;0.0
27;50800;ASH_COATED_OSMIUM;9990;15;;;;;10006;10;;;;;9998.0;0.0
27;50800;INTARIAN_PEPPER_ROOT;40039;8;40036;12;;;40053;8;40055;8;;;40046.5;0.0
27;50900;ASH_COATED_OSMIUM;9988;11;9986;14;;;10004;11;10007;11;;;9996.0;0.0
27;50900;INTARIAN_PEPPER_ROOT;40046;8;40044;9;40041;7;40058;9;40060;6;40062;12;40052.0;0.0
27;51000;ASH_COATED_OSMIUM;9988;23;9986;15;;;10006;28;10007;10;;;9997.5;0.0
27;51000;INTARIAN_PEPPER_ROOT;40045;10;;;;;40056;9;;;;;40050.5;0.0
27;51100;ASH_COATED_OSMIUM;9992;10;9990;12;;;10010;20;10012;21;;;10001.0;0.0
27;51100;INTARIAN_PEPPER_ROOT;40044;9;40041;12;;;40056;19;40057;16;;;40050.5;0.0
27;51200;ASH_COATED_OSMIUM;9990;27;;;;;10006;11;;;;;9998.0;0.0
27;51200;INTARIAN_PEPPER_ROOT;40044;8;;;;;40056;11;;;;;40050.5;0.0
27;51300;ASH_COATED_OSMIUM;9986;12;;;;;10005;11;;;;;9996.0;0.0
27;51300;INTARIAN_PEPPER_ROOT;40049;9;40046;8;;;40062;11;40065;9;;;40055.5;0.0
27;51400;ASH_COATED_OSMIUM;9980;12;9978;14;9976;15;9996;13;9999;11;10002;10;9988.5;0.0
27;51400;INTARIAN_PEPPER_ROOT;40047;17;40046;17;;;40059;8;40062;10;;;40053.5;0.0
27;51500;ASH_COATED_OSMIUM;9980;12;9977;12;9974;28;9996;11;9998;15;10000;12;9988.5;0.0
27;51500;INTARIAN_PEPPER_ROOT;40044;12;40041;25;40038;10;40060;11;40063;12;40066;8;40052.5;0.0
27;51600;ASH_COATED_OSMIUM;9988;11;9987;15;9986;10;10004;12;10005;13;10007;11;9996.0;0.0
27;51600;INTARIAN_PEPPER_ROOT;40042;21;40041;10;40039;12;40055;8;40056;12;40059;9;40049.0;0.0
27;51700;ASH_COATED_OSMIUM;9984;30;9982;3;;;10000;14;10003;13;;;9992.5;0.0
27;51700;INTARIAN_PEPPER_ROOT;40046;12;;;;;40058;20;;;;;40052.5;0.0
27;51800;ASH_COATED_OSMIUM;9987;13;9985;15;;;9996;13;9998;14;;;9991.5;0.0
27;51800;INTARIAN_PEPPER_ROOT;40040;11;40039;16;40037;9;40054;10;40056;8;40057;10;40047.0;0.0
27;51900;ASH_COATED_OSMIUM;9991;14;9989;10;;;10007;13;10009;12;;;9999.5;0.0
27;51900;INTARIAN_PEPPER_ROOT;40046;9;;;;;40062;7;;;;;40054.0;0.0
27;52000;ASH_COATED_OSMIUM;9993;15;9990;26;;;10011;24;10013;14;;;10002.5;0.0
27;52000;INTARIAN_PEPPER_ROOT;40053;12;;;;;40055;15;;;;;40054.0;0.0
27;52100;ASH_COATED_OSMIUM;9994;22;9992;12;9991;20;10010;5;10013;10;10014;12;10002.0;0.0
27;52100;INTARIAN_PEPPER_ROOT;40044;8;40041;11;;;40061;12;40062;11;;;40053.0;0.0
27;52200;ASH_COATED_OSMIUM;9998;10;9996;10;;;10014;12;10015;12;;;10006.5;0.0
27;52200;INTARIAN_PEPPER_ROOT;40044;12;40041;9;;;40060;10;40063;25;;;40052.5;0.0
27;52300;ASH_COATED_OSMIUM;9994;29;9993;10;;;10012;13;10015;12;;;10003.0;0.0
27;52300;INTARIAN_PEPPER_ROOT;40046;8;40044;9;;;40059;12;40061;11;;;40053.0;0.0
27;52400;ASH_COATED_OSMIUM;9994;12;9992;11;;;10013;14;10015;11;;;10004.0;0.0
27;52400;INTARIAN_PEPPER_ROOT;40044;12;40043;8;;;40063;8;40065;10;;;40053.5;0.0
27;52500;ASH_COATED_OSMIUM;9993;10;9992;12;;;10009;12;10012;13;;;10001.5;0.0
27;52500;INTARIAN_PEPPER_ROOT;40053;12;40052;8;;;40055;11;40056;11;;;40054.0;0.0
27;52600;ASH_COATED_OSMIUM;9991;12;9988;11;;;10007;12;10010;14;;;9999.0;0.0
27;52600;INTARIAN_PEPPER_ROOT;40043;24;40042;8;;;40056;9;40059;11;;;40050.0;0.0
27;52700;ASH_COATED_OSMIUM;9992;12;9989;13;9987;27;10011;11;10014;13;10015;22;10002.0;0.0
27;52700;INTARIAN_PEPPER_ROOT;40047;10;40044;11;40041;24;40061;11;40062;10;40063;10;40054.0;0.0
27;52800;ASH_COATED_OSMIUM;10001;14;9998;10;;;10007;12;10010;10;;;10004.0;0.0
27;52800;INTARIAN_PEPPER_ROOT;40042;8;;;;;40056;11;;;;;40049.5;0.0
27;52900;ASH_COATED_OSMIUM;9999;11;;;;;10017;15;;;;;10008.0;0.0
27;52900;INTARIAN_PEPPER_ROOT;40046;11;40043;22;40041;22;40057;11;40059;8;40060;15;40051.5;0.0
27;53000;ASH_COATED_OSMIUM;10002;12;9999;10;;;10011;13;10012;20;;;10007.0;0.0
27;53000;INTARIAN_PEPPER_ROOT;40043;10;;;;;40057;17;;;;;40050.5;0.0
27;53100;ASH_COATED_OSMIUM;9996;2;9995;12;;;10014;14;10015;15;;;10005.0;0.0
27;53100;INTARIAN_PEPPER_ROOT;40048;11;40046;12;;;40062;12;40063;12;;;40055.5;0.0
27;53200;ASH_COATED_OSMIUM;9994;14;;;;;10010;15;;;;;10002.0;0.0
27;53200;INTARIAN_PEPPER_ROOT;40046;10;;;;;40058;16;;;;;40052.5;0.0
27;53300;ASH_COATED_OSMIUM;9996;26;9994;28;;;10012;13;10015;12;;;10004.5;0.0
27;53300;INTARIAN_PEPPER_ROOT;40048;9;40047;9;40046;9;40062;11;40065;16;40068;9;40055.0;0.0
27;53400;ASH_COATED_OSMIUM;9997;2;9995;14;9992;15;10013;13;10015;11;10017;25;10005.5;0.0
27;53400;INTARIAN_PEPPER_ROOT;40046;8;40043;21;;;40057;9;40058;6;;;40051.5;0.0
27;53500;ASH_COATED_OSMIUM;10004;13;10001;15;;;10022;15;10024;11;;;10013.0;0.0
27;53500;INTARIAN_PEPPER_ROOT;40047;9;40045;10;;;40059;18;40060;11;;;40053.0;0.0
27;53600;ASH_COATED_OSMIUM;9993;12;;;;;10009;11;;;;;10001.0;0.0
27;53600;INTARIAN_PEPPER_ROOT;40049;21;;;;;40062;9;;;;;40055.5;0.0
27;53700;ASH_COATED_OSMIUM;9992;15;9991;11;9988;14;10008;11;10010;13;10012;10;10000.5;0.0
27;53700;INTARIAN_PEPPER_ROOT;40047;15;40046;11;;;40058;12;40060;17;;;40053.0;0.0
27;53800;ASH_COATED_OSMIUM;9988;12;9987;13;;;10009;11;10011;15;;;9998.5;0.0
27;53800;INTARIAN_PEPPER_ROOT;40046;15;40045;9;;;40058;12;40059;11;;;40052.5;0.0
27;53900;ASH_COATED_OSMIUM;9989;11;9987;15;;;10005;12;10007;14;;;9997.0;0.0
27;53900;INTARIAN_PEPPER_ROOT;40047;10;;;;;40061;15;;;;;40054.5;0.0
27;54000;ASH_COATED_OSMIUM;9994;15;9993;13;;;10007;15;10009;13;;;10001.0;0.0
27;54000;INTARIAN_PEPPER_ROOT;40049;10;40048;9;40047;8;40060;9;40061;11;40062;11;40054.5;0.0
27;54100;ASH_COATED_OSMIUM;9996;15;9993;5;;;10012;10;10014;14;;;10004.0;0.0
27;54100;INTARIAN_PEPPER_ROOT;40048;8;40047;12;40045;11;40064;19;40066;21;40068;12;40056.0;0.0
27;54200;ASH_COATED_OSMIUM;9994;24;9991;15;;;10010;10;10013;15;;;10002.5;0.0
27;54200;INTARIAN_PEPPER_ROOT;40045;12;;;;;40060;21;;;;;40052.5;0.0
27;54300;ASH_COATED_OSMIUM;10001;11;10000;13;9999;12;10012;14;10013;11;10014;15;10006.5;0.0
27;54300;INTARIAN_PEPPER_ROOT;40052;10;40050;9;;;40065;8;40068;9;;;40059.0;0.0
27;54400;ASH_COATED_OSMIUM;9995;13;;;;;10016;15;;;;;10006.0;0.0
27;54400;INTARIAN_PEPPER_ROOT;40049;8;40048;12;;;40061;11;40063;12;;;40055.5;0.0
27;54500;ASH_COATED_OSMIUM;9992;13;9991;11;;;10008;26;10009;15;;;10000.0;0.0
27;54500;INTARIAN_PEPPER_ROOT;40048;9;;;;;40060;11;;;;;40054.5;0.0
27;54600;ASH_COATED_OSMIUM;9990;14;9989;12;9988;14;10006;15;10008;13;10011;15;9998.0;0.0
27;54600;INTARIAN_PEPPER_ROOT;40048;8;;;;;40063;9;;;;;40055.5;0.0
27;54700;ASH_COATED_OSMIUM;9990;15;9988;25;9985;14;10009;11;10011;15;10013;24;9999.5;0.0
27;54700;INTARIAN_PEPPER_ROOT;40048;9;40046;11;40045;12;40062;11;40065;20;40068;20;40055.0;0.0
27;54800;ASH_COATED_OSMIUM;9992;7;9991;15;;;10008;2;10010;10;;;10000.0;0.0
27;54800;INTARIAN_PEPPER_ROOT;40045;9;40043;8;;;40061;11;40064;8;;;40053.5;0.0
27;54900;ASH_COATED_OSMIUM;9993;13;9990;15;9987;15;10009;30;10012;10;10014;11;10001.5;0.0
27;54900;INTARIAN_PEPPER_ROOT;40045;10;40042;12;40040;11;40059;8;40060;9;40063;8;40052.5;0.0
27;55000;ASH_COATED_OSMIUM;9992;13;9990;12;9988;14;10008;11;10011;10;10014;11;10000.0;0.0
27;55000;INTARIAN_PEPPER_ROOT;40045;10;;;;;40062;9;;;;;40053.5;0.0
27;55100;ASH_COATED_OSMIUM;9994;26;9993;12;9990;13;10010;14;10012;11;10014;15;10002.0;0.0
27;55100;INTARIAN_PEPPER_ROOT;40042;25;40041;11;40040;24;40056;12;40058;18;40060;8;40049.0;0.0
27;55200;ASH_COATED_OSMIUM;9995;10;9994;12;;;10011;15;10014;15;;;10003.5;0.0
27;55200;INTARIAN_PEPPER_ROOT;40048;9;40045;8;40043;11;40060;11;40061;12;40063;8;40054.0;0.0
27;55300;ASH_COATED_OSMIUM;9993;28;9990;13;;;10011;5;10012;12;;;10002.5;0.0
27;55300;INTARIAN_PEPPER_ROOT;40048;8;40045;7;;;40059;8;40062;19;;;40054.0;0.0
27;55400;ASH_COATED_OSMIUM;9993;14;9990;25;;;10012;11;10013;21;;;10002.5;0.0
27;55400;INTARIAN_PEPPER_ROOT;40049;12;40046;8;;;40061;12;40062;10;;;40055.5;0.0
27;55500;ASH_COATED_OSMIUM;9995;13;9992;15;9990;11;10011;10;10012;23;10015;26;10003.0;0.0
27;55500;INTARIAN_PEPPER_ROOT;40048;10;;;;;40060;7;;;;;40054.5;0.0
27;55600;ASH_COATED_OSMIUM;9988;10;9987;5;;;10004;24;10006;10;;;9996.5;0.0
27;55600;INTARIAN_PEPPER_ROOT;40048;17;40045;8;;;40057;11;40059;19;;;40053.0;0.0
27;55700;ASH_COATED_OSMIUM;9987;23;9984;14;;;10003;11;10004;12;;;9995.0;0.0
27;55700;INTARIAN_PEPPER_ROOT;40046;12;40045;15;40043;12;40059;25;40062;12;40063;8;40053.0;0.0
27;55800;ASH_COATED_OSMIUM;9982;15;;;;;9998;12;;;;;9990.0;0.0
27;55800;INTARIAN_PEPPER_ROOT;40046;12;40045;8;;;40060;11;40061;11;;;40053.5;0.0
27;55900;ASH_COATED_OSMIUM;9984;11;9983;25;9980;11;10000;15;10003;13;10006;11;9992.5;0.0
27;55900;INTARIAN_PEPPER_ROOT;40051;11;40050;12;;;40063;24;40064;8;;;40057.5;0.0
27;56000;ASH_COATED_OSMIUM;9982;14;9979;13;;;10001;10;10003;14;;;9991.5;0.0
27;56000;INTARIAN_PEPPER_ROOT;40054;12;;;;;40066;8;;;;;40060.0;0.0
27;56100;ASH_COATED_OSMIUM;9983;14;;;;;10004;15;;;;;9994.0;0.0
27;56100;INTARIAN_PEPPER_ROOT;40051;9;40049;8;;;40064;11;40065;9;;;40057.5;0.0
27;56200;ASH_COATED_OSMIUM;9983;15;9980;28;;;10004;11;10007;12;;;9993.5;0.0
27;56200;INTARIAN_PEPPER_ROOT;40053;8;40051;19;40048;20;40065;10;40068;10;40070;11;40059.0;0.0
27;56300;ASH_COATED_OSMIUM;9985;13;9983;12;9981;10;10003;11;10006;30;10009;15;9994.5;0.0
27;56300;INTARIAN_PEPPER_ROOT;40053;20;40050;10;;;40069;8;40072;11;;;40061.5;0.0
27;56400;ASH_COATED_OSMIUM;9986;9;9983;15;;;10002;12;10003;24;;;9994.5;0.0
27;56400;INTARIAN_PEPPER_ROOT;40047;20;40045;8;;;40061;12;40063;12;;;40054.0;0.0
27;56500;ASH_COATED_OSMIUM;9987;10;9984;14;;;10005;15;10008;14;;;9996.0;0.0
27;56500;INTARIAN_PEPPER_ROOT;40049;9;40048;19;;;40061;10;40063;24;;;40055.5;0.0
27;56600;ASH_COATED_OSMIUM;9990;15;9989;11;;;10008;15;10011;25;;;9999.5;0.0
27;56600;INTARIAN_PEPPER_ROOT;40049;10;40048;12;;;40061;11;40064;10;;;40055.0;0.0
27;56700;ASH_COATED_OSMIUM;9984;25;9982;10;;;10003;13;10006;13;;;9993.5;0.0
27;56700;INTARIAN_PEPPER_ROOT;40055;11;40053;10;40052;12;40066;9;40067;24;40069;9;40060.5;0.0
27;56800;ASH_COATED_OSMIUM;9990;13;9987;13;;;10006;14;10009;10;;;9998.5;0.0
27;56800;INTARIAN_PEPPER_ROOT;40047;12;40044;8;40042;10;40062;18;40064;11;40067;17;40055.0;0.0
27;56900;ASH_COATED_OSMIUM;9986;15;9984;14;9982;11;10002;15;10003;12;10004;14;9994.5;0.0
27;56900;INTARIAN_PEPPER_ROOT;40047;9;40044;9;40043;9;40059;25;40061;12;40062;11;40053.0;0.0
27;57000;ASH_COATED_OSMIUM;9988;14;9987;10;;;10004;10;10005;11;;;9996.5;0.0
27;57000;INTARIAN_PEPPER_ROOT;40054;11;40051;8;;;40067;12;40069;8;;;40060.5;0.0
27;57100;ASH_COATED_OSMIUM;9990;12;9988;12;9985;11;10009;12;10011;11;10013;11;10000.0;0.0
27;57100;INTARIAN_PEPPER_ROOT;40053;10;40050;8;;;40066;12;40067;16;;;40059.5;0.0
27;57200;ASH_COATED_OSMIUM;9990;15;9988;13;;;10006;11;10009;11;;;9998.5;0.0
27;57200;INTARIAN_PEPPER_ROOT;40048;12;;;;;40061;8;;;;;40054.5;0.0
27;57300;ASH_COATED_OSMIUM;9989;10;;;;;10007;11;;;;;9998.5;0.0
27;57300;INTARIAN_PEPPER_ROOT;40053;11;40050;12;;;40064;16;40067;10;;;40059.0;0.0
27;57400;ASH_COATED_OSMIUM;9995;28;9992;11;9990;12;10011;11;10014;8;10017;10;10003.0;0.0
27;57400;INTARIAN_PEPPER_ROOT;40052;10;40049;11;40046;10;40065;12;40066;12;40068;9;40059.0;0.0
27;57500;ASH_COATED_OSMIUM;9990;2;9987;15;;;10011;11;10014;12;;;10000.5;0.0
27;57500;INTARIAN_PEPPER_ROOT;40051;8;40049;18;;;40063;10;40064;12;;;40057.0;0.0
27;57600;ASH_COATED_OSMIUM;9990;13;9987;10;9986;14;10006;14;10007;11;10010;13;9998.0;0.0
27;57600;INTARIAN_PEPPER_ROOT;40053;10;40051;11;;;40067;11;40070;9;;;40060.5;0.0
27;57700;ASH_COATED_OSMIUM;9999;10;9997;13;;;10018;10;10021;14;;;10008.5;0.0
27;57700;INTARIAN_PEPPER_ROOT;40052;12;40051;22;;;40066;11;40068;10;;;40059.0;0.0
27;57800;ASH_COATED_OSMIUM;9995;11;;;;;10011;2;;;;;10003.0;0.0
27;57800;INTARIAN_PEPPER_ROOT;40048;11;40045;9;;;40062;10;40063;16;;;40055.0;0.0
27;57900;ASH_COATED_OSMIUM;9997;26;;;;;10013;14;;;;;10005.0;0.0
27;57900;INTARIAN_PEPPER_ROOT;40049;10;;;;;40061;10;;;;;40055.0;0.0
27;58000;ASH_COATED_OSMIUM;9992;15;9989;14;;;10008;13;10010;11;;;10000.5;0.0
27;58000;INTARIAN_PEPPER_ROOT;40052;3;40051;12;40048;8;40066;8;40069;18;40071;8;40059.5;0.0
27;58100;ASH_COATED_OSMIUM;9991;15;9988;13;;;10002;12;10004;15;;;9996.5;0.0
27;58100;INTARIAN_PEPPER_ROOT;40054;12;40052;10;;;40062;8;40065;10;;;40058.5;0.0
27;58200;ASH_COATED_OSMIUM;9985;13;;;;;10001;10;;;;;9993.5;0.0
27;58200;INTARIAN_PEPPER_ROOT;40049;8;40047;12;;;40065;12;40066;8;;;40057.5;0.0
27;58300;ASH_COATED_OSMIUM;9984;13;;;;;10003;11;;;;;9993.5;0.0
27;58300;INTARIAN_PEPPER_ROOT;40051;12;;;;;40063;12;;;;;40057.5;0.0
27;58400;ASH_COATED_OSMIUM;9988;26;9985;13;;;10004;12;10007;11;;;9996.5;0.0
27;58400;INTARIAN_PEPPER_ROOT;40053;8;40052;10;;;40070;6;40073;9;;;40062.0;0.0
27;58500;ASH_COATED_OSMIUM;9992;11;9989;13;;;10008;11;10010;11;;;10000.5;0.0
27;58500;INTARIAN_PEPPER_ROOT;40051;12;40050;9;;;40063;12;40066;11;;;40057.0;0.0
27;58600;ASH_COATED_OSMIUM;9990;15;9987;13;;;10009;15;10012;11;;;10000.0;0.0
27;58600;INTARIAN_PEPPER_ROOT;40053;9;40051;12;40048;8;40064;9;40067;9;40070;9;40059.0;0.0
27;58700;ASH_COATED_OSMIUM;9991;26;9990;12;;;10007;14;10010;13;;;9999.5;0.0
27;58700;INTARIAN_PEPPER_ROOT;40049;12;40048;8;40045;17;40067;10;40068;10;40071;9;40058.0;0.0
27;58800;ASH_COATED_OSMIUM;9992;11;9989;10;;;10010;13;10012;15;;;10001.5;0.0
27;58800;INTARIAN_PEPPER_ROOT;40053;10;40052;10;;;40065;9;40066;8;;;40059.5;0.0
27;58900;ASH_COATED_OSMIUM;9992;10;9991;10;;;10008;10;10011;15;;;10000.0;0.0
27;58900;INTARIAN_PEPPER_ROOT;40051;10;40050;12;;;40064;20;40067;9;;;40057.5;0.0
27;59000;ASH_COATED_OSMIUM;9996;12;9994;11;;;10014;11;10015;11;;;10005.0;0.0
27;59000;INTARIAN_PEPPER_ROOT;40052;11;40049;3;40047;11;40065;11;40066;10;40069;8;40059.0;0.0
27;59100;ASH_COATED_OSMIUM;9998;14;9995;14;;;10014;12;10016;14;;;10006.5;0.0
27;59100;INTARIAN_PEPPER_ROOT;40048;9;40047;8;;;40064;10;40065;10;;;40056.0;0.0
27;59200;ASH_COATED_OSMIUM;9999;12;9997;14;9995;15;10018;13;10019;15;10020;15;10008.5;0.0
27;59200;INTARIAN_PEPPER_ROOT;40054;8;;;;;40068;8;;;;;40061.5;0.0
27;59300;ASH_COATED_OSMIUM;9990;21;;;;;10009;12;;;;;9999.5;0.0
27;59300;INTARIAN_PEPPER_ROOT;40052;10;;;;;40067;8;;;;;40059.5;0.0
27;59400;ASH_COATED_OSMIUM;9996;15;;;;;10012;15;;;;;10004.0;0.0
27;59400;INTARIAN_PEPPER_ROOT;40056;10;40054;10;;;40070;12;40072;8;;;40063.0;0.0
27;59500;ASH_COATED_OSMIUM;9991;13;;;;;10010;11;;;;;10000.5;0.0
27;59500;INTARIAN_PEPPER_ROOT;40053;25;40050;12;40047;11;40064;10;40065;11;40066;12;40059.0;0.0
27;59600;ASH_COATED_OSMIUM;9989;13;9988;11;9987;13;10004;22;10007;14;10009;10;9997.0;0.0
27;59600;INTARIAN_PEPPER_ROOT;40056;8;40055;12;;;40068;10;40071;11;;;40062.0;0.0
27;59700;ASH_COATED_OSMIUM;9990;13;9988;14;;;10009;11;10010;14;;;9999.5;0.0
27;59700;INTARIAN_PEPPER_ROOT;40054;12;;;;;40068;10;;;;;40061.5;0.0
27;59800;ASH_COATED_OSMIUM;9992;12;9990;13;;;10008;15;10011;15;;;10000.0;0.0
27;59800;INTARIAN_PEPPER_ROOT;40055;10;;;;;40067;9;;;;;40061.0;0.0
27;59900;ASH_COATED_OSMIUM;9990;15;9987;10;9984;10;10000;30;10002;30;10004;14;9995.5;0.0
27;59900;INTARIAN_PEPPER_ROOT;40056;8;40054;9;;;40070;12;40073;18;;;40063.5;0.0
27;60000;ASH_COATED_OSMIUM;9988;12;9987;11;9984;11;10004;12;10005;11;10006;10;9996.0;0.0
27;60000;INTARIAN_PEPPER_ROOT;40048;11;;;;;40061;8;;;;;40054.5;0.0
27;60100;ASH_COATED_OSMIUM;9992;10;9991;15;;;9998;13;10001;14;;;9995.5;0.0
27;60100;INTARIAN_PEPPER_ROOT;40050;11;40047;10;40044;10;40066;9;40068;11;40070;10;40058.5;0.0
27;60200;ASH_COATED_OSMIUM;9985;13;9983;23;;;10002;10;10004;15;;;9994.0;0.0
27;60200;INTARIAN_PEPPER_ROOT;40051;10;40048;9;;;40064;22;40067;12;;;40058.0;0.0
27;60300;ASH_COATED_OSMIUM;9990;28;9987;15;;;10006;15;10008;22;;;9998.0;0.0
27;60300;INTARIAN_PEPPER_ROOT;40053;10;40050;22;40048;8;40066;25;40068;8;40070;9;40060.0;0.0
27;60400;ASH_COATED_OSMIUM;9987;22;;;;;10003;21;;;;;9995.5;0.0
27;60400;INTARIAN_PEPPER_ROOT;40051;8;;;;;40064;12;;;;;40058.0;0.0
27;60500;ASH_COATED_OSMIUM;9987;10;9985;14;9982;10;10006;27;10008;14;10011;15;9997.0;0.0
27;60500;INTARIAN_PEPPER_ROOT;40053;8;40052;12;40049;9;40064;6;40066;12;40069;11;40058.5;0.0
27;60600;ASH_COATED_OSMIUM;9981;12;;;;;9999;10;;;;;9990.5;0.0
27;60600;INTARIAN_PEPPER_ROOT;40054;9;40051;18;40048;10;40067;9;40070;10;40073;11;40061.0;0.0
27;60700;ASH_COATED_OSMIUM;9982;13;9979;15;;;9998;11;9999;14;;;9990.0;0.0
27;60700;INTARIAN_PEPPER_ROOT;40054;11;40052;12;;;40067;11;40070;23;;;40060.5;0.0
27;60800;ASH_COATED_OSMIUM;9981;11;9979;24;;;9997;14;9998;11;;;9989.5;0.0
27;60800;INTARIAN_PEPPER_ROOT;40057;8;40055;11;40054;8;40068;8;40071;11;40073;8;40063.0;0.0
27;60900;ASH_COATED_OSMIUM;9990;13;9988;12;;;10006;12;10007;14;;;9998.5;0.0
27;60900;INTARIAN_PEPPER_ROOT;40058;24;40057;12;;;40069;16;40070;8;;;40064.0;0.0
27;61000;ASH_COATED_OSMIUM;9994;21;;;;;10010;10;;;;;10002.0;0.0
27;61000;INTARIAN_PEPPER_ROOT;40055;10;;;;;40068;10;;;;;40062.0;0.0
27;61100;ASH_COATED_OSMIUM;9995;4;9994;11;;;10011;27;10012;10;;;10003.0;0.0
27;61100;INTARIAN_PEPPER_ROOT;40054;10;40052;8;40051;12;40067;12;40070;22;40073;12;40060.5;0.0
27;61200;ASH_COATED_OSMIUM;9992;13;;;;;10008;25;;;;;10000.0;0.0
27;61200;INTARIAN_PEPPER_ROOT;40054;20;40052;22;;;40070;8;40071;8;;;40062.5;0.0
27;61300;ASH_COATED_OSMIUM;9986;10;9983;11;9982;12;10002;11;10004;11;10007;12;9994.5;0.0
27;61300;INTARIAN_PEPPER_ROOT;40054;11;40053;11;40050;10;40070;11;40072;8;40073;9;40062.5;0.0
27;61400;ASH_COATED_OSMIUM;9987;13;9986;15;;;10003;13;10005;10;;;9995.5;0.0
27;61400;INTARIAN_PEPPER_ROOT;40054;9;40053;12;;;40065;8;40066;12;;;40060.0;0.0
27;61500;ASH_COATED_OSMIUM;9983;15;;;;;9999;15;;;;;9991.0;0.0
27;61500;INTARIAN_PEPPER_ROOT;40054;9;40052;9;40050;12;40066;8;40069;9;40071;8;40060.0;0.0
27;61600;ASH_COATED_OSMIUM;9988;14;;;;;10004;13;;;;;9996.5;0.0
27;61600;INTARIAN_PEPPER_ROOT;40055;21;40053;9;;;40068;11;40069;9;;;40062.0;0.0
27;61700;ASH_COATED_OSMIUM;9985;10;9983;15;;;10001;10;10002;30;;;9993.5;0.0
27;61700;INTARIAN_PEPPER_ROOT;40052;10;40049;12;;;40066;10;40069;23;;;40059.5;0.0
27;61800;ASH_COATED_OSMIUM;9986;13;9983;26;;;10004;14;10006;10;;;9995.5;0.0
27;61800;INTARIAN_PEPPER_ROOT;40053;9;40051;21;40050;10;40067;11;40070;11;40073;8;40060.0;0.0
27;61900;ASH_COATED_OSMIUM;9988;12;;;;;10004;10;;;;;9996.5;0.0
27;61900;INTARIAN_PEPPER_ROOT;40051;18;;;;;40068;25;;;;;40060.0;0.0
27;62000;ASH_COATED_OSMIUM;9989;10;;;;;10005;10;;;;;9997.5;0.0
27;62000;INTARIAN_PEPPER_ROOT;40056;10;40055;8;;;40067;11;40069;9;;;40061.5;0.0
27;62100;ASH_COATED_OSMIUM;9989;12;9988;14;9986;14;10008;24;10009;12;10010;10;9999.0;0.0
27;62100;INTARIAN_PEPPER_ROOT;40056;9;;;;;40070;12;;;;;40063.5;0.0
27;62200;ASH_COATED_OSMIUM;9986;14;9984;10;9981;14;10004;14;10006;15;10007;10;9995.0;0.0
27;62200;INTARIAN_PEPPER_ROOT;40056;25;40053;10;;;40068;11;40071;25;;;40062.5;0.0
27;62300;ASH_COATED_OSMIUM;9984;12;9981;10;9979;27;10000;10;10003;11;10004;12;9992.0;0.0
27;62300;INTARIAN_PEPPER_ROOT;40052;4;40050;11;;;40066;12;40068;10;;;40059.0;0.0
27;62400;ASH_COATED_OSMIUM;9988;10;9985;10;9983;29;10004;24;10006;11;10009;11;9996.5;0.0
27;62400;INTARIAN_PEPPER_ROOT;40054;8;40051;12;;;40068;8;40069;11;;;40061.5;0.0
27;62500;ASH_COATED_OSMIUM;9988;15;9985;12;9984;15;10006;12;10007;12;10008;12;9997.5;0.0
27;62500;INTARIAN_PEPPER_ROOT;40063;25;40062;10;40061;11;40065;18;40066;9;40068;9;40064.5;0.0
27;62600;ASH_COATED_OSMIUM;9989;20;9988;11;;;10005;10;10008;12;;;9997.0;0.0
27;62600;INTARIAN_PEPPER_ROOT;40054;23;40052;17;40049;25;40067;8;40069;12;40070;8;40061.0;0.0
27;62700;ASH_COATED_OSMIUM;9986;4;9984;14;;;10002;10;10004;15;;;9994.0;0.0
27;62700;INTARIAN_PEPPER_ROOT;40058;12;;;;;40073;8;;;;;40066.0;0.0
27;62800;ASH_COATED_OSMIUM;9976;30;9975;2;;;9994;13;9995;13;;;9985.5;0.0
27;62800;INTARIAN_PEPPER_ROOT;40054;12;40051;8;40048;18;40068;12;40070;9;40071;9;40061.5;0.0
27;62900;ASH_COATED_OSMIUM;9981;14;9980;12;;;9997;14;9998;14;;;9989.5;0.0
27;62900;INTARIAN_PEPPER_ROOT;40055;10;40053;8;40050;9;40071;11;40072;10;40073;9;40063.5;0.0
27;63000;ASH_COATED_OSMIUM;9987;14;9985;10;9982;24;10003;15;10004;10;10006;26;9995.0;0.0
27;63000;INTARIAN_PEPPER_ROOT;40058;9;40055;10;;;40070;8;40073;10;;;40064.5;0.0
27;63100;ASH_COATED_OSMIUM;9991;11;;;;;10007;22;;;;;9999.5;0.0
27;63100;INTARIAN_PEPPER_ROOT;40057;11;40054;10;40051;8;40071;12;40073;11;40076;18;40064.0;0.0
27;63200;ASH_COATED_OSMIUM;10000;15;;;;;10016;27;;;;;10008.0;0.0
27;63200;INTARIAN_PEPPER_ROOT;40055;8;40054;10;;;40068;9;40071;11;;;40062.0;0.0
27;63300;ASH_COATED_OSMIUM;9996;24;;;;;10012;12;;;;;10004.5;0.0
27;63300;INTARIAN_PEPPER_ROOT;40055;9;;;;;40071;12;;;;;40063.5;0.0
27;63400;ASH_COATED_OSMIUM;9992;11;9990;14;;;10008;13;10009;14;;;10000.5;0.0
27;63400;INTARIAN_PEPPER_ROOT;40060;8;40058;8;40056;11;40073;9;40076;25;40078;18;40066.5;0.0
27;63500;ASH_COATED_OSMIUM;9993;14;;;;;10014;10;;;;;10003.5;0.0
27;63500;INTARIAN_PEPPER_ROOT;40058;24;;;;;40072;10;;;;;40065.0;0.0
27;63600;ASH_COATED_OSMIUM;9992;14;;;;;10008;13;;;;;10000.5;0.0
27;63600;INTARIAN_PEPPER_ROOT;40059;12;40056;10;;;40070;12;40073;10;;;40065.0;0.0
