day;timestamp;product;bid_price_1;bid_volume_1;bid_price_2;bid_volume_2;bid_price_3;bid_volume_3;ask_price_1;ask_volume_1;ask_price_2;ask_volume_2;ask_price_3;ask_volume_3;mid_price;profit_and_loss
25;0;ASH_COATED_OSMIUM;9995;14;9992;15;9991;13;10011;11;10014;3;10016;11;10003.5;0.0
25;0;INTARIAN_PEPPER_ROOT;37995;15;37994;8;;;38008;12;38009;8;;;38001.5;0.0
25;100;ASH_COATED_OSMIUM;9996;25;9993;11;9991;24;10014;12;10016;13;10019;24;10005.5;0.0
25;100;INTARIAN_PEPPER_ROOT;37993;21;37991;12;;;38009;25;38012;8;;;38001.0;0.0
25;200;ASH_COATED_OSMIUM;9997;10;9996;15;9993;29;10013;15;10015;28;10016;28;10005.5;0.0
25;200;INTARIAN_PEPPER_ROOT;37994;9;;;;;38005;9;;;;;38000.0;0.0
25;300;ASH_COATED_OSMIUM;9996;13;9993;26;;;10012;10;10014;28;;;10004.5;0.0
25;300;INTARIAN_PEPPER_ROOT;37992;12;;;;;38006;22;;;;;37999.0;0.0
25;400;ASH_COATED_OSMIUM;9995;12;;;;;10011;15;;;;;10003.5;0.0
25;400;INTARIAN_PEPPER_ROOT;37997;10;37994;9;;;38010;9;38011;10;;;38004.0;0.0
25;500;ASH_COATED_OSMIUM;9992;13;9991;15;;;10008;15;10011;10;;;10000.5;0.0
25;500;INTARIAN_PEPPER_ROOT;37995;8;37993;8;;;38008;8;38010;9;;;38001.5;0.0
25;600;ASH_COATED_OSMIUM;9985;12;9982;10;;;10001;11;10003;4;;;9993.5;0.0
25;600;INTARIAN_PEPPER_ROOT;37994;10;37992;19;37991;8;38006;12;38009;9;38012;10;38000.0;0.0
25;700;ASH_COATED_OSMIUM;9989;13;9988;11;9985;13;10005;20;10007;11;10008;12;9997.0;0.0
25;700;INTARIAN_PEPPER_ROOT;37996;10;37994;9;37992;8;38009;12;38012;10;38014;12;38003.0;0.0
25;800;ASH_COATED_OSMIUM;9996;11;9993;13;;;10012;30;10014;15;;;10004.0;0.0
25;800;INTARIAN_PEPPER_ROOT;38003;10;38001;9;;;38005;12;38007;8;;;38004.0;0.0
25;900;ASH_COATED_OSMIUM;9989;15;;;;;10005;15;;;;;9997.5;0.0
25;900;INTARIAN_PEPPER_ROOT;37995;11;37994;9;37991;20;38007;10;38010;11;38012;10;38001.0;0.0
25;1000;ASH_COATED_OSMIUM;9992;12;9989;13;9986;21;10008;30;10010;13;10011;24;10000.5;0.0
25;1000;INTARIAN_PEPPER_ROOT;37998;8;37995;11;37993;9;38012;23;38015;20;38018;11;38005.5;0.0
25;1100;ASH_COATED_OSMIUM;9993;10;9991;10;;;10009;25;10011;11;;;10001.5;0.0
25;1100;INTARIAN_PEPPER_ROOT;37989;8;37987;9;;;38004;12;38005;11;;;37996.5;0.0
25;1200;ASH_COATED_OSMIUM;9993;10;;;;;10012;11;;;;;10003.0;0.0
25;1200;INTARIAN_PEPPER_ROOT;37994;20;37992;11;37989;8;38006;10;38008;9;38009;8;38000.0;0.0
25;1300;ASH_COATED_OSMIUM;9995;15;9994;20;9991;14;10011;12;10013;10;10016;11;10003.5;0.0
25;1300;INTARIAN_PEPPER_ROOT;37994;8;37993;11;37992;10;38005;11;38007;8;38010;11;37999.5;0.0
25;1400;ASH_COATED_OSMIUM;9990;13;;;;;10009;12;;;;;10000.0;0.0
25;1400;INTARIAN_PEPPER_ROOT;37993;10;37992;12;37991;16;38010;15;38011;8;38014;11;38002.0;0.0
25;1500;ASH_COATED_OSMIUM;9994;29;9992;4;;;10010;10;10012;11;;;10002.0;0.0
25;1500;INTARIAN_PEPPER_ROOT;38001;12;38000;10;;;38014;11;38016;10;;;38007.5;0.0
25;1600;ASH_COATED_OSMIUM;9996;21;9993;13;9991;12;10017;11;10019;11;10021;15;10007.0;0.0
25;1600;INTARIAN_PEPPER_ROOT;37998;9;37996;9;;;38010;10;38011;9;;;38004.5;0.0
25;1700;ASH_COATED_OSMIUM;9998;12;9997;14;;;10016;27;10017;14;;;10007.0;0.0
25;1700;INTARIAN_PEPPER_ROOT;37997;12;37994;8;;;38010;9;38012;9;;;38003.5;0.0
25;1800;ASH_COATED_OSMIUM;9998;10;9996;11;;;10008;4;10011;22;;;10003.5;0.0
25;1800;INTARIAN_PEPPER_ROOT;37997;10;;;;;38011;9;;;;;38004.0;0.0
25;1900;ASH_COATED_OSMIUM;9990;23;9989;13;;;10006;30;10008;15;;;9998.0;0.0
25;1900;INTARIAN_PEPPER_ROOT;37992;11;;;;;38007;8;;;;;37999.5;0.0
25;2000;ASH_COATED_OSMIUM;9994;23;9992;15;;;10010;11;10013;11;;;10002.5;0.0
25;2000;INTARIAN_PEPPER_ROOT;37994;11;37991;17;;;38008;9;38009;9;;;38001.0;0.0
25;2100;ASH_COATED_OSMIUM;9998;12;;;;;10014;11;;;;;10006.0;0.0
25;2100;INTARIAN_PEPPER_ROOT;37994;12;37993;12;37992;22;38006;23;38007;20;38008;8;38000.5;0.0
25;2200;ASH_COATED_OSMIUM;9995;13;9994;15;9993;10;10014;15;10017;14;10019;23;10004.5;0.0
25;2200;INTARIAN_PEPPER_ROOT;37995;8;37993;12;37991;11;38009;25;38011;9;38014;9;38002.5;0.0
25;2300;ASH_COATED_OSMIUM;9999;24;;;;;10018;15;;;;;10009.0;0.0
25;2300;INTARIAN_PEPPER_ROOT;37995;15;37994;8;;;38010;8;38012;9;;;38002.5;0.0
25;2400;ASH_COATED_OSMIUM;9999;14;9997;11;9996;11;10017;30;10019;13;10020;10;10008.0;0.0
25;2400;INTARIAN_PEPPER_ROOT;37998;24;;;;;38001;8;;;;;37999.5;0.0
25;2500;ASH_COATED_OSMIUM;10001;14;9998;13;;;10017;15;10020;12;;;10009.0;0.0
25;2500;INTARIAN_PEPPER_ROOT;37992;22;;;;;38005;21;;;;;37999.0;0.0
25;2600;ASH_COATED_OSMIUM;10000;14;9997;14;;;10016;15;10017;5;;;10008.0;0.0
25;2600;INTARIAN_PEPPER_ROOT;37997;9;37994;9;;;38010;9;38011;12;;;38003.5;0.0
25;2700;ASH_COATED_OSMIUM;9999;14;9996;13;9994;15;10015;14;10017;14;10018;13;10007.5;0.0
25;2700;INTARIAN_PEPPER_ROOT;37994;19;;;;;38010;21;;;;;38002.0;0.0
25;2800;ASH_COATED_OSMIUM;9993;23;;;;;10012;11;;;;;10002.5;0.0
25;2800;INTARIAN_PEPPER_ROOT;37996;20;37994;17;;;38009;11;38010;8;;;38003.0;0.0
25;2900;ASH_COATED_OSMIUM;9997;13;;;;;10015;4;;;;;10006.0;0.0
25;2900;INTARIAN_PEPPER_ROOT;37999;12;37998;10;;;38011;18;38012;12;;;38005.0;0.0
25;3000;ASH_COATED_OSMIUM;9996;10;;;;;10014;13;;;;;10005.0;0.0
25;3000;INTARIAN_PEPPER_ROOT;37998;11;37995;24;37994;12;38009;20;38011;12;38013;10;38003.5;0.0
25;3100;ASH_COATED_OSMIUM;9994;11;9991;12;9988;13;10010;15;10012;12;10013;11;10002.0;0.0
25;3100;INTARIAN_PEPPER_ROOT;37995;9;37993;11;;;38007;10;38008;8;;;38001.0;0.0
25;3200;ASH_COATED_OSMIUM;9993;10;9991;11;9989;14;10009;22;10012;20;10015;10;10001.5;0.0
25;3200;INTARIAN_PEPPER_ROOT;37996;8;37994;12;37993;11;38008;24;38009;8;38010;11;38002.5;0.0
25;3300;ASH_COATED_OSMIUM;9989;11;9988;10;9985;15;10005;11;10007;15;10010;11;9997.5;0.0
25;3300;INTARIAN_PEPPER_ROOT;37997;11;37996;8;37995;12;38008;10;38009;23;38010;11;38002.5;0.0
25;3400;ASH_COATED_OSMIUM;9985;12;;;;;10001;12;;;;;9993.0;0.0
25;3400;INTARIAN_PEPPER_ROOT;38002;23;38001;9;;;38005;10;38006;11;;;38003.5;0.0
25;3500;ASH_COATED_OSMIUM;9980;10;;;;;9996;11;;;;;9988.5;0.0
25;3500;INTARIAN_PEPPER_ROOT;37995;9;;;;;38012;10;;;;;38003.5;0.0
25;3600;ASH_COATED_OSMIUM;9980;25;9977;10;9975;14;9999;11;10000;10;10003;15;9990.0;0.0
25;3600;INTARIAN_PEPPER_ROOT;37995;11;37993;3;;;38009;12;38011;9;;;38002.0;0.0
25;3700;ASH_COATED_OSMIUM;9985;13;9983;29;9980;11;10001;10;10004;22;10005;11;9993.0;0.0
25;3700;INTARIAN_PEPPER_ROOT;37997;9;37994;10;;;38009;11;38011;12;;;38003.5;0.0
25;3800;ASH_COATED_OSMIUM;9980;14;;;;;9996;13;;;;;9988.5;0.0
25;3800;INTARIAN_PEPPER_ROOT;37996;12;37995;18;;;38013;11;38015;10;;;38005.0;0.0
25;3900;ASH_COATED_OSMIUM;9983;13;9980;10;;;9999;12;10000;12;;;9991.0;0.0
25;3900;INTARIAN_PEPPER_ROOT;37997;10;37994;19;;;38012;9;38014;12;;;38004.5;0.0
25;4000;ASH_COATED_OSMIUM;9981;13;9980;10;9977;11;9997;12;9999;15;10002;13;9989.5;0.0
25;4000;INTARIAN_PEPPER_ROOT;37998;12;;;;;38012;17;;;;;38005.5;0.0
25;4100;ASH_COATED_OSMIUM;9997;22;;;;;10004;25;;;;;10000.5;0.0
25;4100;INTARIAN_PEPPER_ROOT;37998;25;37995;8;;;38010;8;38011;8;;;38004.5;0.0
25;4200;ASH_COATED_OSMIUM;9998;11;;;;;10014;15;;;;;10006.5;0.0
25;4200;INTARIAN_PEPPER_ROOT;38002;9;38001;10;;;38016;10;38018;11;;;38009.5;0.0
25;4300;ASH_COATED_OSMIUM;10000;13;;;;;10016;12;;;;;10008.0;0.0
25;4300;INTARIAN_PEPPER_ROOT;37998;10;37995;8;;;38011;12;38012;8;;;38004.5;0.0
25;4400;ASH_COATED_OSMIUM;10005;23;10002;11;10001;24;10021;2;10023;12;10025;11;10013.0;0.0
25;4400;INTARIAN_PEPPER_ROOT;37996;10;;;;;38011;10;;;;;38003.5;0.0
25;4500;ASH_COATED_OSMIUM;10007;10;10004;11;;;10023;12;10024;14;;;10015.0;0.0
25;4500;INTARIAN_PEPPER_ROOT;37995;11;;;;;38007;10;;;;;38001.0;0.0
25;4600;ASH_COATED_OSMIUM;9997;30;9995;11;9992;27;10018;15;10019;28;10020;3;10008.0;0.0
25;4600;INTARIAN_PEPPER_ROOT;38000;9;37997;8;;;38013;10;38015;8;;;38006.5;0.0
25;4700;ASH_COATED_OSMIUM;9997;14;9995;11;9994;14;10013;13;10014;12;10015;10;10005.5;0.0
25;4700;INTARIAN_PEPPER_ROOT;38001;11;;;;;38014;9;;;;;38008.0;0.0
25;4800;ASH_COATED_OSMIUM;9995;13;9992;10;;;10011;23;10012;14;;;10003.5;0.0
25;4800;INTARIAN_PEPPER_ROOT;38001;12;37999;8;37996;25;38012;10;38014;12;38016;11;38007.0;0.0
25;4900;ASH_COATED_OSMIUM;9990;12;9989;12;9988;13;10008;14;10009;12;10012;15;9999.0;0.0
25;4900;INTARIAN_PEPPER_ROOT;38000;9;;;;;38012;19;;;;;38006.0;0.0
25;5000;ASH_COATED_OSMIUM;9992;15;;;;;10008;14;;;;;10000.0;0.0
25;5000;INTARIAN_PEPPER_ROOT;37998;10;37996;10;;;38012;9;38015;15;;;38005.0;0.0
25;5100;ASH_COATED_OSMIUM;9992;14;;;;;10008;3;;;;;10000.0;0.0
25;5100;INTARIAN_PEPPER_ROOT;38000;8;37997;12;;;38011;8;38013;17;;;38005.5;0.0
25;5200;ASH_COATED_OSMIUM;9999;15;9998;15;;;10015;12;10018;13;;;10007.0;0.0
25;5200;INTARIAN_PEPPER_ROOT;37996;8;37995;9;37992;8;38008;8;38011;11;38014;9;38002.0;0.0
25;5300;ASH_COATED_OSMIUM;10004;15;;;;;10020;12;;;;;10012.0;0.0
25;5300;INTARIAN_PEPPER_ROOT;37999;12;37998;9;;;38014;10;38017;10;;;38006.5;0.0
25;5400;ASH_COATED_OSMIUM;9996;10;9995;15;;;10012;14;10015;15;;;10004.0;0.0
25;5400;INTARIAN_PEPPER_ROOT;37999;11;37996;10;;;38013;15;38016;10;;;38006.5;0.0
25;5500;ASH_COATED_OSMIUM;9995;10;9992;14;9990;15;10011;30;10013;10;10015;13;10003.5;0.0
25;5500;INTARIAN_PEPPER_ROOT;38000;9;;;;;38013;10;;;;;38006.5;0.0
25;5600;ASH_COATED_OSMIUM;9994;12;9993;15;9991;13;10010;10;10012;14;10014;13;10002.0;0.0
25;5600;INTARIAN_PEPPER_ROOT;38000;11;37998;21;37995;16;38012;8;38014;12;38015;9;38006.0;0.0
25;5700;ASH_COATED_OSMIUM;9995;10;9993;15;;;10011;12;10014;15;;;10003.0;0.0
25;5700;INTARIAN_PEPPER_ROOT;38002;11;;;;;38014;8;;;;;38008.0;0.0
25;5800;ASH_COATED_OSMIUM;9990;10;9989;11;9988;10;10006;10;10009;24;10011;12;9998.0;0.0
25;5800;INTARIAN_PEPPER_ROOT;38001;22;38000;12;37997;12;38012;10;38013;9;38015;8;38006.5;0.0
25;5900;ASH_COATED_OSMIUM;9986;14;9984;15;9981;13;10004;5;10005;10;10008;23;9995.5;0.0
25;5900;INTARIAN_PEPPER_ROOT;38001;9;37998;10;;;38013;6;38016;20;;;38007.0;0.0
25;6000;ASH_COATED_OSMIUM;9995;11;9992;11;;;10011;25;10012;24;;;10003.5;0.0
25;6000;INTARIAN_PEPPER_ROOT;37999;12;37996;12;37995;10;38012;11;38014;8;38015;12;38006.0;0.0
25;6100;ASH_COATED_OSMIUM;9993;10;9992;14;;;10012;10;10014;12;;;10003.0;0.0
25;6100;INTARIAN_PEPPER_ROOT;37999;10;;;;;38013;23;;;;;38006.0;0.0
25;6200;ASH_COATED_OSMIUM;9995;12;9992;12;;;10011;14;10013;14;;;10003.0;0.0
25;6200;INTARIAN_PEPPER_ROOT;37996;9;37993;12;37992;11;38012;10;38015;9;38016;11;38004.0;0.0
25;6300;ASH_COATED_OSMIUM;9992;23;9990;15;;;10008;25;10011;10;;;10000.5;0.0
25;6300;INTARIAN_PEPPER_ROOT;37998;9;37996;12;;;38009;12;38010;11;;;38003.5;0.0
25;6400;ASH_COATED_OSMIUM;9992;11;;;;;10008;25;;;;;10000.0;0.0
25;6400;INTARIAN_PEPPER_ROOT;38000;10;;;;;38012;12;;;;;38006.0;0.0
25;6500;ASH_COATED_OSMIUM;9991;13;9988;14;9986;14;10007;10;10010;6;10013;10;9999.0;0.0
25;6500;INTARIAN_PEPPER_ROOT;38002;10;37999;19;37997;8;38014;12;38017;10;38020;12;38008.0;0.0
25;6600;ASH_COATED_OSMIUM;9991;14;9988;14;;;10010;14;10013;11;;;10000.5;0.0
25;6600;INTARIAN_PEPPER_ROOT;37997;12;37994;10;;;38013;8;38014;22;;;38005.0;0.0
25;6700;ASH_COATED_OSMIUM;9999;11;;;;;10015;11;;;;;10007.5;0.0
25;6700;INTARIAN_PEPPER_ROOT;37999;9;37997;11;;;38011;12;38012;8;;;38005.5;0.0
25;6800;ASH_COATED_OSMIUM;9997;10;;;;;10007;23;;;;;10002.5;0.0
25;6800;INTARIAN_PEPPER_ROOT;38002;8;37999;11;;;38015;11;38018;7;;;38008.5;0.0
25;6900;ASH_COATED_OSMIUM;9991;10;9990;26;9988;13;10007;12;10009;13;10012;27;9999.5;0.0
25;6900;INTARIAN_PEPPER_ROOT;37998;8;;;;;38011;8;;;;;38005.0;0.0
25;7000;ASH_COATED_OSMIUM;9992;13;9990;13;;;10008;14;10010;15;;;10000.0;0.0
25;7000;INTARIAN_PEPPER_ROOT;38002;12;38001;8;37998;10;38016;10;38018;10;38020;12;38009.0;0.0
25;7100;ASH_COATED_OSMIUM;9994;11;;;;;10010;15;;;;;10002.0;0.0
25;7100;INTARIAN_PEPPER_ROOT;38003;8;;;;;38015;8;;;;;38009.0;0.0
25;7200;ASH_COATED_OSMIUM;9998;13;9997;4;9994;12;10009;15;10011;5;10012;14;10003.5;0.0
25;7200;INTARIAN_PEPPER_ROOT;38000;9;37998;24;37995;9;38012;10;38015;12;38017;10;38006.0;0.0
25;7300;ASH_COATED_OSMIUM;10000;12;9997;13;;;10016;15;10017;21;;;10008.0;0.0
25;7300;INTARIAN_PEPPER_ROOT;38001;9;37998;18;;;38012;24;38013;23;;;38007.0;0.0
25;7400;ASH_COATED_OSMIUM;10005;24;10004;14;;;10021;11;10023;11;;;10013.0;0.0
25;7400;INTARIAN_PEPPER_ROOT;38000;11;37997;11;;;38014;9;38015;11;;;38007.5;0.0
25;7500;ASH_COATED_OSMIUM;9999;13;;;;;10015;15;;;;;10007.0;0.0
25;7500;INTARIAN_PEPPER_ROOT;37999;8;;;;;38013;10;;;;;38006.0;0.0
25;7600;ASH_COATED_OSMIUM;9997;10;9995;11;9994;11;10015;15;10017;13;10018;12;10006.0;0.0
25;7600;INTARIAN_PEPPER_ROOT;38001;10;37998;11;;;38013;8;38014;8;;;38007.5;0.0
25;7700;ASH_COATED_OSMIUM;9999;11;;;;;10015;26;;;;;10007.0;0.0
25;7700;INTARIAN_PEPPER_ROOT;37998;12;37996;12;;;38011;9;38014;9;;;38004.5;0.0
25;7800;ASH_COATED_OSMIUM;9997;12;9994;13;9992;23;10007;13;10010;21;10013;12;10002.5;0.0
25;7800;INTARIAN_PEPPER_ROOT;38001;10;38000;11;37998;10;38018;12;38021;12;38023;8;38010.0;0.0
25;7900;ASH_COATED_OSMIUM;9989;13;;;;;10005;14;;;;;9997.0;0.0
25;7900;INTARIAN_PEPPER_ROOT;38004;9;38003;10;;;38019;23;38021;11;;;38012.0;0.0
25;8000;ASH_COATED_OSMIUM;9989;30;;;;;10005;14;;;;;9997.0;0.0
25;8000;INTARIAN_PEPPER_ROOT;38006;9;;;;;38018;8;;;;;38012.0;0.0
25;8100;ASH_COATED_OSMIUM;9989;22;9987;13;;;10005;15;10008;10;;;9997.0;0.0
25;8100;INTARIAN_PEPPER_ROOT;38001;9;38000;19;37999;10;38018;11;38021;9;38023;9;38010.0;0.0
25;8200;ASH_COATED_OSMIUM;9988;12;9987;10;9985;23;10006;11;10009;22;10011;15;9997.0;0.0
25;8200;INTARIAN_PEPPER_ROOT;38000;8;37999;24;37997;9;38014;8;38017;8;38020;22;38007.5;0.0
25;8300;ASH_COATED_OSMIUM;9989;10;;;;;10005;3;;;;;9997.0;0.0
25;8300;INTARIAN_PEPPER_ROOT;38000;8;;;;;38014;9;;;;;38007.5;0.0
25;8400;ASH_COATED_OSMIUM;9988;10;9986;15;9983;30;10004;14;10007;14;10010;11;9996.5;0.0
25;8400;INTARIAN_PEPPER_ROOT;38005;10;38004;12;;;38016;10;38019;19;;;38011.0;0.0
25;8500;ASH_COATED_OSMIUM;9987;14;;;;;10003;14;;;;;9995.0;0.0
25;8500;INTARIAN_PEPPER_ROOT;38004;19;38001;12;38000;11;38015;9;38017;11;38019;8;38010.0;0.0
25;8600;ASH_COATED_OSMIUM;9999;14;;;;;10010;15;;;;;10005.0;0.0
25;8600;INTARIAN_PEPPER_ROOT;38003;10;;;;;38017;22;;;;;38010.0;0.0
25;8700;ASH_COATED_OSMIUM;9997;13;9994;14;;;10015;10;10018;14;;;10006.0;0.0
25;8700;INTARIAN_PEPPER_ROOT;38005;11;;;;;38019;9;;;;;38012.0;0.0
25;8800;ASH_COATED_OSMIUM;9998;14;;;;;10009;10;;;;;10004.0;0.0
25;8800;INTARIAN_PEPPER_ROOT;38007;8;;;;;38010;9;;;;;38008.5;0.0
25;8900;ASH_COATED_OSMIUM;9993;21;;;;;10009;14;;;;;10001.0;0.0
25;8900;INTARIAN_PEPPER_ROOT;38000;12;37997;12;;;38014;11;38015;22;;;38007.0;0.0
25;9000;ASH_COATED_OSMIUM;9991;10;9989;10;9987;29;10007;11;10009;13;10010;12;9999.0;0.0
25;9000;INTARIAN_PEPPER_ROOT;38006;9;38005;11;38002;12;38017;10;38020;12;38023;9;38011.5;0.0
25;9100;ASH_COATED_OSMIUM;9990;11;9987;24;;;10006;12;10008;12;;;9998.0;0.0
25;9100;INTARIAN_PEPPER_ROOT;37999;21;37997;12;;;38014;9;38017;9;;;38007.0;0.0
25;9200;ASH_COATED_OSMIUM;9989;10;9986;13;;;10005;15;10008;25;;;9997.5;0.0
25;9200;INTARIAN_PEPPER_ROOT;37998;9;37995;9;37993;9;38014;11;38017;11;38018;9;38006.5;0.0
25;9300;ASH_COATED_OSMIUM;9993;14;9991;10;;;10001;20;10004;12;;;9997.0;0.0
25;9300;INTARIAN_PEPPER_ROOT;38003;12;38001;10;;;38015;9;38018;22;;;38009.5;0.0
25;9400;ASH_COATED_OSMIUM;9987;15;9986;15;;;10003;10;10004;26;;;9995.5;0.0
25;9400;INTARIAN_PEPPER_ROOT;38004;11;38001;8;;;38015;9;38018;8;;;38009.5;0.0
25;9500;ASH_COATED_OSMIUM;9993;10;9992;24;;;10009;15;10011;13;;;10001.5;0.0
25;9500;INTARIAN_PEPPER_ROOT;38000;11;37998;12;37995;10;38012;11;38014;12;38016;11;38006.5;0.0
25;9600;ASH_COATED_OSMIUM;9990;21;;;;;10009;11;;;;;10000.0;0.0
25;9600;INTARIAN_PEPPER_ROOT;38003;8;38000;8;;;38015;15;38017;12;;;38009.5;0.0
25;9700;ASH_COATED_OSMIUM;9987;3;;;;;10003;11;;;;;9995.0;0.0
25;9700;INTARIAN_PEPPER_ROOT;38005;10;38004;24;;;38021;22;38024;8;;;38013.0;0.0
25;9800;ASH_COATED_OSMIUM;9988;24;9986;15;;;10004;10;10005;21;;;9996.0;0.0
25;9800;INTARIAN_PEPPER_ROOT;38002;10;;;;;38016;17;;;;;38009.0;0.0
25;9900;ASH_COATED_OSMIUM;9992;10;;;;;10008;10;;;;;10000.0;0.0
25;9900;INTARIAN_PEPPER_ROOT;38001;8;37999;9;37997;8;38014;11;38016;11;38017;11;38007.5;0.0
25;10000;ASH_COATED_OSMIUM;9988;10;;;;;10004;11;;;;;9996.0;0.0
25;10000;INTARIAN_PEPPER_ROOT;38003;10;;;;;38016;17;;;;;38010.0;0.0
25;10100;ASH_COATED_OSMIUM;9987;9;9986;10;9983;14;10003;12;10004;14;10005;10;9995.5;0.0
25;10100;INTARIAN_PEPPER_ROOT;38007;12;38004;12;;;38023;8;38024;9;;;38015.0;0.0
25;10200;ASH_COATED_OSMIUM;9989;14;;;;;9995;11;;;;;9992.5;0.0
25;10200;INTARIAN_PEPPER_ROOT;38006;10;38004;9;;;38017;9;38018;12;;;38011.5;0.0
25;10300;ASH_COATED_OSMIUM;9987;12;9986;10;;;10005;15;10008;22;;;9996.5;0.0
25;10300;INTARIAN_PEPPER_ROOT;37999;9;37998;11;;;38015;24;38017;9;;;38007.0;0.0
25;10400;ASH_COATED_OSMIUM;9987;26;9984;13;;;10003;11;10004;15;;;9995.0;0.0
25;10400;INTARIAN_PEPPER_ROOT;38003;9;38002;5;;;38014;10;38017;9;;;38008.5;0.0
25;10500;ASH_COATED_OSMIUM;9987;13;9986;12;;;10003;5;10005;10;;;9995.0;0.0
25;10500;INTARIAN_PEPPER_ROOT;38006;12;;;;;38022;10;;;;;38014.5;0.0
25;10600;ASH_COATED_OSMIUM;9989;11;9987;26;;;10005;11;10007;10;;;9997.0;0.0
25;10600;INTARIAN_PEPPER_ROOT;38007;9;38004;9;;;38011;10;38013;8;;;38009.5;0.0
25;10700;ASH_COATED_OSMIUM;9989;13;9986;10;9983;12;10007;12;10008;10;10009;20;9998.5;0.0
25;10700;INTARIAN_PEPPER_ROOT;37999;9;37997;12;37995;8;38013;15;38014;11;38015;11;38006.5;0.0
25;10800;ASH_COATED_OSMIUM;9987;10;9986;12;;;10003;13;10005;11;;;9995.0;0.0
25;10800;INTARIAN_PEPPER_ROOT;38004;11;;;;;38017;12;;;;;38011.0;0.0
25;10900;ASH_COATED_OSMIUM;9994;12;9992;12;;;10013;12;10015;21;;;10003.5;0.0
25;10900;INTARIAN_PEPPER_ROOT;38006;8;38003;10;38001;11;38019;18;38021;8;38023;11;38013.0;0.0
25;11000;ASH_COATED_OSMIUM;9992;11;;;;;10008;14;;;;;10000.5;0.0
25;11000;INTARIAN_PEPPER_ROOT;38007;9;38004;8;38002;8;38018;8;38020;12;38023;9;38012.5;0.0
25;11100;ASH_COATED_OSMIUM;9994;10;9991;29;9988;11;10010;26;10013;12;10014;15;10002.5;0.0
25;11100;INTARIAN_PEPPER_ROOT;38002;9;;;;;38018;9;;;;;38010.5;0.0
25;11200;ASH_COATED_OSMIUM;9993;15;9992;11;9991;11;10009;20;10012;10;10013;11;10001.5;0.0
25;11200;INTARIAN_PEPPER_ROOT;38007;9;38005;10;;;38019;10;38022;11;;;38013.5;0.0
25;11300;ASH_COATED_OSMIUM;9994;15;9993;30;;;10013;10;10014;11;;;10004.0;0.0
25;11300;INTARIAN_PEPPER_ROOT;38004;11;38001;12;37998;8;38018;12;38021;12;38023;9;38011.0;0.0
25;11400;ASH_COATED_OSMIUM;9997;10;9995;13;;;10013;10;10015;13;;;10005.5;0.0
25;11400;INTARIAN_PEPPER_ROOT;37999;8;37997;11;37994;11;38013;12;38014;11;38016;10;38006.0;0.0
25;11500;ASH_COATED_OSMIUM;9999;11;9996;13;;;10015;13;10017;25;;;10007.5;0.0
25;11500;INTARIAN_PEPPER_ROOT;38004;10;38003;11;38001;12;38016;12;38019;10;38020;8;38010.5;0.0
25;11600;ASH_COATED_OSMIUM;10000;11;;;;;10016;10;;;;;10008.0;0.0
25;11600;INTARIAN_PEPPER_ROOT;38007;18;38006;8;38005;8;38020;8;38021;10;38022;8;38013.5;0.0
25;11700;ASH_COATED_OSMIUM;9999;29;9997;11;9996;11;10005;15;10006;13;10009;11;10002.5;0.0
25;11700;INTARIAN_PEPPER_ROOT;38006;9;38005;22;;;38013;8;38015;9;;;38010.0;0.0
25;11800;ASH_COATED_OSMIUM;9994;27;;;;;10010;25;;;;;10002.5;0.0
25;11800;INTARIAN_PEPPER_ROOT;38000;17;;;;;38014;11;;;;;38007.5;0.0
25;11900;ASH_COATED_OSMIUM;9988;24;;;;;10004;12;;;;;9996.5;0.0
25;11900;INTARIAN_PEPPER_ROOT;38007;10;38005;24;38002;19;38023;23;38026;10;38029;10;38015.5;0.0
25;12000;ASH_COATED_OSMIUM;9985;11;;;;;10001;10;;;;;9993.0;0.0
25;12000;INTARIAN_PEPPER_ROOT;38006;21;38004;15;;;38020;11;38023;9;;;38013.0;0.0
25;12100;ASH_COATED_OSMIUM;9992;12;;;;;10010;15;;;;;10001.0;0.0
25;12100;INTARIAN_PEPPER_ROOT;38010;15;38009;10;;;38022;10;38023;11;;;38016.0;0.0
25;12200;ASH_COATED_OSMIUM;9994;13;9991;13;;;10010;13;10013;11;;;10002.0;0.0
25;12200;INTARIAN_PEPPER_ROOT;38008;12;;;;;38019;9;;;;;38014.0;0.0
25;12300;ASH_COATED_OSMIUM;9991;25;9988;14;;;10007;14;10009;20;;;9999.5;0.0
25;12300;INTARIAN_PEPPER_ROOT;38008;25;38006;11;38003;12;38022;12;38023;16;38026;17;38015.0;0.0
25;12400;ASH_COATED_OSMIUM;9995;11;;;;;10011;13;;;;;10003.0;0.0
25;12400;INTARIAN_PEPPER_ROOT;38010;10;38009;11;38008;23;38022;11;38023;12;38024;8;38016.5;0.0
25;12500;ASH_COATED_OSMIUM;9993;27;9990;15;;;10009;10;10012;13;;;10001.5;0.0
25;12500;INTARIAN_PEPPER_ROOT;38004;10;38001;10;;;38018;24;38020;9;;;38011.0;0.0
25;12600;ASH_COATED_OSMIUM;9996;10;9995;10;;;10014;12;10016;11;;;10005.5;0.0
25;12600;INTARIAN_PEPPER_ROOT;38006;9;38004;10;;;38020;8;38023;10;;;38013.0;0.0
25;12700;ASH_COATED_OSMIUM;9998;12;9995;11;;;10017;14;10020;12;;;10007.5;0.0
25;12700;INTARIAN_PEPPER_ROOT;38005;9;38004;12;;;38017;12;38020;11;;;38011.0;0.0
25;12800;ASH_COATED_OSMIUM;9998;12;;;;;10014;12;;;;;10006.5;0.0
25;12800;INTARIAN_PEPPER_ROOT;38005;8;38004;11;38002;11;38017;16;38019;10;38021;12;38011.5;0.0
25;12900;ASH_COATED_OSMIUM;9996;23;9994;11;;;10017;15;10020;12;;;10006.5;0.0
25;12900;INTARIAN_PEPPER_ROOT;38002;11;38000;12;37997;9;38019;12;38022;11;38025;9;38011.0;0.0
25;13000;ASH_COATED_OSMIUM;9997;10;9994;10;9992;11;10013;12;10016;15;10017;12;10005.5;0.0
25;13000;INTARIAN_PEPPER_ROOT;38006;9;38003;11;;;38017;8;38019;12;;;38011.5;0.0
25;13100;ASH_COATED_OSMIUM;9995;14;9994;15;;;10011;15;10014;10;;;10003.5;0.0
25;13100;INTARIAN_PEPPER_ROOT;38007;10;38006;21;38003;10;38018;10;38021;10;38022;12;38012.5;0.0
25;13200;ASH_COATED_OSMIUM;9994;11;9991;12;;;10010;11;10013;10;;;10002.0;0.0
25;13200;INTARIAN_PEPPER_ROOT;38006;10;;;;;38023;11;;;;;38015.0;0.0
25;13300;ASH_COATED_OSMIUM;9990;13;9989;14;;;10008;10;10009;12;;;9999.5;0.0
25;13300;INTARIAN_PEPPER_ROOT;38015;8;;;;;38017;12;;;;;38016.0;0.0
25;13400;ASH_COATED_OSMIUM;9989;13;9987;12;;;10005;13;10007;11;;;9997.0;0.0
25;13400;INTARIAN_PEPPER_ROOT;38007;12;;;;;38022;5;;;;;38014.5;0.0
25;13500;ASH_COATED_OSMIUM;9987;15;;;;;10008;10;;;;;9998.0;0.0
25;13500;INTARIAN_PEPPER_ROOT;38002;11;38001;11;;;38020;9;38022;25;;;38011.5;0.0
25;13600;ASH_COATED_OSMIUM;9985;15;9982;13;;;10001;13;10004;11;;;9993.0;0.0
25;13600;INTARIAN_PEPPER_ROOT;38006;10;38003;12;;;38018;15;38019;10;;;38012.0;0.0
25;13700;ASH_COATED_OSMIUM;9988;15;;;;;10004;13;;;;;9996.0;0.0
25;13700;INTARIAN_PEPPER_ROOT;38009;8;;;;;38022;8;;;;;38016.0;0.0
25;13800;ASH_COATED_OSMIUM;9988;12;9987;12;;;10004;13;10007;11;;;9996.0;0.0
25;13800;INTARIAN_PEPPER_ROOT;38005;9;38003;11;;;38019;19;38020;9;;;38012.0;0.0
25;13900;ASH_COATED_OSMIUM;9984;11;9983;14;;;10003;13;10006;3;;;9993.5;0.0
25;13900;INTARIAN_PEPPER_ROOT;38006;9;38003;12;;;38018;8;38020;10;;;38012.5;0.0
25;14000;ASH_COATED_OSMIUM;9984;11;;;;;10003;15;;;;;9993.5;0.0
25;14000;INTARIAN_PEPPER_ROOT;38007;12;;;;;38019;10;;;;;38013.0;0.0
25;14100;ASH_COATED_OSMIUM;9980;12;;;;;9999;12;;;;;9989.5;0.0
25;14100;INTARIAN_PEPPER_ROOT;38010;12;;;;;38022;8;;;;;38016.5;0.0
25;14200;ASH_COATED_OSMIUM;9985;15;;;;;9995;15;;;;;9990.5;0.0
25;14200;INTARIAN_PEPPER_ROOT;38009;21;38008;12;38006;11;38022;20;38023;20;38025;12;38016.0;0.0
25;14300;ASH_COATED_OSMIUM;9988;29;9987;11;;;10009;30;10011;15;;;9998.5;0.0
25;14300;INTARIAN_PEPPER_ROOT;38008;16;38006;9;;;38019;12;38021;10;;;38014.0;0.0
25;14400;ASH_COATED_OSMIUM;9988;14;;;;;10004;12;;;;;9996.0;0.0
25;14400;INTARIAN_PEPPER_ROOT;38007;12;38006;12;;;38019;19;38021;12;;;38013.5;0.0
25;14500;ASH_COATED_OSMIUM;9984;12;9983;11;;;10002;4;10004;11;;;9993.0;0.0
25;14500;INTARIAN_PEPPER_ROOT;38007;12;;;;;38022;10;;;;;38014.5;0.0
25;14600;ASH_COATED_OSMIUM;9987;10;9985;15;;;10006;2;10009;12;;;9996.5;0.0
25;14600;INTARIAN_PEPPER_ROOT;38009;22;38008;10;;;38020;16;38022;8;;;38015.0;0.0
25;14700;ASH_COATED_OSMIUM;9985;13;9983;12;9982;13;10001;26;10002;12;10004;15;9993.5;0.0
25;14700;INTARIAN_PEPPER_ROOT;38006;8;38004;11;;;38017;18;38019;9;;;38011.5;0.0
25;14800;ASH_COATED_OSMIUM;9987;15;9986;11;9984;12;10003;10;10006;13;10007;30;9995.0;0.0
25;14800;INTARIAN_PEPPER_ROOT;38007;12;;;;;38022;4;;;;;38015.0;0.0
25;14900;ASH_COATED_OSMIUM;9994;14;9993;13;9991;11;10010;26;10012;4;10014;4;10002.5;0.0
25;14900;INTARIAN_PEPPER_ROOT;38009;12;38006;11;;;38020;9;38022;3;;;38015.0;0.0
25;15000;ASH_COATED_OSMIUM;9995;13;9992;15;;;10011;15;10013;13;;;10003.5;0.0
25;15000;INTARIAN_PEPPER_ROOT;38007;12;38005;11;;;38022;18;38023;22;;;38014.5;0.0
25;15100;ASH_COATED_OSMIUM;9992;10;9990;14;;;10008;13;10010;14;;;10000.5;0.0
25;15100;INTARIAN_PEPPER_ROOT;38020;12;38018;9;38015;12;38026;11;38027;10;38028;11;38023.0;0.0
25;15200;ASH_COATED_OSMIUM;9991;15;9990;11;9988;13;10009;15;10010;10;10013;10;10000.5;0.0
25;15200;INTARIAN_PEPPER_ROOT;38008;11;;;;;38024;20;;;;;38016.5;0.0
25;15300;ASH_COATED_OSMIUM;10001;15;10000;11;9997;14;10008;27;10011;28;10012;14;10004.5;0.0
25;15300;INTARIAN_PEPPER_ROOT;38010;16;;;;;38023;8;;;;;38016.5;0.0
25;15400;ASH_COATED_OSMIUM;9998;24;9996;15;;;10014;14;10017;13;;;10006.5;0.0
25;15400;INTARIAN_PEPPER_ROOT;38011;12;;;;;38026;20;;;;;38018.5;0.0
25;15500;ASH_COATED_OSMIUM;9993;15;9991;10;;;10014;13;10017;12;;;10003.5;0.0
25;15500;INTARIAN_PEPPER_ROOT;38014;11;38013;9;;;38028;23;38029;11;;;38021.0;0.0
25;15600;ASH_COATED_OSMIUM;9997;29;9994;14;;;10013;22;10014;20;;;10005.5;0.0
25;15600;INTARIAN_PEPPER_ROOT;38012;11;;;;;38023;11;;;;;38018.0;0.0
25;15700;ASH_COATED_OSMIUM;9994;15;9993;25;;;10010;10;10011;22;;;10002.0;0.0
25;15700;INTARIAN_PEPPER_ROOT;38010;9;38008;20;38007;9;38021;10;38023;12;38024;8;38016.0;0.0
25;15800;ASH_COATED_OSMIUM;9992;13;9989;10;;;10011;12;10012;11;;;10001.5;0.0
25;15800;INTARIAN_PEPPER_ROOT;38010;8;38008;10;;;38022;12;38025;23;;;38016.5;0.0
25;15900;ASH_COATED_OSMIUM;9983;12;9981;15;9979;13;9999;30;10002;10;10005;13;9991.5;0.0
25;15900;INTARIAN_PEPPER_ROOT;38006;11;;;;;38017;21;;;;;38011.5;0.0
25;16000;ASH_COATED_OSMIUM;9983;11;9982;15;9979;13;9999;15;10002;14;10003;12;9991.0;0.0
25;16000;INTARIAN_PEPPER_ROOT;38015;9;38014;8;;;38027;8;38028;12;;;38021.0;0.0
25;16100;ASH_COATED_OSMIUM;9989;2;9987;25;9984;12;10005;12;10008;15;10010;14;9997.0;0.0
25;16100;INTARIAN_PEPPER_ROOT;38006;12;38003;19;38000;9;38018;25;38021;9;38023;8;38012.5;0.0
25;16200;ASH_COATED_OSMIUM;9983;12;;;;;10002;11;;;;;9992.5;0.0
25;16200;INTARIAN_PEPPER_ROOT;38007;20;;;;;38019;9;;;;;38013.0;0.0
25;16300;ASH_COATED_OSMIUM;9985;15;9983;14;9982;12;10004;14;10006;12;10007;11;9995.0;0.0
25;16300;INTARIAN_PEPPER_ROOT;38011;8;38008;11;38007;12;38023;16;38024;10;38026;12;38017.5;0.0
25;16400;ASH_COATED_OSMIUM;9994;10;9992;14;;;10005;12;10008;15;;;10000.0;0.0
25;16400;INTARIAN_PEPPER_ROOT;38010;9;;;;;38022;8;;;;;38016.5;0.0
25;16500;ASH_COATED_OSMIUM;9993;10;9992;29;9990;14;10009;29;10011;13;10013;24;10001.5;0.0
25;16500;INTARIAN_PEPPER_ROOT;38015;8;38012;21;;;38018;18;38019;9;;;38017.0;0.0
25;16600;ASH_COATED_OSMIUM;9992;15;9990;13;;;10008;12;10010;3;;;10000.0;0.0
25;16600;INTARIAN_PEPPER_ROOT;38007;12;;;;;38019;10;;;;;38013.5;0.0
25;16700;ASH_COATED_OSMIUM;9990;15;;;;;10006;15;;;;;9998.0;0.0
25;16700;INTARIAN_PEPPER_ROOT;38008;9;;;;;38020;9;;;;;38014.5;0.0
25;16800;ASH_COATED_OSMIUM;9988;15;9986;12;;;10004;14;10006;15;;;9996.0;0.0
25;16800;INTARIAN_PEPPER_ROOT;38008;12;38006;9;;;38027;9;38028;21;;;38017.5;0.0
25;16900;ASH_COATED_OSMIUM;9993;3;9992;15;9990;11;10009;12;10012;25;10015;11;10001.5;0.0
25;16900;INTARIAN_PEPPER_ROOT;38007;9;38006;8;;;38021;11;38023;8;;;38014.0;0.0
25;17000;ASH_COATED_OSMIUM;9991;24;9990;9;;;10007;11;10010;14;;;9999.0;0.0
25;17000;INTARIAN_PEPPER_ROOT;38008;12;38007;8;38006;10;38020;9;38023;9;38024;12;38014.5;0.0
25;17100;ASH_COATED_OSMIUM;9992;14;9991;10;;;10008;14;10010;14;;;10000.0;0.0
25;17100;INTARIAN_PEPPER_ROOT;38010;12;;;;;38024;11;;;;;38017.5;0.0
25;17200;ASH_COATED_OSMIUM;9991;12;9989;10;;;10007;27;10009;14;;;9999.0;0.0
25;17200;INTARIAN_PEPPER_ROOT;38012;8;;;;;38024;9;;;;;38018.5;0.0
25;17300;ASH_COATED_OSMIUM;9986;11;9985;20;9983;15;10002;3;10005;15;10007;10;9994.5;0.0
25;17300;INTARIAN_PEPPER_ROOT;38006;11;38003;10;38002;12;38019;11;38020;9;38023;10;38012.5;0.0
25;17400;ASH_COATED_OSMIUM;9987;15;9984;13;9983;13;10003;10;10006;11;10009;3;9995.5;0.0
25;17400;INTARIAN_PEPPER_ROOT;38011;12;38008;8;;;38024;12;38025;11;;;38018.0;0.0
25;17500;ASH_COATED_OSMIUM;9991;11;9988;5;;;10007;23;10008;10;;;9999.0;0.0
25;17500;INTARIAN_PEPPER_ROOT;38014;24;38011;15;38010;12;38026;11;38029;10;38031;12;38020.5;0.0
25;17600;ASH_COATED_OSMIUM;9987;4;9984;15;;;10003;14;10005;15;;;9995.0;0.0
25;17600;INTARIAN_PEPPER_ROOT;38013;9;38010;10;38007;8;38025;11;38026;12;38029;25;38019.0;0.0
25;17700;ASH_COATED_OSMIUM;9988;25;;;;;10004;11;;;;;9996.5;0.0
25;17700;INTARIAN_PEPPER_ROOT;38013;11;38012;17;;;38027;9;38030;12;;;38020.5;0.0
25;17800;ASH_COATED_OSMIUM;9985;12;9982;15;;;10001;13;10003;14;;;9993.5;0.0
25;17800;INTARIAN_PEPPER_ROOT;38009;25;38006;9;;;38021;12;38024;10;;;38015.0;0.0
25;17900;ASH_COATED_OSMIUM;9991;10;9990;12;;;9998;14;9999;14;;;9994.5;0.0
25;17900;INTARIAN_PEPPER_ROOT;38014;11;;;;;38026;11;;;;;38020.0;0.0
25;18000;ASH_COATED_OSMIUM;9980;13;9977;15;9974;12;9999;13;10002;10;10004;14;9989.5;0.0
25;18000;INTARIAN_PEPPER_ROOT;38012;10;38011;24;;;38023;10;38025;7;;;38018.0;0.0
25;18100;ASH_COATED_OSMIUM;9983;12;9980;14;;;10001;14;10004;14;;;9992.5;0.0
25;18100;INTARIAN_PEPPER_ROOT;38012;9;38010;9;38008;9;38023;11;38025;6;38026;8;38018.0;0.0
25;18200;ASH_COATED_OSMIUM;9982;23;9980;15;;;9998;15;10001;4;;;9990.0;0.0
25;18200;INTARIAN_PEPPER_ROOT;38014;8;38012;10;;;38028;12;38031;10;;;38021.0;0.0
25;18300;ASH_COATED_OSMIUM;9982;20;9980;15;;;9998;14;10001;22;;;9990.5;0.0
25;18300;INTARIAN_PEPPER_ROOT;38012;10;38010;8;38007;9;38026;23;38027;12;38030;10;38019.0;0.0
25;18400;ASH_COATED_OSMIUM;9987;14;9985;22;;;10003;7;10005;25;;;9995.5;0.0
25;18400;INTARIAN_PEPPER_ROOT;38015;24;;;;;38029;8;;;;;38022.0;0.0
25;18500;ASH_COATED_OSMIUM;9991;10;9990;25;9987;11;10009;11;10012;12;10013;12;10000.0;0.0
25;18500;INTARIAN_PEPPER_ROOT;38014;11;38011;11;;;38025;9;38027;8;;;38020.0;0.0
25;18600;ASH_COATED_OSMIUM;9993;28;9991;29;9988;11;10009;10;10011;13;10014;12;10001.5;0.0
25;18600;INTARIAN_PEPPER_ROOT;38009;12;;;;;38021;9;;;;;38015.5;0.0
25;18700;ASH_COATED_OSMIUM;9990;10;9989;13;;;10009;10;10012;21;;;10000.0;0.0
25;18700;INTARIAN_PEPPER_ROOT;38015;12;38012;10;;;38020;9;38023;15;;;38017.5;0.0
25;18800;ASH_COATED_OSMIUM;9989;13;;;;;10007;10;;;;;9998.5;0.0
25;18800;INTARIAN_PEPPER_ROOT;38018;8;38016;11;38015;19;38023;8;38025;11;38026;20;38020.5;0.0
25;18900;ASH_COATED_OSMIUM;9990;10;;;;;10006;14;;;;;9998.5;0.0
25;18900;INTARIAN_PEPPER_ROOT;38014;8;;;;;38026;15;;;;;38020.5;0.0
25;19000;ASH_COATED_OSMIUM;9991;15;9988;12;;;10008;14;10011;11;;;10000.0;0.0
25;19000;INTARIAN_PEPPER_ROOT;38017;8;;;;;38031;11;;;;;38024.0;0.0
25;19100;ASH_COATED_OSMIUM;9991;11;9990;11;9989;15;10009;15;10010;10;10012;13;10000.0;0.0
25;19100;INTARIAN_PEPPER_ROOT;38012;11;;;;;38025;11;;;;;38018.5;0.0
25;19200;ASH_COATED_OSMIUM;9987;13;9985;14;;;10003;4;10004;21;;;9995.5;0.0
25;19200;INTARIAN_PEPPER_ROOT;38014;23;38013;11;;;38018;10;38020;10;;;38016.0;0.0
25;19300;ASH_COATED_OSMIUM;9997;11;9995;15;9994;12;10013;13;10014;12;10015;15;10005.0;0.0
25;19300;INTARIAN_PEPPER_ROOT;38015;12;38014;8;;;38029;8;38031;19;;;38022.0;0.0
25;19400;ASH_COATED_OSMIUM;9994;13;9992;14;9991;12;10010;14;10012;15;10015;10;10002.0;0.0
25;19400;INTARIAN_PEPPER_ROOT;38016;24;38013;24;;;38029;12;38030;8;;;38022.5;0.0
25;19500;ASH_COATED_OSMIUM;9992;14;9991;11;;;10010;11;10012;11;;;10001.5;0.0
25;19500;INTARIAN_PEPPER_ROOT;38011;8;38008;21;;;38026;16;38029;12;;;38019.0;0.0
25;19600;ASH_COATED_OSMIUM;9992;7;9989;26;;;10007;11;10010;10;;;10000.0;0.0
25;19600;INTARIAN_PEPPER_ROOT;38017;12;38014;8;38012;21;38028;12;38029;12;38031;9;38022.5;0.0
25;19700;ASH_COATED_OSMIUM;9989;12;9988;13;9987;28;10005;15;10006;10;10009;14;9997.0;0.0
25;19700;INTARIAN_PEPPER_ROOT;38014;20;38011;22;;;38028;18;38029;19;;;38021.0;0.0
25;19800;ASH_COATED_OSMIUM;9995;13;9993;15;;;10011;13;10012;12;;;10003.5;0.0
25;19800;INTARIAN_PEPPER_ROOT;38013;8;38012;9;38009;11;38025;11;38028;15;38030;8;38019.0;0.0
25;19900;ASH_COATED_OSMIUM;9991;10;;;;;10009;5;;;;;10000.5;0.0
25;19900;INTARIAN_PEPPER_ROOT;38014;12;;;;;38027;12;;;;;38020.5;0.0
25;20000;ASH_COATED_OSMIUM;9986;28;9983;25;;;10004;11;10005;11;;;9995.5;0.0
25;20000;INTARIAN_PEPPER_ROOT;38012;10;38011;8;;;38030;12;38031;11;;;38021.0;0.0
25;20100;ASH_COATED_OSMIUM;9985;10;9982;22;;;10001;12;10003;14;;;9993.5;0.0
25;20100;INTARIAN_PEPPER_ROOT;38016;12;38014;8;;;38018;10;38021;12;;;38017.5;0.0
25;20200;ASH_COATED_OSMIUM;9988;14;9987;11;9984;21;10004;15;10007;12;10010;22;9996.0;0.0
25;20200;INTARIAN_PEPPER_ROOT;38015;9;38012;10;38010;11;38028;15;38030;12;38033;10;38022.0;0.0
25;20300;ASH_COATED_OSMIUM;9990;7;9987;11;9984;13;9997;12;9998;23;9999;11;9994.0;0.0
25;20300;INTARIAN_PEPPER_ROOT;38014;10;;;;;38025;9;;;;;38020.0;0.0
25;20400;ASH_COATED_OSMIUM;9991;5;9990;12;;;10007;13;10009;24;;;9999.0;0.0
25;20400;INTARIAN_PEPPER_ROOT;38017;9;38016;12;38013;11;38029;17;38031;12;38034;12;38023.0;0.0
25;20500;ASH_COATED_OSMIUM;9993;13;9990;13;;;10009;20;10011;13;;;10001.0;0.0
25;20500;INTARIAN_PEPPER_ROOT;38014;9;38013;8;;;38027;11;38030;12;;;38021.0;0.0
25;20600;ASH_COATED_OSMIUM;9997;14;9995;13;9993;14;10016;13;10019;14;10021;14;10006.5;0.0
25;20600;INTARIAN_PEPPER_ROOT;38015;12;38014;11;38013;11;38028;9;38030;8;38033;8;38022.0;0.0
25;20700;ASH_COATED_OSMIUM;10003;11;10002;9;;;10019;15;10022;11;;;10011.5;0.0
25;20700;INTARIAN_PEPPER_ROOT;38013;11;;;;;38025;12;;;;;38019.5;0.0
25;20800;ASH_COATED_OSMIUM;9995;26;;;;;10011;15;;;;;10003.0;0.0
25;20800;INTARIAN_PEPPER_ROOT;38015;10;38013;8;;;38027;12;38029;9;;;38021.0;0.0
25;20900;ASH_COATED_OSMIUM;9994;12;9991;11;;;10013;13;10015;25;;;10004.0;0.0
25;20900;INTARIAN_PEPPER_ROOT;38013;11;38012;10;;;38025;18;38026;12;;;38019.5;0.0
25;21000;ASH_COATED_OSMIUM;9993;12;;;;;10009;13;;;;;10001.5;0.0
25;21000;INTARIAN_PEPPER_ROOT;38013;16;38010;19;;;38027;10;38030;10;;;38020.0;0.0
25;21100;ASH_COATED_OSMIUM;9992;23;;;;;10008;12;;;;;10000.5;0.0
25;21100;INTARIAN_PEPPER_ROOT;38014;8;38012;10;;;38025;12;38027;9;;;38020.0;0.0
25;21200;ASH_COATED_OSMIUM;9996;10;9995;2;9994;23;10012;12;10013;12;10014;15;10004.0;0.0
25;21200;INTARIAN_PEPPER_ROOT;38017;8;38014;11;;;38029;8;38030;11;;;38023.0;0.0
25;21300;ASH_COATED_OSMIUM;9998;13;;;;;10014;11;;;;;10006.0;0.0
25;21300;INTARIAN_PEPPER_ROOT;38012;25;38011;10;;;38030;12;38033;10;;;38021.5;0.0
25;21400;ASH_COATED_OSMIUM;10000;29;9997;15;;;10007;13;10008;15;;;10004.0;0.0
25;21400;INTARIAN_PEPPER_ROOT;38014;11;;;;;38029;10;;;;;38021.5;0.0
25;21500;ASH_COATED_OSMIUM;9996;20;;;;;10012;14;;;;;10004.0;0.0
25;21500;INTARIAN_PEPPER_ROOT;38018;9;38017;8;38014;10;38034;8;38036;11;38039;9;38026.5;0.0
25;21600;ASH_COATED_OSMIUM;9992;14;9990;12;;;10008;21;10009;11;;;10000.5;0.0
25;21600;INTARIAN_PEPPER_ROOT;38016;21;38013;9;;;38029;25;38030;18;;;38022.5;0.0
25;21700;ASH_COATED_OSMIUM;9992;23;9990;23;9987;14;10008;12;10010;15;10012;11;10000.5;0.0
25;21700;INTARIAN_PEPPER_ROOT;38015;10;38012;12;;;38029;8;38031;8;;;38022.5;0.0
25;21800;ASH_COATED_OSMIUM;9994;4;9992;15;;;10010;13;10011;28;;;10002.0;0.0
25;21800;INTARIAN_PEPPER_ROOT;38015;8;;;;;38028;9;;;;;38022.0;0.0
25;21900;ASH_COATED_OSMIUM;9989;11;9988;14;9985;15;10005;14;10006;12;10009;11;9997.5;0.0
25;21900;INTARIAN_PEPPER_ROOT;38020;9;38017;12;38016;12;38031;8;38032;12;38033;9;38025.5;0.0
25;22000;ASH_COATED_OSMIUM;9987;14;9986;15;9983;13;10006;13;10007;24;10009;14;9997.0;0.0
25;22000;INTARIAN_PEPPER_ROOT;38014;11;38013;9;38010;8;38027;9;38029;20;38030;11;38020.5;0.0
25;22100;ASH_COATED_OSMIUM;9990;10;;;;;10006;10;;;;;9998.5;0.0
25;22100;INTARIAN_PEPPER_ROOT;38022;9;38019;12;38018;8;38026;11;38029;9;38031;12;38024.0;0.0
25;22200;ASH_COATED_OSMIUM;9992;15;9989;12;;;10008;13;10010;14;;;10000.5;0.0
25;22200;INTARIAN_PEPPER_ROOT;38015;10;38014;12;;;38028;11;38030;9;;;38021.5;0.0
25;22300;ASH_COATED_OSMIUM;9994;11;9992;11;;;10010;24;10012;15;;;10002.5;0.0
25;22300;INTARIAN_PEPPER_ROOT;38015;12;38013;10;;;38028;8;38031;12;;;38022.0;0.0
25;22400;ASH_COATED_OSMIUM;9995;14;;;;;10005;22;;;;;10000.0;0.0
25;22400;INTARIAN_PEPPER_ROOT;38018;10;;;;;38031;9;;;;;38024.5;0.0
25;22500;ASH_COATED_OSMIUM;9995;12;9994;22;;;10011;26;10014;11;;;10003.5;0.0
25;22500;INTARIAN_PEPPER_ROOT;38017;20;;;;;38034;18;;;;;38026.0;0.0
25;22600;ASH_COATED_OSMIUM;9997;10;9996;14;;;10013;13;10016;30;;;10005.0;0.0
25;22600;INTARIAN_PEPPER_ROOT;38016;11;38015;8;38014;17;38029;9;38030;19;38031;12;38023.0;0.0
25;22700;ASH_COATED_OSMIUM;9992;30;9989;15;;;10011;10;10013;15;;;10001.5;0.0
25;22700;INTARIAN_PEPPER_ROOT;38015;10;38012;8;;;38028;11;38029;10;;;38022.0;0.0
25;22800;ASH_COATED_OSMIUM;9992;25;;;;;10010;23;;;;;10001.0;0.0
25;22800;INTARIAN_PEPPER_ROOT;38019;8;38016;11;;;38036;8;38037;22;;;38028.0;0.0
25;22900;ASH_COATED_OSMIUM;9996;15;;;;;10015;10;;;;;10006.0;0.0
25;22900;INTARIAN_PEPPER_ROOT;38014;12;38013;12;;;38028;8;38030;10;;;38021.0;0.0
25;23000;ASH_COATED_OSMIUM;9997;11;9994;10;;;10013;11;10014;15;;;10005.5;0.0
25;23000;INTARIAN_PEPPER_ROOT;38017;8;38014;10;;;38030;12;38033;8;;;38023.5;0.0
25;23100;ASH_COATED_OSMIUM;9994;11;9992;11;;;10010;10;10011;14;;;10002.0;0.0
25;23100;INTARIAN_PEPPER_ROOT;38018;10;38015;11;38012;10;38031;9;38033;10;38034;12;38024.5;0.0
25;23200;ASH_COATED_OSMIUM;9996;15;;;;;10007;14;;;;;10001.5;0.0
25;23200;INTARIAN_PEPPER_ROOT;38014;9;38012;10;38010;10;38027;23;38028;9;38030;9;38020.5;0.0
25;23300;ASH_COATED_OSMIUM;9994;15;;;;;10010;23;;;;;10002.0;0.0
25;23300;INTARIAN_PEPPER_ROOT;38018;11;38017;9;38014;8;38030;8;38033;8;38034;9;38024.5;0.0
25;23400;ASH_COATED_OSMIUM;9988;15;9987;21;9984;14;10004;14;10006;25;10007;5;9996.0;0.0
25;23400;INTARIAN_PEPPER_ROOT;38019;23;38018;11;;;38030;10;38033;22;;;38025.0;0.0
25;23500;ASH_COATED_OSMIUM;9996;14;9995;11;9993;11;10012;12;10013;11;10016;10;10004.5;0.0
25;23500;INTARIAN_PEPPER_ROOT;38016;9;;;;;38028;12;;;;;38022.5;0.0
25;23600;ASH_COATED_OSMIUM;9993;15;9992;6;;;10009;10;10011;11;;;10001.5;0.0
25;23600;INTARIAN_PEPPER_ROOT;38016;11;38015;10;;;38030;23;38033;8;;;38023.0;0.0
25;23700;ASH_COATED_OSMIUM;10001;27;9998;14;9996;14;10017;11;10018;14;10020;10;10009.5;0.0
25;23700;INTARIAN_PEPPER_ROOT;38019;10;38016;23;;;38034;11;38036;9;;;38027.0;0.0
25;23800;ASH_COATED_OSMIUM;9998;14;9996;13;9994;28;10014;11;10015;10;10018;11;10006.5;0.0
25;23800;INTARIAN_PEPPER_ROOT;38014;10;38011;8;;;38028;10;38029;11;;;38021.5;0.0
25;23900;ASH_COATED_OSMIUM;9997;15;;;;;10009;5;;;;;10003.5;0.0
25;23900;INTARIAN_PEPPER_ROOT;38021;10;38020;9;;;38033;12;38035;12;;;38027.0;0.0
25;24000;ASH_COATED_OSMIUM;9992;12;9989;11;9986;4;10011;11;10014;10;10016;15;10001.5;0.0
25;24000;INTARIAN_PEPPER_ROOT;38018;11;38016;9;;;38032;9;38034;8;;;38025.5;0.0
25;24100;ASH_COATED_OSMIUM;9995;13;;;;;10011;10;;;;;10003.5;0.0
25;24100;INTARIAN_PEPPER_ROOT;38018;11;38016;12;38014;10;38032;12;38035;11;38036;12;38025.0;0.0
25;24200;ASH_COATED_OSMIUM;10001;15;9999;22;9997;15;10017;12;10018;10;10021;10;10009.0;0.0
25;24200;INTARIAN_PEPPER_ROOT;38015;11;38013;17;38010;11;38029;11;38032;11;38035;11;38022.0;0.0
25;24300;ASH_COATED_OSMIUM;9996;12;9993;11;;;10012;23;10015;14;;;10004.0;0.0
25;24300;INTARIAN_PEPPER_ROOT;38020;9;;;;;38033;9;;;;;38026.5;0.0
25;24400;ASH_COATED_OSMIUM;9992;12;;;;;10011;25;;;;;10001.5;0.0
25;24400;INTARIAN_PEPPER_ROOT;38019;10;38016;10;38014;12;38032;9;38035;15;38037;11;38026.0;0.0
25;24500;ASH_COATED_OSMIUM;9991;14;9988;29;;;10012;12;10014;4;;;10001.5;0.0
25;24500;INTARIAN_PEPPER_ROOT;38021;10;38019;23;;;38033;9;38036;11;;;38027.0;0.0
25;24600;ASH_COATED_OSMIUM;9990;10;9987;10;;;10009;14;10011;12;;;10000.0;0.0
25;24600;INTARIAN_PEPPER_ROOT;38024;9;;;;;38036;10;;;;;38030.5;0.0
25;24700;ASH_COATED_OSMIUM;9993;11;;;;;10009;13;;;;;10001.5;0.0
25;24700;INTARIAN_PEPPER_ROOT;38018;9;38016;23;;;38029;11;38030;10;;;38024.0;0.0
25;24800;ASH_COATED_OSMIUM;9995;10;9993;15;;;10011;30;10012;13;;;10003.0;0.0
25;24800;INTARIAN_PEPPER_ROOT;38021;12;38020;8;38018;9;38033;12;38034;8;38037;9;38027.0;0.0
25;24900;ASH_COATED_OSMIUM;9990;14;9987;13;;;10006;11;10007;12;;;9998.5;0.0
25;24900;INTARIAN_PEPPER_ROOT;38020;11;38019;12;;;38032;9;38034;12;;;38026.5;0.0
25;25000;ASH_COATED_OSMIUM;9996;10;9993;15;9991;10;10012;12;10015;15;10018;14;10004.0;0.0
25;25000;INTARIAN_PEPPER_ROOT;38016;8;38015;24;38013;17;38032;8;38033;9;38035;11;38024.5;0.0
25;25100;ASH_COATED_OSMIUM;9988;23;;;;;10004;12;;;;;9996.5;0.0
25;25100;INTARIAN_PEPPER_ROOT;38018;16;38016;10;;;38035;9;38038;10;;;38026.5;0.0
25;25200;ASH_COATED_OSMIUM;9983;15;;;;;9999;28;;;;;9991.5;0.0
25;25200;INTARIAN_PEPPER_ROOT;38014;12;;;;;38030;15;;;;;38022.0;0.0
25;25300;ASH_COATED_OSMIUM;9981;14;9980;14;9977;12;9997;13;9998;12;10001;12;9989.0;0.0
25;25300;INTARIAN_PEPPER_ROOT;38018;7;38015;8;38012;12;38032;12;38035;11;38036;11;38025.5;0.0
25;25400;ASH_COATED_OSMIUM;9981;15;9979;10;9978;12;9997;11;9999;10;10001;14;9989.5;0.0
25;25400;INTARIAN_PEPPER_ROOT;38018;21;38016;9;;;38034;11;38036;8;;;38026.5;0.0
25;25500;ASH_COATED_OSMIUM;9982;13;9979;13;;;9998;14;10001;13;;;9990.0;0.0
25;25500;INTARIAN_PEPPER_ROOT;38020;11;38018;10;38016;10;38033;10;38035;8;38037;12;38026.5;0.0
25;25600;ASH_COATED_OSMIUM;9986;14;9983;10;9981;14;9996;30;9998;14;10001;3;9991.0;0.0
25;25600;INTARIAN_PEPPER_ROOT;38020;19;;;;;38035;9;;;;;38028.0;0.0
25;25700;ASH_COATED_OSMIUM;9981;11;9978;15;;;9997;27;10000;26;;;9989.0;0.0
25;25700;INTARIAN_PEPPER_ROOT;38021;9;38019;12;38018;12;38033;8;38035;12;38038;12;38027.0;0.0
25;25800;ASH_COATED_OSMIUM;9978;15;9976;13;;;9996;10;9999;15;;;9987.5;0.0
25;25800;INTARIAN_PEPPER_ROOT;38019;19;38017;8;38015;19;38035;8;38037;12;38040;18;38027.0;0.0
25;25900;ASH_COATED_OSMIUM;9978;11;;;;;9997;14;;;;;9988.0;0.0
25;25900;INTARIAN_PEPPER_ROOT;38021;8;38020;11;;;38023;8;38026;8;;;38022.5;0.0
25;26000;ASH_COATED_OSMIUM;9980;10;9977;15;;;9996;12;9998;7;;;9988.5;0.0
25;26000;INTARIAN_PEPPER_ROOT;38017;8;38016;8;38013;11;38030;19;38033;8;38035;8;38024.0;0.0
25;26100;ASH_COATED_OSMIUM;9992;11;9989;11;;;9998;12;10000;11;;;9995.5;0.0
25;26100;INTARIAN_PEPPER_ROOT;38019;9;38017;16;;;38034;11;38036;20;;;38026.5;0.0
25;26200;ASH_COATED_OSMIUM;9989;15;9986;13;9984;15;10005;29;10007;14;10010;10;9997.0;0.0
25;26200;INTARIAN_PEPPER_ROOT;38021;11;;;;;38033;9;;;;;38027.5;0.0
25;26300;ASH_COATED_OSMIUM;9991;15;9990;14;;;10007;12;10009;14;;;9999.0;0.0
25;26300;INTARIAN_PEPPER_ROOT;38021;19;38019;12;;;38035;18;38038;8;;;38028.0;0.0
25;26400;ASH_COATED_OSMIUM;9987;12;;;;;10003;12;;;;;9995.5;0.0
25;26400;INTARIAN_PEPPER_ROOT;38022;11;;;;;38033;18;;;;;38027.5;0.0
25;26500;ASH_COATED_OSMIUM;9987;11;;;;;10003;11;;;;;9995.0;0.0
25;26500;INTARIAN_PEPPER_ROOT;38019;10;38017;9;;;38032;11;38033;11;;;38026.0;0.0
25;26600;ASH_COATED_OSMIUM;9985;21;9982;15;;;10003;20;10005;10;;;9994.5;0.0
25;26600;INTARIAN_PEPPER_ROOT;38018;11;38017;12;;;38033;25;38036;12;;;38025.5;0.0
25;26700;ASH_COATED_OSMIUM;9988;13;9985;15;;;10004;15;10006;13;;;9996.5;0.0
25;26700;INTARIAN_PEPPER_ROOT;38020;12;;;;;38031;10;;;;;38025.5;0.0
25;26800;ASH_COATED_OSMIUM;9992;14;;;;;10008;15;;;;;10000.5;0.0
25;26800;INTARIAN_PEPPER_ROOT;38019;9;;;;;38033;12;;;;;38026.0;0.0
25;26900;ASH_COATED_OSMIUM;9993;7;9991;29;9990;26;10009;10;10012;11;10015;14;10001.0;0.0
25;26900;INTARIAN_PEPPER_ROOT;38013;12;38010;24;;;38030;11;38032;25;;;38022.0;0.0
25;27000;ASH_COATED_OSMIUM;9992;14;9991;15;;;10008;11;10010;13;;;10000.0;0.0
25;27000;INTARIAN_PEPPER_ROOT;38018;8;38015;12;;;38034;17;38036;18;;;38026.0;0.0
25;27100;ASH_COATED_OSMIUM;9988;11;9986;10;;;10004;11;10007;14;;;9996.5;0.0
25;27100;INTARIAN_PEPPER_ROOT;38019;12;38016;16;;;38033;8;38035;10;;;38026.5;0.0
25;27200;ASH_COATED_OSMIUM;9988;11;9986;12;9985;21;10004;11;10006;26;10007;13;9996.5;0.0
25;27200;INTARIAN_PEPPER_ROOT;38024;23;38022;10;;;38035;16;38038;8;;;38030.0;0.0
25;27300;ASH_COATED_OSMIUM;9981;13;9979;10;;;9999;12;10002;13;;;9990.0;0.0
25;27300;INTARIAN_PEPPER_ROOT;38023;10;38021;9;38018;12;38026;9;38028;12;38029;18;38024.5;0.0
25;27400;ASH_COATED_OSMIUM;9985;11;9982;15;9979;14;10001;15;10003;13;10005;13;9993.5;0.0
25;27400;INTARIAN_PEPPER_ROOT;38021;8;38018;12;38017;9;38033;8;38035;8;38038;11;38027.5;0.0
25;27500;ASH_COATED_OSMIUM;9987;24;9986;14;9983;11;10005;10;10006;12;10007;12;9996.0;0.0
25;27500;INTARIAN_PEPPER_ROOT;38020;12;38018;10;;;38033;8;38036;15;;;38027.0;0.0
25;27600;ASH_COATED_OSMIUM;9992;12;;;;;10008;14;;;;;10000.0;0.0
25;27600;INTARIAN_PEPPER_ROOT;38018;11;38016;10;38014;11;38032;10;38035;12;38036;12;38025.5;0.0
25;27700;ASH_COATED_OSMIUM;9999;13;;;;;10015;12;;;;;10007.0;0.0
25;27700;INTARIAN_PEPPER_ROOT;38022;23;38019;10;;;38034;10;38037;20;;;38028.0;0.0
25;27800;ASH_COATED_OSMIUM;9996;15;;;;;10014;12;;;;;10005.5;0.0
25;27800;INTARIAN_PEPPER_ROOT;38022;11;;;;;38035;10;;;;;38028.5;0.0
25;27900;ASH_COATED_OSMIUM;9995;11;;;;;10011;12;;;;;10003.5;0.0
25;27900;INTARIAN_PEPPER_ROOT;38022;11;38020;10;38019;12;38035;9;38038;17;38041;11;38029.0;0.0
25;28000;ASH_COATED_OSMIUM;9997;14;9994;10;;;10013;27;10015;27;;;10005.0;0.0
25;28000;INTARIAN_PEPPER_ROOT;38025;11;38024;8;;;38037;23;38040;17;;;38031.0;0.0
25;28100;ASH_COATED_OSMIUM;10001;13;10000;25;;;10017;11;10018;13;;;10009.5;0.0
25;28100;INTARIAN_PEPPER_ROOT;38019;11;38017;10;;;38035;9;38036;9;;;38027.5;0.0
25;28200;ASH_COATED_OSMIUM;10000;27;9998;15;;;10016;11;10017;30;;;10008.5;0.0
25;28200;INTARIAN_PEPPER_ROOT;38025;8;;;;;38039;10;;;;;38032.0;0.0
25;28300;ASH_COATED_OSMIUM;9998;13;9997;12;;;10014;21;10015;14;;;10006.5;0.0
25;28300;INTARIAN_PEPPER_ROOT;38022;18;38019;12;38016;11;38036;8;38039;8;38041;8;38029.5;0.0
25;28400;ASH_COATED_OSMIUM;9997;14;;;;;10015;14;;;;;10006.0;0.0
25;28400;INTARIAN_PEPPER_ROOT;38022;11;38020;10;;;38034;11;38036;10;;;38028.0;0.0
25;28500;ASH_COATED_OSMIUM;9997;3;9994;12;;;10016;14;10017;14;;;10006.5;0.0
25;28500;INTARIAN_PEPPER_ROOT;38022;12;38019;10;;;38036;12;38038;12;;;38029.0;0.0
25;28600;ASH_COATED_OSMIUM;9996;20;;;;;10012;13;;;;;10004.5;0.0
25;28600;INTARIAN_PEPPER_ROOT;38025;11;38023;11;;;38038;19;38039;10;;;38032.0;0.0
25;28700;ASH_COATED_OSMIUM;10000;23;;;;;10009;24;;;;;10004.5;0.0
25;28700;INTARIAN_PEPPER_ROOT;38023;8;38022;10;;;38036;25;38039;11;;;38029.5;0.0
25;28800;ASH_COATED_OSMIUM;9997;30;9996;11;9994;29;10013;12;10015;11;10017;20;10005.0;0.0
25;28800;INTARIAN_PEPPER_ROOT;38019;4;38018;12;38017;11;38032;12;38033;10;38035;12;38025.5;0.0
25;28900;ASH_COATED_OSMIUM;10001;14;;;;;10017;10;;;;;10009.0;0.0
25;28900;INTARIAN_PEPPER_ROOT;38023;12;38020;24;;;38036;12;38037;8;;;38030.0;0.0
25;29000;ASH_COATED_OSMIUM;10001;14;9998;12;;;10020;13;10022;10;;;10010.5;0.0
25;29000;INTARIAN_PEPPER_ROOT;38022;24;;;;;38036;12;;;;;38029.5;0.0
25;29100;ASH_COATED_OSMIUM;10003;15;10002;13;;;10021;8;10024;15;;;10012.0;0.0
25;29100;INTARIAN_PEPPER_ROOT;38026;12;38025;10;38022;10;38039;11;38042;10;38043;10;38032.5;0.0
25;29200;ASH_COATED_OSMIUM;9999;10;9998;14;;;10017;13;10020;14;;;10008.5;0.0
25;29200;INTARIAN_PEPPER_ROOT;38021;12;38018;9;;;38037;9;38039;10;;;38029.0;0.0
25;29300;ASH_COATED_OSMIUM;9990;14;9987;11;;;10006;26;10007;11;;;9998.0;0.0
25;29300;INTARIAN_PEPPER_ROOT;38020;12;38018;8;;;38033;22;38035;18;;;38026.5;0.0
25;29400;ASH_COATED_OSMIUM;9982;21;9980;10;;;9998;20;10001;10;;;9990.0;0.0
25;29400;INTARIAN_PEPPER_ROOT;38019;12;38016;12;38013;12;38035;11;38038;9;38041;12;38027.5;0.0
25;29500;ASH_COATED_OSMIUM;9977;25;9975;15;;;9995;14;9996;24;;;9986.5;0.0
25;29500;INTARIAN_PEPPER_ROOT;38021;8;;;;;38029;9;;;;;38025.5;0.0
25;29600;ASH_COATED_OSMIUM;9978;10;9977;13;;;9996;21;9997;12;;;9987.5;0.0
25;29600;INTARIAN_PEPPER_ROOT;38023;10;;;;;38037;25;;;;;38030.0;0.0
25;29700;ASH_COATED_OSMIUM;9978;10;9976;28;;;9997;13;10000;12;;;9988.0;0.0
25;29700;INTARIAN_PEPPER_ROOT;38019;12;;;;;38038;9;;;;;38029.0;0.0
25;29800;ASH_COATED_OSMIUM;9988;15;9986;15;9983;14;10004;10;10006;12;10009;15;9996.0;0.0
25;29800;INTARIAN_PEPPER_ROOT;38021;11;;;;;38037;12;;;;;38029.5;0.0
25;29900;ASH_COATED_OSMIUM;9984;10;9981;20;;;10002;13;10004;12;;;9993.0;0.0
25;29900;INTARIAN_PEPPER_ROOT;38026;10;38025;17;;;38036;8;38037;12;;;38031.0;0.0
25;30000;ASH_COATED_OSMIUM;9985;11;;;;;10001;10;;;;;9993.5;0.0
25;30000;INTARIAN_PEPPER_ROOT;38025;8;38024;9;;;38037;11;38039;8;;;38031.0;0.0
25;30100;ASH_COATED_OSMIUM;9985;14;9983;14;;;10001;21;10004;14;;;9993.5;0.0
25;30100;INTARIAN_PEPPER_ROOT;38026;17;38023;12;;;38042;9;38044;11;;;38034.0;0.0
25;30200;ASH_COATED_OSMIUM;9986;12;9984;12;;;10002;13;10004;6;;;9994.5;0.0
25;30200;INTARIAN_PEPPER_ROOT;38024;8;38023;11;;;38038;8;38039;8;;;38031.5;0.0
25;30300;ASH_COATED_OSMIUM;9982;21;9981;10;;;9998;13;10001;15;;;9990.5;0.0
25;30300;INTARIAN_PEPPER_ROOT;38025;8;38023;22;;;38038;12;38040;10;;;38032.0;0.0
25;30400;ASH_COATED_OSMIUM;9984;30;;;;;10000;15;;;;;9992.0;0.0
25;30400;INTARIAN_PEPPER_ROOT;38029;9;38026;17;;;38033;11;38036;12;;;38031.5;0.0
25;30500;ASH_COATED_OSMIUM;9984;22;9981;14;;;10000;12;10001;13;;;9992.0;0.0
25;30500;INTARIAN_PEPPER_ROOT;38024;12;;;;;38036;18;;;;;38030.5;0.0
25;30600;ASH_COATED_OSMIUM;9986;4;;;;;10005;14;;;;;9995.5;0.0
25;30600;INTARIAN_PEPPER_ROOT;38028;10;38025;10;38022;5;38037;8;38038;11;38039;12;38032.5;0.0
25;30700;ASH_COATED_OSMIUM;9991;11;9990;13;9989;5;10007;13;10010;14;10013;22;9999.5;0.0
25;30700;INTARIAN_PEPPER_ROOT;38020;10;38018;9;;;38035;22;38036;23;;;38027.5;0.0
25;30800;ASH_COATED_OSMIUM;9991;3;9990;14;9987;14;10007;15;10009;13;10012;10;9999.5;0.0
25;30800;INTARIAN_PEPPER_ROOT;38025;8;38022;9;;;38037;8;38040;22;;;38031.0;0.0
25;30900;ASH_COATED_OSMIUM;9990;30;9988;13;;;10006;25;10007;11;;;9998.0;0.0
25;30900;INTARIAN_PEPPER_ROOT;38025;12;38022;11;38021;10;38039;8;38042;12;38043;11;38032.5;0.0
25;31000;ASH_COATED_OSMIUM;9990;10;9987;28;9986;10;10008;10;10011;29;10012;13;9999.0;0.0
25;31000;INTARIAN_PEPPER_ROOT;38021;9;38020;18;;;38038;8;38041;10;;;38029.5;0.0
25;31100;ASH_COATED_OSMIUM;9987;14;9986;3;;;10003;26;10004;10;;;9995.0;0.0
25;31100;INTARIAN_PEPPER_ROOT;38023;18;;;;;38035;9;;;;;38029.0;0.0
25;31200;ASH_COATED_OSMIUM;9988;10;9986;10;;;10004;10;10006;10;;;9996.0;0.0
25;31200;INTARIAN_PEPPER_ROOT;38025;10;38023;8;38022;10;38040;12;38042;11;38043;11;38033.0;0.0
25;31300;ASH_COATED_OSMIUM;9987;25;9985;12;9983;10;10003;10;10004;12;10006;14;9995.5;0.0
25;31300;INTARIAN_PEPPER_ROOT;38024;12;38021;8;;;38039;12;38040;8;;;38031.5;0.0
25;31400;ASH_COATED_OSMIUM;9989;13;9986;4;;;10005;10;10006;12;;;9997.5;0.0
25;31400;INTARIAN_PEPPER_ROOT;38027;3;38025;11;;;38038;12;38040;8;;;38033.0;0.0
25;31500;ASH_COATED_OSMIUM;9988;29;9987;11;;;10004;13;10005;13;;;9996.0;0.0
25;31500;INTARIAN_PEPPER_ROOT;38021;16;38019;8;38018;11;38035;11;38036;12;38039;21;38028.0;0.0
25;31600;ASH_COATED_OSMIUM;9986;14;9984;13;9982;15;10002;14;10005;15;10008;14;9994.5;0.0
25;31600;INTARIAN_PEPPER_ROOT;38025;25;38022;10;38021;10;38039;11;38040;8;38041;10;38032.5;0.0
25;31700;ASH_COATED_OSMIUM;9986;15;9983;15;9981;15;10002;4;10003;23;10004;14;9994.5;0.0
25;31700;INTARIAN_PEPPER_ROOT;38024;9;;;;;38036;9;;;;;38030.0;0.0
25;31800;ASH_COATED_OSMIUM;9986;27;;;;;10005;15;;;;;9996.0;0.0
25;31800;INTARIAN_PEPPER_ROOT;38028;8;;;;;38042;12;;;;;38035.5;0.0
25;31900;ASH_COATED_OSMIUM;9984;12;9983;10;9980;23;10002;10;10004;30;10006;13;9993.0;0.0
25;31900;INTARIAN_PEPPER_ROOT;38021;23;38019;8;;;38033;10;38035;11;;;38027.0;0.0
25;32000;ASH_COATED_OSMIUM;9985;11;9983;15;;;10001;11;10004;15;;;9993.0;0.0
25;32000;INTARIAN_PEPPER_ROOT;38024;12;38021;24;38019;8;38036;8;38039;10;38042;9;38030.0;0.0
25;32100;ASH_COATED_OSMIUM;9993;12;9992;15;;;10009;13;10011;12;;;10001.5;0.0
25;32100;INTARIAN_PEPPER_ROOT;38026;10;;;;;38039;22;;;;;38032.5;0.0
25;32200;ASH_COATED_OSMIUM;9995;10;9994;11;;;10014;10;10016;11;;;10004.5;0.0
25;32200;INTARIAN_PEPPER_ROOT;38027;9;38025;9;;;38039;9;38040;25;;;38033.0;0.0
25;32300;ASH_COATED_OSMIUM;9990;14;;;;;10008;24;;;;;9999.5;0.0
25;32300;INTARIAN_PEPPER_ROOT;38023;12;38022;10;38019;9;38040;9;38043;10;38044;15;38031.5;0.0
25;32400;ASH_COATED_OSMIUM;9988;11;;;;;10006;7;;;;;9997.0;0.0
25;32400;INTARIAN_PEPPER_ROOT;38025;15;38022;12;38019;10;38038;7;38039;10;38040;8;38032.0;0.0
25;32500;ASH_COATED_OSMIUM;10002;10;9999;23;;;10018;15;10020;14;;;10010.0;0.0
25;32500;INTARIAN_PEPPER_ROOT;38024;12;;;;;38039;10;;;;;38032.0;0.0
25;32600;ASH_COATED_OSMIUM;10002;13;9999;12;;;10018;10;10019;13;;;10010.0;0.0
25;32600;INTARIAN_PEPPER_ROOT;38027;8;38025;11;;;38040;11;38043;19;;;38033.5;0.0
25;32700;ASH_COATED_OSMIUM;9996;21;9995;3;9994;13;10012;15;10013;24;10014;21;10004.0;0.0
25;32700;INTARIAN_PEPPER_ROOT;38029;11;38026;25;38023;9;38043;9;38046;21;38047;17;38036.0;0.0
25;32800;ASH_COATED_OSMIUM;9996;23;9993;14;;;10012;11;10013;12;;;10004.0;0.0
25;32800;INTARIAN_PEPPER_ROOT;38024;11;38022;12;;;38036;11;38037;18;;;38030.0;0.0
25;32900;ASH_COATED_OSMIUM;10003;11;10002;13;10000;13;10013;2;10016;14;10019;10;10008.0;0.0
25;32900;INTARIAN_PEPPER_ROOT;38023;12;38021;10;38020;8;38037;9;38039;12;38042;8;38030.0;0.0
25;33000;ASH_COATED_OSMIUM;9997;12;;;;;10013;12;;;;;10005.0;0.0
25;33000;INTARIAN_PEPPER_ROOT;38025;9;38024;12;;;38039;8;38040;9;;;38032.5;0.0
25;33100;ASH_COATED_OSMIUM;9996;12;9993;2;;;10012;12;10013;10;;;10004.5;0.0
25;33100;INTARIAN_PEPPER_ROOT;38025;11;38024;8;;;38037;12;38039;12;;;38031.5;0.0
25;33200;ASH_COATED_OSMIUM;10001;12;10000;10;;;10017;15;10018;3;;;10009.5;0.0
25;33200;INTARIAN_PEPPER_ROOT;38025;12;;;;;38037;11;;;;;38031.5;0.0
25;33300;ASH_COATED_OSMIUM;9998;14;;;;;10014;6;;;;;10006.5;0.0
25;33300;INTARIAN_PEPPER_ROOT;38025;12;38022;8;;;38036;8;38038;8;;;38030.5;0.0
25;33400;ASH_COATED_OSMIUM;9991;13;9989;26;;;10007;14;10010;12;;;9999.5;0.0
25;33400;INTARIAN_PEPPER_ROOT;38025;8;;;;;38037;12;;;;;38031.0;0.0
25;33500;ASH_COATED_OSMIUM;9990;10;9989;10;;;10006;13;10008;24;;;9998.5;0.0
25;33500;INTARIAN_PEPPER_ROOT;38026;11;38024;23;;;38038;10;38041;8;;;38032.5;0.0
25;33600;ASH_COATED_OSMIUM;9991;12;9989;14;9988;13;10010;2;10011;12;10013;13;10000.5;0.0
25;33600;INTARIAN_PEPPER_ROOT;38025;4;38023;10;38022;11;38038;11;38039;12;38041;12;38032.0;0.0
25;33700;ASH_COATED_OSMIUM;9992;10;;;;;10008;24;;;;;10000.0;0.0
25;33700;INTARIAN_PEPPER_ROOT;38027;16;;;;;38040;8;;;;;38034.0;0.0
25;33800;ASH_COATED_OSMIUM;9987;12;;;;;10003;15;;;;;9995.0;0.0
25;33800;INTARIAN_PEPPER_ROOT;38023;11;;;;;38037;8;;;;;38030.5;0.0
25;33900;ASH_COATED_OSMIUM;9986;15;9984;10;;;10005;12;10008;14;;;9996.0;0.0
25;33900;INTARIAN_PEPPER_ROOT;38027;11;38025;11;38024;9;38040;9;38043;8;38045;8;38033.5;0.0
25;34000;ASH_COATED_OSMIUM;9990;13;9989;4;9987;10;10005;11;10007;11;10010;4;9997.5;0.0
25;34000;INTARIAN_PEPPER_ROOT;38025;10;38022;12;38019;10;38036;10;38037;8;38038;8;38030.5;0.0
25;34100;ASH_COATED_OSMIUM;9987;12;;;;;10003;29;;;;;9995.0;0.0
25;34100;INTARIAN_PEPPER_ROOT;38028;10;38025;11;38023;12;38042;18;38043;16;38044;8;38035.5;0.0
25;34200;ASH_COATED_OSMIUM;9991;14;;;;;10007;12;;;;;9999.0;0.0
25;34200;INTARIAN_PEPPER_ROOT;38035;10;;;;;38037;9;;;;;38036.5;0.0
25;34300;ASH_COATED_OSMIUM;9991;12;9990;23;;;10007;10;10009;12;;;9999.5;0.0
25;34300;INTARIAN_PEPPER_ROOT;38034;23;38031;8;;;38037;10;38039;12;;;38036.0;0.0
25;34400;ASH_COATED_OSMIUM;9988;10;9986;5;;;10004;11;10005;12;;;9996.0;0.0
25;34400;INTARIAN_PEPPER_ROOT;38024;11;38022;21;38020;11;38040;10;38042;12;38043;12;38032.0;0.0
25;34500;ASH_COATED_OSMIUM;9980;11;9977;10;9976;14;9996;13;9997;28;10000;12;9988.0;0.0
25;34500;INTARIAN_PEPPER_ROOT;38031;15;;;;;38042;11;;;;;38037.0;0.0
25;34600;ASH_COATED_OSMIUM;9978;12;;;;;9997;10;;;;;9987.5;0.0
25;34600;INTARIAN_PEPPER_ROOT;38027;11;38026;22;;;38039;11;38042;15;;;38033.0;0.0
25;34700;ASH_COATED_OSMIUM;9980;11;;;;;9996;12;;;;;9988.0;0.0
25;34700;INTARIAN_PEPPER_ROOT;38026;9;38025;10;;;38039;8;38041;8;;;38033.0;0.0
25;34800;ASH_COATED_OSMIUM;9987;11;9986;15;9985;10;10005;13;10008;30;10010;13;9996.5;0.0
25;34800;INTARIAN_PEPPER_ROOT;38028;9;38026;11;;;38042;12;38044;10;;;38035.5;0.0
25;34900;ASH_COATED_OSMIUM;9988;10;9986;10;9985;15;10000;14;10002;11;10003;13;9994.5;0.0
25;34900;INTARIAN_PEPPER_ROOT;38031;3;38029;12;38026;9;38042;11;38043;19;38045;11;38036.5;0.0
25;35000;ASH_COATED_OSMIUM;9985;13;9982;14;;;10003;20;10004;11;;;9994.0;0.0
25;35000;INTARIAN_PEPPER_ROOT;38029;10;;;;;38043;8;;;;;38036.5;0.0
25;35100;ASH_COATED_OSMIUM;9989;24;9987;14;;;10005;10;10008;13;;;9997.0;0.0
25;35100;INTARIAN_PEPPER_ROOT;38031;10;38029;18;38028;8;38043;19;38045;10;38046;20;38037.5;0.0
25;35200;ASH_COATED_OSMIUM;9991;13;9989;21;;;10007;14;10010;12;;;9999.0;0.0
25;35200;INTARIAN_PEPPER_ROOT;38030;12;38027;11;;;38043;10;38044;10;;;38037.0;0.0
25;35300;ASH_COATED_OSMIUM;9989;15;9986;12;9984;15;10005;10;10008;13;10009;25;9997.0;0.0
25;35300;INTARIAN_PEPPER_ROOT;38028;21;38025;24;38023;12;38041;11;38042;22;38043;12;38035.0;0.0
25;35400;ASH_COATED_OSMIUM;9996;13;9993;15;;;10012;3;10013;15;;;10004.0;0.0
25;35400;INTARIAN_PEPPER_ROOT;38029;23;38028;8;;;38044;9;38046;8;;;38036.5;0.0
25;35500;ASH_COATED_OSMIUM;9994;24;9992;12;9991;15;10010;15;10011;7;10013;13;10002.5;0.0
25;35500;INTARIAN_PEPPER_ROOT;38027;11;38026;10;;;38041;8;38044;8;;;38034.5;0.0
25;35600;ASH_COATED_OSMIUM;9995;14;9992;12;;;10011;10;10014;25;;;10003.0;0.0
25;35600;INTARIAN_PEPPER_ROOT;38031;8;38029;9;38026;11;38045;6;38046;7;38047;8;38038.5;0.0
25;35700;ASH_COATED_OSMIUM;9990;15;9988;14;;;10006;5;10008;23;;;9998.0;0.0
25;35700;INTARIAN_PEPPER_ROOT;38023;25;38021;12;38019;18;38039;12;38042;16;38043;10;38031.5;0.0
25;35800;ASH_COATED_OSMIUM;9991;10;9989;15;9988;13;10007;12;10008;15;10009;12;9999.5;0.0
25;35800;INTARIAN_PEPPER_ROOT;38032;12;;;;;38043;17;;;;;38037.5;0.0
25;35900;ASH_COATED_OSMIUM;9989;14;9988;11;;;10005;10;10006;12;;;9997.0;0.0
25;35900;INTARIAN_PEPPER_ROOT;38026;12;;;;;38037;9;;;;;38032.0;0.0
25;36000;ASH_COATED_OSMIUM;9990;11;9987;13;;;10006;15;10009;12;;;9998.0;0.0
25;36000;INTARIAN_PEPPER_ROOT;38031;8;38030;11;;;38043;12;38044;17;;;38037.5;0.0
25;36100;ASH_COATED_OSMIUM;9990;14;9988;14;9986;12;10006;10;10009;14;10010;10;9998.0;0.0
25;36100;INTARIAN_PEPPER_ROOT;38025;8;;;;;38040;12;;;;;38033.0;0.0
25;36200;ASH_COATED_OSMIUM;9991;5;9990;10;;;10007;11;10009;14;;;9999.0;0.0
25;36200;INTARIAN_PEPPER_ROOT;38028;4;38027;8;;;38041;18;38044;11;;;38035.0;0.0
25;36300;ASH_COATED_OSMIUM;9987;28;9984;15;9983;14;10003;12;10004;11;10007;11;9995.5;0.0
25;36300;INTARIAN_PEPPER_ROOT;38031;9;;;;;38046;11;;;;;38038.5;0.0
25;36400;ASH_COATED_OSMIUM;9988;26;9985;2;9982;10;10004;10;10005;11;10006;11;9996.0;0.0
25;36400;INTARIAN_PEPPER_ROOT;38028;10;38026;10;38023;11;38044;10;38047;9;38049;11;38036.5;0.0
25;36500;ASH_COATED_OSMIUM;9992;11;9990;10;;;10008;12;10010;14;;;10000.5;0.0
25;36500;INTARIAN_PEPPER_ROOT;38027;23;;;;;38036;9;;;;;38032.0;0.0
25;36600;ASH_COATED_OSMIUM;9997;11;;;;;10003;11;;;;;10000.5;0.0
25;36600;INTARIAN_PEPPER_ROOT;38032;11;38030;8;38027;9;38046;8;38048;10;38050;9;38039.0;0.0
25;36700;ASH_COATED_OSMIUM;9992;12;9990;11;;;10013;14;10016;12;;;10003.0;0.0
25;36700;INTARIAN_PEPPER_ROOT;38030;12;38029;12;;;38041;9;38043;21;;;38036.0;0.0
25;36800;ASH_COATED_OSMIUM;9993;23;9990;12;9989;13;10009;14;10010;14;10011;10;10001.0;0.0
25;36800;INTARIAN_PEPPER_ROOT;38030;8;38029;8;38027;17;38043;5;38044;11;38047;20;38037.0;0.0
25;36900;ASH_COATED_OSMIUM;9992;13;;;;;10008;11;;;;;10000.5;0.0
25;36900;INTARIAN_PEPPER_ROOT;38031;5;;;;;38044;11;;;;;38037.5;0.0
25;37000;ASH_COATED_OSMIUM;9988;15;;;;;10007;20;;;;;9997.5;0.0
25;37000;INTARIAN_PEPPER_ROOT;38034;9;38033;11;38030;11;38046;10;38047;12;38050;9;38040.5;0.0
25;37100;ASH_COATED_OSMIUM;9987;10;9984;14;9981;12;9997;11;9998;14;9999;14;9992.0;0.0
25;37100;INTARIAN_PEPPER_ROOT;38028;12;38025;12;;;38048;19;38051;12;;;38038.0;0.0
25;37200;ASH_COATED_OSMIUM;9978;15;9976;13;;;9996;10;9999;15;;;9987.5;0.0
25;37200;INTARIAN_PEPPER_ROOT;38032;8;38030;9;;;38047;9;38049;10;;;38039.5;0.0
25;37300;ASH_COATED_OSMIUM;9982;12;9979;15;;;10000;15;10003;15;;;9991.0;0.0
25;37300;INTARIAN_PEPPER_ROOT;38033;8;38032;10;38030;9;38046;25;38049;12;38050;9;38039.5;0.0
25;37400;ASH_COATED_OSMIUM;9977;13;9974;10;;;9998;10;10000;26;;;9988.0;0.0
25;37400;INTARIAN_PEPPER_ROOT;38029;12;38027;12;38024;10;38045;11;38047;12;38048;10;38037.5;0.0
25;37500;ASH_COATED_OSMIUM;9983;29;;;;;9999;13;;;;;9991.5;0.0
25;37500;INTARIAN_PEPPER_ROOT;38031;9;38029;15;;;38043;9;38045;11;;;38037.5;0.0
25;37600;ASH_COATED_OSMIUM;9984;27;;;;;10003;24;;;;;9994.0;0.0
25;37600;INTARIAN_PEPPER_ROOT;38027;8;38026;8;;;38041;10;38044;12;;;38034.0;0.0
25;37700;ASH_COATED_OSMIUM;9981;14;9979;12;;;10002;10;10005;5;;;9992.0;0.0
25;37700;INTARIAN_PEPPER_ROOT;38030;22;;;;;38043;11;;;;;38037.0;0.0
25;37800;ASH_COATED_OSMIUM;9990;27;9988;23;9986;15;10006;10;10007;14;10010;3;9998.5;0.0
25;37800;INTARIAN_PEPPER_ROOT;38031;12;38029;12;;;38044;11;38045;25;;;38037.5;0.0
25;37900;ASH_COATED_OSMIUM;9987;22;9985;15;;;10003;10;10005;15;;;9995.5;0.0
25;37900;INTARIAN_PEPPER_ROOT;38030;19;;;;;38042;10;;;;;38036.5;0.0
25;38000;ASH_COATED_OSMIUM;9990;10;;;;;10006;15;;;;;9998.0;0.0
25;38000;INTARIAN_PEPPER_ROOT;38032;9;38029;11;;;38046;10;38049;12;;;38039.0;0.0
25;38100;ASH_COATED_OSMIUM;10001;15;10000;24;9999;15;10007;11;10009;11;10011;23;10004.5;0.0
25;38100;INTARIAN_PEPPER_ROOT;38032;9;38029;8;38028;20;38044;11;38047;10;38048;9;38038.5;0.0
25;38200;ASH_COATED_OSMIUM;9993;28;9992;12;;;10009;26;10011;11;;;10001.0;0.0
25;38200;INTARIAN_PEPPER_ROOT;38029;9;38027;10;38025;11;38044;8;38045;12;38048;21;38037.0;0.0
25;38300;ASH_COATED_OSMIUM;9988;10;9986;14;9983;14;10004;27;10005;14;10006;14;9996.0;0.0
25;38300;INTARIAN_PEPPER_ROOT;38030;20;;;;;38042;12;;;;;38036.0;0.0
25;38400;ASH_COATED_OSMIUM;9986;12;9983;10;;;10002;14;10003;10;;;9994.0;0.0
25;38400;INTARIAN_PEPPER_ROOT;38033;11;38031;10;;;38046;11;38048;15;;;38039.5;0.0
25;38500;ASH_COATED_OSMIUM;9981;15;;;;;9997;24;;;;;9989.5;0.0
25;38500;INTARIAN_PEPPER_ROOT;38030;8;;;;;38043;12;;;;;38037.0;0.0
25;38600;ASH_COATED_OSMIUM;9976;13;9973;11;;;9997;13;9999;10;;;9987.0;0.0
25;38600;INTARIAN_PEPPER_ROOT;38031;10;38030;11;;;38044;18;38045;10;;;38038.0;0.0
25;38700;ASH_COATED_OSMIUM;9979;13;9978;15;;;9995;14;9996;12;;;9987.0;0.0
25;38700;INTARIAN_PEPPER_ROOT;38032;9;38030;11;;;38047;11;38048;12;;;38040.0;0.0
25;38800;ASH_COATED_OSMIUM;9985;14;9983;14;;;10001;10;10004;4;;;9993.5;0.0
25;38800;INTARIAN_PEPPER_ROOT;38030;10;38027;8;;;38044;8;38046;9;;;38037.5;0.0
25;38900;ASH_COATED_OSMIUM;9987;12;;;;;10003;13;;;;;9995.5;0.0
25;38900;INTARIAN_PEPPER_ROOT;38032;9;;;;;38044;8;;;;;38038.5;0.0
25;39000;ASH_COATED_OSMIUM;9988;11;9987;13;;;10004;24;10006;10;;;9996.5;0.0
25;39000;INTARIAN_PEPPER_ROOT;38032;11;;;;;38044;10;;;;;38038.5;0.0
25;39100;ASH_COATED_OSMIUM;9991;15;9988;15;9986;15;10012;10;10014;10;10017;25;10002.0;0.0
25;39100;INTARIAN_PEPPER_ROOT;38028;15;38026;17;38025;10;38045;7;38046;12;38048;10;38037.0;0.0
25;39200;ASH_COATED_OSMIUM;9991;12;9990;14;9989;13;10007;12;10010;14;10013;21;9999.0;0.0
25;39200;INTARIAN_PEPPER_ROOT;38030;12;;;;;38042;11;;;;;38036.0;0.0
25;39300;ASH_COATED_OSMIUM;9986;3;9985;21;;;10002;14;10003;30;;;9994.0;0.0
25;39300;INTARIAN_PEPPER_ROOT;38037;11;;;;;38051;17;;;;;38044.0;0.0
25;39400;ASH_COATED_OSMIUM;9987;11;;;;;10003;10;;;;;9995.0;0.0
25;39400;INTARIAN_PEPPER_ROOT;38031;12;38030;8;38027;11;38048;8;38049;17;38052;11;38040.0;0.0
25;39500;ASH_COATED_OSMIUM;9983;10;9982;12;;;10002;12;10005;26;;;9992.5;0.0
25;39500;INTARIAN_PEPPER_ROOT;38033;10;38031;8;38028;9;38045;9;38047;9;38048;12;38039.0;0.0
25;39600;ASH_COATED_OSMIUM;9988;14;9985;13;9984;13;10004;11;10006;13;10008;14;9996.5;0.0
25;39600;INTARIAN_PEPPER_ROOT;38027;11;38024;9;;;38047;8;38050;11;;;38037.5;0.0
25;39700;ASH_COATED_OSMIUM;9988;12;;;;;10004;15;;;;;9996.0;0.0
25;39700;INTARIAN_PEPPER_ROOT;38031;12;;;;;38044;8;;;;;38038.0;0.0
25;39800;ASH_COATED_OSMIUM;9991;13;;;;;10007;11;;;;;9999.0;0.0
25;39800;INTARIAN_PEPPER_ROOT;38034;9;38033;24;;;38048;8;38051;10;;;38041.0;0.0
25;39900;ASH_COATED_OSMIUM;9987;13;;;;;10003;15;;;;;9995.5;0.0
25;39900;INTARIAN_PEPPER_ROOT;38035;9;38034;12;38033;11;38047;9;38050;12;38051;9;38041.5;0.0
25;40000;ASH_COATED_OSMIUM;9989;14;9986;10;9984;15;10008;11;10009;28;10012;24;9998.5;0.0
25;40000;INTARIAN_PEPPER_ROOT;38032;10;38031;9;;;38045;11;38046;9;;;38039.0;0.0
25;40100;ASH_COATED_OSMIUM;9992;15;9990;15;;;10008;26;10011;14;;;10000.5;0.0
25;40100;INTARIAN_PEPPER_ROOT;38034;10;38032;12;;;38047;20;38049;8;;;38041.0;0.0
25;40200;ASH_COATED_OSMIUM;9994;9;;;;;10010;13;;;;;10002.5;0.0
25;40200;INTARIAN_PEPPER_ROOT;38031;9;38030;15;;;38047;12;38049;12;;;38039.0;0.0
25;40300;ASH_COATED_OSMIUM;9990;4;;;;;10008;26;;;;;9999.5;0.0
25;40300;INTARIAN_PEPPER_ROOT;38037;11;38035;10;;;38050;8;38051;8;;;38043.5;0.0
25;40400;ASH_COATED_OSMIUM;9993;10;9991;14;9988;28;10009;14;10011;13;10013;23;10001.5;0.0
25;40400;INTARIAN_PEPPER_ROOT;38031;16;38028;12;;;38045;10;38048;9;;;38038.5;0.0
25;40500;ASH_COATED_OSMIUM;9989;15;9988;12;9985;12;10005;10;10006;12;10008;15;9997.5;0.0
25;40500;INTARIAN_PEPPER_ROOT;38036;9;38034;21;;;38049;8;38052;12;;;38042.5;0.0
25;40600;ASH_COATED_OSMIUM;9990;12;9989;15;;;10008;11;10010;10;;;9999.0;0.0
25;40600;INTARIAN_PEPPER_ROOT;38038;12;38035;3;;;38049;11;38050;9;;;38043.5;0.0
25;40700;ASH_COATED_OSMIUM;9995;13;9992;15;9991;11;10011;10;10012;13;10015;11;10003.5;0.0
25;40700;INTARIAN_PEPPER_ROOT;38034;10;38032;10;;;38046;9;38049;8;;;38040.0;0.0
25;40800;ASH_COATED_OSMIUM;9994;12;;;;;10010;15;;;;;10002.0;0.0
25;40800;INTARIAN_PEPPER_ROOT;38033;10;38030;11;38027;20;38048;11;38051;15;38053;11;38041.0;0.0
25;40900;ASH_COATED_OSMIUM;10000;20;;;;;10016;12;;;;;10008.5;0.0
25;40900;INTARIAN_PEPPER_ROOT;38032;12;38031;12;;;38045;24;38047;9;;;38039.0;0.0
25;41000;ASH_COATED_OSMIUM;10006;25;10005;12;;;10022;14;10024;12;;;10014.0;0.0
25;41000;INTARIAN_PEPPER_ROOT;38031;9;;;;;38045;8;;;;;38038.0;0.0
25;41100;ASH_COATED_OSMIUM;10006;15;10004;23;;;10022;10;10024;10;;;10014.0;0.0
25;41100;INTARIAN_PEPPER_ROOT;38039;10;38038;8;38035;9;38051;10;38053;9;38054;8;38045.0;0.0
25;41200;ASH_COATED_OSMIUM;10003;9;10001;14;10000;13;10022;10;10023;10;10025;13;10012.5;0.0
25;41200;INTARIAN_PEPPER_ROOT;38040;9;38038;11;;;38052;9;38054;12;;;38046.5;0.0
25;41300;ASH_COATED_OSMIUM;9997;22;9996;12;;;10013;12;10014;14;;;10005.0;0.0
25;41300;INTARIAN_PEPPER_ROOT;38034;10;;;;;38046;10;;;;;38040.5;0.0
25;41400;ASH_COATED_OSMIUM;9989;15;9986;14;9983;15;10005;15;10008;13;10009;12;9997.5;0.0
25;41400;INTARIAN_PEPPER_ROOT;38035;17;38032;8;38031;11;38049;17;38051;12;38052;9;38042.5;0.0
25;41500;ASH_COATED_OSMIUM;9982;13;;;;;10000;11;;;;;9991.5;0.0
25;41500;INTARIAN_PEPPER_ROOT;38038;10;;;;;38050;8;;;;;38044.0;0.0
25;41600;ASH_COATED_OSMIUM;9987;7;9986;10;;;10003;10;10004;5;;;9995.0;0.0
25;41600;INTARIAN_PEPPER_ROOT;38032;8;38031;25;;;38047;12;38048;16;;;38040.0;0.0
25;41700;ASH_COATED_OSMIUM;9989;14;;;;;10007;28;;;;;9998.0;0.0
25;41700;INTARIAN_PEPPER_ROOT;38033;17;38031;8;;;38047;10;38049;12;;;38040.0;0.0
25;41800;ASH_COATED_OSMIUM;9987;29;9985;11;9983;13;10005;10;10006;14;10008;11;9996.5;0.0
25;41800;INTARIAN_PEPPER_ROOT;38031;9;38029;12;38026;10;38050;12;38052;9;38055;12;38041.0;0.0
25;41900;ASH_COATED_OSMIUM;9988;12;;;;;10004;22;;;;;9996.0;0.0
25;41900;INTARIAN_PEPPER_ROOT;38033;9;38032;10;;;38047;12;38048;11;;;38040.5;0.0
25;42000;ASH_COATED_OSMIUM;9988;26;;;;;10004;22;;;;;9996.0;0.0
25;42000;INTARIAN_PEPPER_ROOT;38035;12;38032;9;;;38047;8;38049;10;;;38041.0;0.0
25;42100;ASH_COATED_OSMIUM;9988;10;;;;;10004;12;;;;;9996.5;0.0
25;42100;INTARIAN_PEPPER_ROOT;38038;11;;;;;38050;8;;;;;38044.5;0.0
25;42200;ASH_COATED_OSMIUM;9988;10;;;;;10004;14;;;;;9996.0;0.0
25;42200;INTARIAN_PEPPER_ROOT;38035;11;;;;;38049;8;;;;;38042.0;0.0
25;42300;ASH_COATED_OSMIUM;9988;15;9987;11;;;10004;5;10006;12;;;9996.0;0.0
25;42300;INTARIAN_PEPPER_ROOT;38036;10;;;;;38053;8;;;;;38045.0;0.0
25;42400;ASH_COATED_OSMIUM;9994;13;;;;;10010;15;;;;;10002.5;0.0
25;42400;INTARIAN_PEPPER_ROOT;38034;15;38033;9;38031;12;38050;12;38052;10;38055;9;38042.0;0.0
25;42500;ASH_COATED_OSMIUM;9999;12;9996;10;;;10015;12;10017;11;;;10007.5;0.0
25;42500;INTARIAN_PEPPER_ROOT;38038;12;38036;11;;;38051;10;38053;8;;;38044.5;0.0
25;42600;ASH_COATED_OSMIUM;10000;10;9997;10;;;10019;10;10022;21;;;10010.0;0.0
25;42600;INTARIAN_PEPPER_ROOT;38041;7;38038;9;38036;9;38055;4;38057;24;38058;24;38048.5;0.0
25;42700;ASH_COATED_OSMIUM;10002;13;;;;;10018;10;;;;;10010.0;0.0
25;42700;INTARIAN_PEPPER_ROOT;38035;21;38032;11;;;38049;12;38050;11;;;38042.0;0.0
25;42800;ASH_COATED_OSMIUM;9998;22;9996;10;9993;29;10014;20;10015;14;10017;10;10006.0;0.0
25;42800;INTARIAN_PEPPER_ROOT;38038;9;;;;;38054;12;;;;;38046.0;0.0
25;42900;ASH_COATED_OSMIUM;10001;14;9999;10;;;10008;15;10010;5;;;10005.0;0.0
25;42900;INTARIAN_PEPPER_ROOT;38036;10;38033;11;38031;11;38048;12;38050;11;38053;8;38042.5;0.0
25;43000;ASH_COATED_OSMIUM;9997;14;9995;27;;;10015;25;10017;12;;;10006.0;0.0
25;43000;INTARIAN_PEPPER_ROOT;38036;24;38035;12;38033;12;38051;15;38052;9;38053;11;38043.5;0.0
25;43100;ASH_COATED_OSMIUM;10001;11;;;;;10013;12;;;;;10007.0;0.0
25;43100;INTARIAN_PEPPER_ROOT;38035;9;38034;21;38033;12;38048;12;38050;11;38053;10;38042.0;0.0
25;43200;ASH_COATED_OSMIUM;9998;10;9996;14;;;10014;10;10017;12;;;10006.0;0.0
25;43200;INTARIAN_PEPPER_ROOT;38035;10;38032;8;38030;11;38046;9;38047;18;38049;10;38040.5;0.0
25;43300;ASH_COATED_OSMIUM;9992;13;;;;;10008;29;;;;;10000.0;0.0
25;43300;INTARIAN_PEPPER_ROOT;38035;21;38034;10;38033;12;38046;11;38048;18;38049;11;38041.0;0.0
25;43400;ASH_COATED_OSMIUM;9990;14;9989;10;;;10003;20;10006;13;;;9997.0;0.0
25;43400;INTARIAN_PEPPER_ROOT;38036;8;;;;;38050;11;;;;;38043.0;0.0
25;43500;ASH_COATED_OSMIUM;9992;10;9991;13;;;10008;11;10009;13;;;10000.5;0.0
25;43500;INTARIAN_PEPPER_ROOT;38036;20;38035;8;38032;10;38050;10;38053;16;38056;11;38043.0;0.0
25;43600;ASH_COATED_OSMIUM;9994;27;9993;11;;;10010;11;10011;24;;;10002.5;0.0
25;43600;INTARIAN_PEPPER_ROOT;38041;10;38038;11;;;38054;8;38056;19;;;38047.5;0.0
25;43700;ASH_COATED_OSMIUM;9997;22;;;;;10007;14;;;;;10002.0;0.0
25;43700;INTARIAN_PEPPER_ROOT;38040;8;38038;11;;;38053;10;38054;12;;;38046.5;0.0
25;43800;ASH_COATED_OSMIUM;9990;14;;;;;10006;26;;;;;9998.0;0.0
25;43800;INTARIAN_PEPPER_ROOT;38034;10;38031;15;;;38047;10;38050;10;;;38040.5;0.0
25;43900;ASH_COATED_OSMIUM;9993;11;9991;13;;;10012;7;10013;14;;;10002.5;0.0
25;43900;INTARIAN_PEPPER_ROOT;38036;10;38033;8;;;38048;12;38051;11;;;38042.0;0.0
25;44000;ASH_COATED_OSMIUM;9996;11;;;;;10014;10;;;;;10005.0;0.0
25;44000;INTARIAN_PEPPER_ROOT;38038;12;38035;10;;;38050;12;38052;18;;;38044.0;0.0
25;44100;ASH_COATED_OSMIUM;9993;14;9990;26;9988;14;10012;25;10013;10;10014;14;10003.0;0.0
25;44100;INTARIAN_PEPPER_ROOT;38035;8;38032;10;;;38049;12;38050;8;;;38042.0;0.0
25;44200;ASH_COATED_OSMIUM;9994;14;;;;;10010;12;;;;;10002.5;0.0
25;44200;INTARIAN_PEPPER_ROOT;38044;8;38043;10;;;38047;11;38050;11;;;38045.5;0.0
25;44300;ASH_COATED_OSMIUM;9989;10;9987;13;9985;12;10005;14;10007;13;10009;14;9997.0;0.0
25;44300;INTARIAN_PEPPER_ROOT;38039;10;38037;9;;;38051;11;38054;12;;;38045.5;0.0
25;44400;ASH_COATED_OSMIUM;9991;11;9990;14;9987;13;10007;26;10010;11;10013;15;9999.5;0.0
25;44400;INTARIAN_PEPPER_ROOT;38037;15;38034;22;38032;9;38050;10;38053;21;38054;8;38043.5;0.0
25;44500;ASH_COATED_OSMIUM;9984;3;9981;14;;;10002;24;10004;15;;;9993.5;0.0
25;44500;INTARIAN_PEPPER_ROOT;38038;10;38035;10;;;38046;11;38048;10;;;38042.5;0.0
25;44600;ASH_COATED_OSMIUM;9989;11;;;;;10005;15;;;;;9997.0;0.0
25;44600;INTARIAN_PEPPER_ROOT;38036;8;38033;15;38030;10;38047;8;38050;11;38053;8;38042.0;0.0
25;44700;ASH_COATED_OSMIUM;9983;13;9981;25;9980;14;9999;14;10000;10;10003;15;9991.0;0.0
25;44700;INTARIAN_PEPPER_ROOT;38034;21;38032;10;38031;11;38050;22;38052;10;38053;11;38042.5;0.0
25;44800;ASH_COATED_OSMIUM;9981;12;9979;21;;;9997;26;9999;15;;;9989.0;0.0
25;44800;INTARIAN_PEPPER_ROOT;38040;10;38039;9;38038;9;38054;20;38055;9;38057;8;38047.0;0.0
25;44900;ASH_COATED_OSMIUM;9982;29;9981;11;9980;12;10000;13;10002;15;10003;11;9991.5;0.0
25;44900;INTARIAN_PEPPER_ROOT;38037;9;38036;12;38033;11;38050;16;38053;8;38055;17;38043.5;0.0
25;45000;ASH_COATED_OSMIUM;9988;15;9985;11;;;10007;14;10009;15;;;9997.5;0.0
25;45000;INTARIAN_PEPPER_ROOT;38044;12;;;;;38049;12;;;;;38047.0;0.0
25;45100;ASH_COATED_OSMIUM;9991;15;;;;;10007;13;;;;;9999.0;0.0
25;45100;INTARIAN_PEPPER_ROOT;38033;21;38032;9;;;38052;20;38054;8;;;38042.5;0.0
25;45200;ASH_COATED_OSMIUM;9987;4;9986;10;;;10006;30;10008;11;;;9996.5;0.0
25;45200;INTARIAN_PEPPER_ROOT;38034;18;38031;8;;;38046;12;38048;8;;;38040.5;0.0
25;45300;ASH_COATED_OSMIUM;9987;14;9984;11;;;10003;11;10005;26;;;9995.0;0.0
25;45300;INTARIAN_PEPPER_ROOT;38040;11;;;;;38051;11;;;;;38046.0;0.0
25;45400;ASH_COATED_OSMIUM;9990;15;9988;11;9987;10;10006;11;10008;26;10010;13;9998.5;0.0
25;45400;INTARIAN_PEPPER_ROOT;38042;21;38041;8;;;38055;10;38058;8;;;38049.0;0.0
25;45500;ASH_COATED_OSMIUM;9985;14;;;;;10001;15;;;;;9993.5;0.0
25;45500;INTARIAN_PEPPER_ROOT;38042;12;38041;11;38039;9;38057;10;38058;12;38061;12;38049.5;0.0
25;45600;ASH_COATED_OSMIUM;9985;12;9983;11;9981;13;10004;11;10005;20;10006;15;9994.5;0.0
25;45600;INTARIAN_PEPPER_ROOT;38040;23;;;;;38052;18;;;;;38046.0;0.0
25;45700;ASH_COATED_OSMIUM;9986;12;9984;28;;;10002;11;10003;13;;;9994.5;0.0
25;45700;INTARIAN_PEPPER_ROOT;38034;9;;;;;38052;18;;;;;38043.0;0.0
25;45800;ASH_COATED_OSMIUM;9980;15;9977;13;9976;11;9999;14;10000;15;10002;12;9989.5;0.0
25;45800;INTARIAN_PEPPER_ROOT;38034;11;38031;10;38028;11;38047;10;38048;10;38050;23;38040.5;0.0
25;45900;ASH_COATED_OSMIUM;9987;11;9985;15;9983;23;10003;14;10004;13;10005;11;9995.0;0.0
25;45900;INTARIAN_PEPPER_ROOT;38043;12;;;;;38056;18;;;;;38049.5;0.0
25;46000;ASH_COATED_OSMIUM;9992;10;;;;;10008;15;;;;;10000.0;0.0
25;46000;INTARIAN_PEPPER_ROOT;38041;15;38038;11;;;38058;11;38060;9;;;38050.0;0.0
25;46100;ASH_COATED_OSMIUM;9989;11;;;;;10005;12;;;;;9997.5;0.0
25;46100;INTARIAN_PEPPER_ROOT;38039;16;38036;11;38034;12;38051;11;38054;9;38057;8;38045.5;0.0
25;46200;ASH_COATED_OSMIUM;9990;10;9989;11;9987;20;10009;12;10010;15;10013;11;10000.0;0.0
25;46200;INTARIAN_PEPPER_ROOT;38040;11;;;;;38053;12;;;;;38047.0;0.0
25;46300;ASH_COATED_OSMIUM;10001;15;;;;;10007;26;;;;;10004.0;0.0
25;46300;INTARIAN_PEPPER_ROOT;38037;8;38036;9;38035;10;38050;12;38051;8;38053;10;38044.0;0.0
25;46400;ASH_COATED_OSMIUM;9997;14;9994;12;;;10013;12;10015;12;;;10005.0;0.0
25;46400;INTARIAN_PEPPER_ROOT;38041;8;38039;12;38037;12;38053;8;38054;12;38057;17;38047.0;0.0
25;46500;ASH_COATED_OSMIUM;10002;10;10000;15;9998;13;10018;13;10021;11;10023;12;10010.5;0.0
25;46500;INTARIAN_PEPPER_ROOT;38039;8;38038;23;;;38052;11;38054;19;;;38046.0;0.0
25;46600;ASH_COATED_OSMIUM;10001;4;9998;13;9997;10;10019;10;10020;12;10022;10;10010.0;0.0
25;46600;INTARIAN_PEPPER_ROOT;38045;8;38042;12;;;38048;11;38051;10;;;38047.0;0.0
25;46700;ASH_COATED_OSMIUM;10003;10;10002;15;;;10019;15;10022;11;;;10011.0;0.0
25;46700;INTARIAN_PEPPER_ROOT;38038;24;38037;10;;;38049;8;38050;8;;;38044.0;0.0
25;46800;ASH_COATED_OSMIUM;10005;11;;;;;10021;10;;;;;10013.5;0.0
25;46800;INTARIAN_PEPPER_ROOT;38040;11;;;;;38053;8;;;;;38047.0;0.0
25;46900;ASH_COATED_OSMIUM;10001;11;10000;14;;;10017;15;10018;10;;;10009.0;0.0
25;46900;INTARIAN_PEPPER_ROOT;38040;17;38038;21;;;38052;12;38055;17;;;38046.0;0.0
25;47000;ASH_COATED_OSMIUM;9998;10;9995;11;;;10017;26;10020;12;;;10008.0;0.0
25;47000;INTARIAN_PEPPER_ROOT;38041;8;38039;12;;;38056;21;38057;8;;;38049.0;0.0
25;47100;ASH_COATED_OSMIUM;9994;29;9992;13;;;10010;13;10011;13;;;10002.5;0.0
25;47100;INTARIAN_PEPPER_ROOT;38042;12;;;;;38054;8;;;;;38048.0;0.0
25;47200;ASH_COATED_OSMIUM;9996;12;9994;15;;;10009;10;10010;11;;;10002.5;0.0
25;47200;INTARIAN_PEPPER_ROOT;38042;12;38040;11;;;38057;10;38059;11;;;38050.0;0.0
25;47300;ASH_COATED_OSMIUM;9992;13;9991;13;;;10010;4;10012;13;;;10001.5;0.0
25;47300;INTARIAN_PEPPER_ROOT;38040;25;38038;15;38035;12;38056;9;38057;12;38058;12;38048.0;0.0
25;47400;ASH_COATED_OSMIUM;9992;12;9990;11;;;10008;13;10010;15;;;10000.5;0.0
25;47400;INTARIAN_PEPPER_ROOT;38042;19;38041;8;;;38055;9;38058;10;;;38049.0;0.0
25;47500;ASH_COATED_OSMIUM;9990;13;;;;;10008;15;;;;;9999.0;0.0
25;47500;INTARIAN_PEPPER_ROOT;38042;9;38041;11;38038;12;38055;9;38058;8;38061;20;38049.0;0.0
25;47600;ASH_COATED_OSMIUM;9993;15;9992;14;9989;10;10009;10;10011;10;10013;12;10001.5;0.0
25;47600;INTARIAN_PEPPER_ROOT;38042;11;38039;8;;;38054;12;38056;9;;;38048.0;0.0
25;47700;ASH_COATED_OSMIUM;9996;12;9995;14;;;10014;12;10016;26;;;10005.0;0.0
25;47700;INTARIAN_PEPPER_ROOT;38041;9;38038;8;38036;8;38053;11;38056;22;38058;20;38047.5;0.0
25;47800;ASH_COATED_OSMIUM;10000;12;;;;;10016;12;;;;;10008.0;0.0
25;47800;INTARIAN_PEPPER_ROOT;38043;15;;;;;38054;12;;;;;38048.5;0.0
25;47900;ASH_COATED_OSMIUM;9999;10;9997;13;;;10020;11;10021;11;;;10009.5;0.0
25;47900;INTARIAN_PEPPER_ROOT;38039;19;;;;;38052;11;;;;;38046.0;0.0
25;48000;ASH_COATED_OSMIUM;9997;11;9996;13;9994;3;10013;11;10015;15;10018;28;10005.0;0.0
25;48000;INTARIAN_PEPPER_ROOT;38042;11;38040;12;;;38054;21;38056;12;;;38048.0;0.0
25;48100;ASH_COATED_OSMIUM;9999;13;;;;;10015;13;;;;;10007.5;0.0
25;48100;INTARIAN_PEPPER_ROOT;38040;9;;;;;38055;10;;;;;38047.5;0.0
25;48200;ASH_COATED_OSMIUM;10000;13;9998;14;;;10016;11;10019;15;;;10008.5;0.0
25;48200;INTARIAN_PEPPER_ROOT;38044;10;38041;18;;;38055;9;38056;12;;;38049.5;0.0
25;48300;ASH_COATED_OSMIUM;9994;2;9993;13;9990;13;10010;12;10011;11;10012;4;10002.5;0.0
25;48300;INTARIAN_PEPPER_ROOT;38040;8;38039;10;;;38054;8;38057;12;;;38047.5;0.0
25;48400;ASH_COATED_OSMIUM;9997;12;;;;;10010;13;;;;;10004.0;0.0
25;48400;INTARIAN_PEPPER_ROOT;38044;8;38043;9;;;38056;11;38058;20;;;38050.0;0.0
25;48500;ASH_COATED_OSMIUM;9996;13;9994;12;9993;12;10003;12;10004;12;10005;21;10000.0;0.0
25;48500;INTARIAN_PEPPER_ROOT;38043;8;;;;;38059;9;;;;;38051.5;0.0
25;48600;ASH_COATED_OSMIUM;9987;15;9986;5;9983;24;10000;12;10001;12;10003;22;9994.0;0.0
25;48600;INTARIAN_PEPPER_ROOT;38043;12;;;;;38055;18;;;;;38049.0;0.0
25;48700;ASH_COATED_OSMIUM;9987;13;9984;13;;;10003;13;10004;15;;;9995.5;0.0
25;48700;INTARIAN_PEPPER_ROOT;38041;11;;;;;38054;9;;;;;38047.5;0.0
25;48800;ASH_COATED_OSMIUM;9979;13;9978;3;;;9995;11;9997;14;;;9987.5;0.0
25;48800;INTARIAN_PEPPER_ROOT;38039;12;;;;;38052;9;;;;;38045.5;0.0
25;48900;ASH_COATED_OSMIUM;9979;4;9977;13;9974;12;9995;20;9998;10;9999;24;9987.5;0.0
25;48900;INTARIAN_PEPPER_ROOT;38048;23;38045;9;;;38059;9;38060;8;;;38054.0;0.0
25;49000;ASH_COATED_OSMIUM;9983;14;9981;26;;;10002;10;10005;14;;;9992.5;0.0
25;49000;INTARIAN_PEPPER_ROOT;38041;9;;;;;38054;8;;;;;38048.0;0.0
25;49100;ASH_COATED_OSMIUM;9988;15;9987;12;;;10004;14;10006;12;;;9996.5;0.0
25;49100;INTARIAN_PEPPER_ROOT;38041;16;38039;10;;;38058;12;38060;9;;;38050.0;0.0
25;49200;ASH_COATED_OSMIUM;9992;11;9990;13;9987;12;10010;14;10012;11;10014;13;10001.0;0.0
25;49200;INTARIAN_PEPPER_ROOT;38039;11;38038;12;;;38054;10;38057;8;;;38047.0;0.0
25;49300;ASH_COATED_OSMIUM;9993;13;9990;9;9987;2;10009;13;10011;13;10013;10;10001.0;0.0
25;49300;INTARIAN_PEPPER_ROOT;38049;8;;;;;38060;9;;;;;38054.5;0.0
25;49400;ASH_COATED_OSMIUM;9990;10;9987;12;;;10006;15;10007;13;;;9998.0;0.0
25;49400;INTARIAN_PEPPER_ROOT;38045;12;;;;;38057;10;;;;;38051.5;0.0
25;49500;ASH_COATED_OSMIUM;9995;14;9994;27;9993;10;10014;10;10016;10;10019;9;10005.0;0.0
25;49500;INTARIAN_PEPPER_ROOT;38043;23;38040;10;38039;11;38056;17;38059;9;38062;12;38050.0;0.0
25;49600;ASH_COATED_OSMIUM;9992;10;;;;;10011;15;;;;;10001.5;0.0
25;49600;INTARIAN_PEPPER_ROOT;38043;9;;;;;38055;8;;;;;38049.5;0.0
25;49700;ASH_COATED_OSMIUM;9993;12;9990;20;9989;3;10012;14;10013;4;10015;20;10002.5;0.0
25;49700;INTARIAN_PEPPER_ROOT;38043;8;;;;;38056;10;;;;;38049.5;0.0
25;49800;ASH_COATED_OSMIUM;9996;11;9994;12;9993;11;10012;12;10015;15;10016;13;10004.0;0.0
25;49800;INTARIAN_PEPPER_ROOT;38040;4;38038;12;;;38057;10;38059;8;;;38048.5;0.0
25;49900;ASH_COATED_OSMIUM;9996;13;9994;10;;;10014;5;10016;10;;;10005.0;0.0
25;49900;INTARIAN_PEPPER_ROOT;38044;10;38043;12;38041;9;38056;9;38058;8;38060;10;38050.0;0.0
25;50000;ASH_COATED_OSMIUM;9992;11;9990;14;;;10009;24;10010;11;;;10001.0;0.0
25;50000;INTARIAN_PEPPER_ROOT;38045;10;38043;11;38041;11;38056;8;38058;12;38061;12;38050.5;0.0
25;50100;ASH_COATED_OSMIUM;9997;29;9996;14;9993;4;10013;14;10015;12;10017;11;10005.5;0.0
25;50100;INTARIAN_PEPPER_ROOT;38046;9;38045;16;;;38058;12;38059;10;;;38052.0;0.0
25;50200;ASH_COATED_OSMIUM;9994;5;;;;;10010;10;;;;;10002.0;0.0
25;50200;INTARIAN_PEPPER_ROOT;38052;12;38050;9;;;38054;10;38055;10;;;38053.5;0.0
25;50300;ASH_COATED_OSMIUM;9995;14;;;;;10011;4;;;;;10003.0;0.0
25;50300;INTARIAN_PEPPER_ROOT;38041;11;;;;;38058;9;;;;;38050.0;0.0
25;50400;ASH_COATED_OSMIUM;9991;15;;;;;10010;15;;;;;10000.5;0.0
25;50400;INTARIAN_PEPPER_ROOT;38044;15;38041;11;38038;20;38055;9;38057;11;38060;8;38049.5;0.0
25;50500;ASH_COATED_OSMIUM;9993;11;9992;12;9991;21;10009;13;10012;10;10014;22;10001.5;0.0
25;50500;INTARIAN_PEPPER_ROOT;38045;12;;;;;38057;11;;;;;38051.5;0.0
25;50600;ASH_COATED_OSMIUM;9996;12;;;;;10012;21;;;;;10004.0;0.0
25;50600;INTARIAN_PEPPER_ROOT;38044;22;;;;;38057;11;;;;;38051.0;0.0
25;50700;ASH_COATED_OSMIUM;9992;15;;;;;10008;15;;;;;10000.5;0.0
25;50700;INTARIAN_PEPPER_ROOT;38042;11;;;;;38062;9;;;;;38052.0;0.0
25;50800;ASH_COATED_OSMIUM;9989;14;9988;15;;;10005;10;10007;11;;;9997.5;0.0
25;50800;INTARIAN_PEPPER_ROOT;38046;11;;;;;38051;23;;;;;38049.0;0.0
25;50900;ASH_COATED_OSMIUM;9987;13;9985;15;;;10003;28;10005;14;;;9995.0;0.0
25;50900;INTARIAN_PEPPER_ROOT;38041;25;;;;;38058;8;;;;;38050.0;0.0
25;51000;ASH_COATED_OSMIUM;9986;26;9984;28;;;10002;11;10003;14;;;9994.0;0.0
25;51000;INTARIAN_PEPPER_ROOT;38052;23;;;;;38055;8;;;;;38053.5;0.0
25;51100;ASH_COATED_OSMIUM;9988;15;9986;14;;;10004;26;10006;13;;;9996.5;0.0
25;51100;INTARIAN_PEPPER_ROOT;38044;9;;;;;38057;10;;;;;38051.0;0.0
25;51200;ASH_COATED_OSMIUM;9993;30;9990;15;;;10009;11;10010;6;;;10001.0;0.0
25;51200;INTARIAN_PEPPER_ROOT;38044;12;;;;;38057;9;;;;;38051.0;0.0
25;51300;ASH_COATED_OSMIUM;9995;26;;;;;10011;13;;;;;10003.0;0.0
25;51300;INTARIAN_PEPPER_ROOT;38041;8;38040;11;38038;16;38058;23;38060;16;38063;10;38049.5;0.0
25;51400;ASH_COATED_OSMIUM;9996;15;9993;11;9992;13;10012;11;10015;15;10017;12;10004.0;0.0
25;51400;INTARIAN_PEPPER_ROOT;38047;8;38046;9;;;38060;8;38063;10;;;38053.5;0.0
25;51500;ASH_COATED_OSMIUM;9991;24;;;;;10007;29;;;;;9999.5;0.0
25;51500;INTARIAN_PEPPER_ROOT;38044;10;;;;;38056;8;;;;;38050.0;0.0
25;51600;ASH_COATED_OSMIUM;9991;4;;;;;10007;20;;;;;9999.0;0.0
25;51600;INTARIAN_PEPPER_ROOT;38045;12;38042;12;;;38057;9;38060;15;;;38051.5;0.0
25;51700;ASH_COATED_OSMIUM;9992;10;9989;12;;;10008;15;10011;13;;;10000.5;0.0
25;51700;INTARIAN_PEPPER_ROOT;38045;9;38042;8;;;38058;8;38059;9;;;38051.5;0.0
25;51800;ASH_COATED_OSMIUM;9994;28;9991;15;;;10010;12;10013;11;;;10002.0;0.0
25;51800;INTARIAN_PEPPER_ROOT;38048;12;38046;12;;;38063;21;38064;16;;;38056.0;0.0
25;51900;ASH_COATED_OSMIUM;9994;14;;;;;10010;14;;;;;10002.0;0.0
25;51900;INTARIAN_PEPPER_ROOT;38051;15;38050;12;;;38062;21;38064;11;;;38057.0;0.0
25;52000;ASH_COATED_OSMIUM;9992;13;;;;;10008;11;;;;;10000.5;0.0
25;52000;INTARIAN_PEPPER_ROOT;38042;9;38040;11;38039;11;38055;10;38057;8;38060;8;38049.0;0.0
25;52100;ASH_COATED_OSMIUM;9990;14;9988;11;9985;10;10006;14;10007;13;10008;20;9998.5;0.0
25;52100;INTARIAN_PEPPER_ROOT;38047;24;38045;10;;;38064;10;38067;8;;;38056.0;0.0
25;52200;ASH_COATED_OSMIUM;9994;10;9993;14;;;10010;21;10013;10;;;10002.0;0.0
25;52200;INTARIAN_PEPPER_ROOT;38049;10;38048;10;;;38065;9;38068;12;;;38057.5;0.0
25;52300;ASH_COATED_OSMIUM;9994;10;9992;15;9989;14;10010;12;10011;13;10014;10;10002.0;0.0
25;52300;INTARIAN_PEPPER_ROOT;38043;12;38041;9;;;38056;11;38057;24;;;38050.0;0.0
25;52400;ASH_COATED_OSMIUM;10002;15;;;;;10018;10;;;;;10010.5;0.0
25;52400;INTARIAN_PEPPER_ROOT;38049;11;;;;;38062;19;;;;;38055.5;0.0
25;52500;ASH_COATED_OSMIUM;9993;10;;;;;10009;27;;;;;10001.0;0.0
25;52500;INTARIAN_PEPPER_ROOT;38045;19;38042;12;;;38056;22;38059;11;;;38050.5;0.0
25;52600;ASH_COATED_OSMIUM;9995;14;9992;12;;;10011;15;10014;10;;;10003.5;0.0
25;52600;INTARIAN_PEPPER_ROOT;38048;11;;;;;38060;23;;;;;38054.5;0.0
25;52700;ASH_COATED_OSMIUM;10000;11;9999;13;;;10011;11;10012;11;;;10006.0;0.0
25;52700;INTARIAN_PEPPER_ROOT;38047;9;38045;12;38044;8;38060;9;38062;8;38064;12;38053.5;0.0
25;52800;ASH_COATED_OSMIUM;10003;12;10000;21;;;10019;25;10021;14;;;10011.5;0.0
25;52800;INTARIAN_PEPPER_ROOT;38044;11;38041;15;;;38057;12;38058;9;;;38050.5;0.0
25;52900;ASH_COATED_OSMIUM;10003;11;10000;15;;;10022;14;10023;11;;;10013.0;0.0
25;52900;INTARIAN_PEPPER_ROOT;38047;5;38044;8;38043;10;38060;8;38061;11;38062;9;38053.5;0.0
25;53000;ASH_COATED_OSMIUM;10009;30;;;;;10019;12;;;;;10014.0;0.0
25;53000;INTARIAN_PEPPER_ROOT;38045;12;38042;12;;;38058;8;38060;10;;;38052.0;0.0
25;53100;ASH_COATED_OSMIUM;9999;15;9996;13;;;10015;13;10017;10;;;10007.0;0.0
25;53100;INTARIAN_PEPPER_ROOT;38051;10;38049;10;;;38064;19;38066;8;;;38057.5;0.0
25;53200;ASH_COATED_OSMIUM;10000;10;9998;11;;;10010;14;10013;13;;;10005.0;0.0
25;53200;INTARIAN_PEPPER_ROOT;38048;10;38045;11;38043;9;38060;12;38063;8;38065;10;38054.0;0.0
25;53300;ASH_COATED_OSMIUM;9994;11;9992;13;;;10010;10;10013;11;;;10002.5;0.0
25;53300;INTARIAN_PEPPER_ROOT;38046;8;38045;9;38042;25;38060;9;38061;12;38063;8;38053.5;0.0
25;53400;ASH_COATED_OSMIUM;9995;22;;;;;10014;14;;;;;10004.5;0.0
25;53400;INTARIAN_PEPPER_ROOT;38049;8;;;;;38063;11;;;;;38056.5;0.0
25;53500;ASH_COATED_OSMIUM;9998;13;9995;26;;;10014;14;10015;14;;;10006.0;0.0
25;53500;INTARIAN_PEPPER_ROOT;38050;10;38047;21;;;38062;11;38064;10;;;38056.0;0.0
25;53600;ASH_COATED_OSMIUM;9999;15;9998;29;;;10015;23;10016;14;;;10007.5;0.0
25;53600;INTARIAN_PEPPER_ROOT;38053;9;;;;;38056;11;;;;;38054.5;0.0
25;53700;ASH_COATED_OSMIUM;9994;14;9993;13;;;10012;22;10013;12;;;10003.5;0.0
25;53700;INTARIAN_PEPPER_ROOT;38046;8;;;;;38063;10;;;;;38055.0;0.0
25;53800;ASH_COATED_OSMIUM;9995;14;9994;11;;;10011;13;10014;13;;;10003.0;0.0
25;53800;INTARIAN_PEPPER_ROOT;38046;8;38044;20;;;38059;10;38062;12;;;38052.5;0.0
25;53900;ASH_COATED_OSMIUM;9990;3;9987;15;9985;13;10006;30;10008;11;10011;13;9998.5;0.0
25;53900;INTARIAN_PEPPER_ROOT;38049;12;;;;;38062;9;;;;;38056.0;0.0
25;54000;ASH_COATED_OSMIUM;9987;14;9984;15;;;10003;11;10004;13;;;9995.5;0.0
25;54000;INTARIAN_PEPPER_ROOT;38049;11;38046;25;38043;11;38062;8;38064;8;38065;9;38056.0;0.0
25;54100;ASH_COATED_OSMIUM;9986;12;9983;23;;;10004;29;10005;10;;;9995.0;0.0
25;54100;INTARIAN_PEPPER_ROOT;38045;15;38042;11;;;38059;11;38062;8;;;38052.5;0.0
25;54200;ASH_COATED_OSMIUM;9985;11;9982;26;;;10001;24;10003;14;;;9993.5;0.0
25;54200;INTARIAN_PEPPER_ROOT;38049;8;38046;9;;;38060;23;38062;8;;;38054.5;0.0
25;54300;ASH_COATED_OSMIUM;9986;29;;;;;10004;4;;;;;9995.5;0.0
25;54300;INTARIAN_PEPPER_ROOT;38052;9;38050;15;;;38067;10;38069;10;;;38060.0;0.0
25;54400;ASH_COATED_OSMIUM;9988;10;9986;14;9985;14;10007;11;10008;13;10009;26;9997.5;0.0
25;54400;INTARIAN_PEPPER_ROOT;38051;10;;;;;38066;8;;;;;38059.0;0.0
25;54500;ASH_COATED_OSMIUM;9989;10;9987;5;9986;12;10005;23;10008;13;10011;15;9997.5;0.0
25;54500;INTARIAN_PEPPER_ROOT;38046;10;38044;11;;;38057;17;38058;20;;;38051.5;0.0
25;54600;ASH_COATED_OSMIUM;9988;10;9987;11;9985;12;10004;12;10007;14;10008;20;9996.5;0.0
25;54600;INTARIAN_PEPPER_ROOT;38047;11;38044;10;38041;11;38061;9;38063;9;38064;9;38054.0;0.0
25;54700;ASH_COATED_OSMIUM;9988;15;;;;;10004;14;;;;;9996.5;0.0
25;54700;INTARIAN_PEPPER_ROOT;38053;8;38050;25;;;38064;12;38067;12;;;38059.0;0.0
25;54800;ASH_COATED_OSMIUM;9994;13;9992;13;9991;13;10010;15;10011;14;10013;15;10002.0;0.0
25;54800;INTARIAN_PEPPER_ROOT;38043;12;38041;9;;;38055;8;38057;9;;;38049.5;0.0
25;54900;ASH_COATED_OSMIUM;9988;14;9987;13;9986;15;10004;14;10006;27;10007;11;9996.0;0.0
25;54900;INTARIAN_PEPPER_ROOT;38049;20;;;;;38061;9;;;;;38055.0;0.0
25;55000;ASH_COATED_OSMIUM;9986;11;9985;15;;;10002;13;10005;11;;;9994.5;0.0
25;55000;INTARIAN_PEPPER_ROOT;38051;12;38050;11;;;38063;4;38065;10;;;38057.5;0.0
25;55100;ASH_COATED_OSMIUM;9988;2;;;;;10004;12;;;;;9996.5;0.0
25;55100;INTARIAN_PEPPER_ROOT;38050;9;38048;11;;;38062;12;38065;8;;;38056.5;0.0
25;55200;ASH_COATED_OSMIUM;9989;30;;;;;10008;3;;;;;9998.5;0.0
25;55200;INTARIAN_PEPPER_ROOT;38048;9;38046;22;38045;10;38064;9;38065;12;38066;10;38056.5;0.0
25;55300;ASH_COATED_OSMIUM;9998;15;9995;15;;;10014;14;10017;11;;;10006.5;0.0
25;55300;INTARIAN_PEPPER_ROOT;38048;8;38045;12;;;38062;9;38063;16;;;38055.5;0.0
25;55400;ASH_COATED_OSMIUM;9989;12;9987;12;;;10007;10;10008;24;;;9998.0;0.0
25;55400;INTARIAN_PEPPER_ROOT;38050;11;38049;9;;;38062;9;38065;12;;;38056.5;0.0
25;55500;ASH_COATED_OSMIUM;9996;14;9993;25;;;10001;10;10002;15;;;9999.0;0.0
25;55500;INTARIAN_PEPPER_ROOT;38046;8;;;;;38064;15;;;;;38055.0;0.0
25;55600;ASH_COATED_OSMIUM;9992;10;9991;14;9988;15;10008;12;10011;10;10013;11;10000.0;0.0
25;55600;INTARIAN_PEPPER_ROOT;38046;11;;;;;38059;9;;;;;38053.0;0.0
25;55700;ASH_COATED_OSMIUM;9997;12;9996;10;9995;11;10013;11;10016;10;10019;11;10005.0;0.0
25;55700;INTARIAN_PEPPER_ROOT;38050;9;;;;;38062;16;;;;;38056.5;0.0
25;55800;ASH_COATED_OSMIUM;9998;5;9995;24;;;10009;14;10012;10;;;10003.5;0.0
25;55800;INTARIAN_PEPPER_ROOT;38054;9;38052;11;38051;11;38066;10;38069;18;38072;12;38060.0;0.0
25;55900;ASH_COATED_OSMIUM;9990;20;;;;;10006;10;;;;;9998.0;0.0
25;55900;INTARIAN_PEPPER_ROOT;38053;24;38051;10;38048;10;38070;8;38072;11;38073;10;38062.0;0.0
25;56000;ASH_COATED_OSMIUM;9995;15;9994;10;9991;12;10011;15;10012;4;10015;10;10003.5;0.0
25;56000;INTARIAN_PEPPER_ROOT;38051;10;;;;;38065;8;;;;;38058.0;0.0
25;56100;ASH_COATED_OSMIUM;10001;10;9999;28;;;10017;15;10018;30;;;10009.0;0.0
25;56100;INTARIAN_PEPPER_ROOT;38050;11;38047;11;38046;9;38062;10;38064;9;38067;16;38056.5;0.0
25;56200;ASH_COATED_OSMIUM;9993;28;9992;12;;;10009;13;10010;13;;;10001.0;0.0
25;56200;INTARIAN_PEPPER_ROOT;38045;11;38043;12;;;38061;11;38062;11;;;38053.0;0.0
25;56300;ASH_COATED_OSMIUM;9989;13;;;;;10007;20;;;;;9998.0;0.0
25;56300;INTARIAN_PEPPER_ROOT;38054;11;;;;;38069;9;;;;;38061.5;0.0
25;56400;ASH_COATED_OSMIUM;9991;11;;;;;10010;13;;;;;10000.5;0.0
25;56400;INTARIAN_PEPPER_ROOT;38047;11;38044;11;;;38061;8;38064;8;;;38054.5;0.0
25;56500;ASH_COATED_OSMIUM;9985;11;9982;10;9980;12;10001;11;10002;15;10005;12;9993.0;0.0
25;56500;INTARIAN_PEPPER_ROOT;38053;21;;;;;38065;8;;;;;38059.5;0.0
25;56600;ASH_COATED_OSMIUM;9993;15;9990;15;;;10009;22;10011;12;;;10001.5;0.0
25;56600;INTARIAN_PEPPER_ROOT;38048;10;;;;;38064;10;;;;;38056.5;0.0
25;56700;ASH_COATED_OSMIUM;9991;15;9988;13;;;10010;10;10013;14;;;10000.5;0.0
25;56700;INTARIAN_PEPPER_ROOT;38048;8;;;;;38060;11;;;;;38054.0;0.0
25;56800;ASH_COATED_OSMIUM;9996;10;9993;23;9990;30;10012;13;10015;15;10016;21;10004.5;0.0
25;56800;INTARIAN_PEPPER_ROOT;38051;9;;;;;38063;8;;;;;38057.0;0.0
25;56900;ASH_COATED_OSMIUM;9997;14;9994;11;;;10013;22;10016;10;;;10005.5;0.0
25;56900;INTARIAN_PEPPER_ROOT;38049;10;38048;18;;;38062;8;38065;24;;;38055.5;0.0
25;57000;ASH_COATED_OSMIUM;9999;10;9996;10;9993;10;10018;12;10020;14;10023;12;10009.0;0.0
25;57000;INTARIAN_PEPPER_ROOT;38047;15;38045;12;38042;9;38062;22;38064;7;38066;11;38055.0;0.0
25;57100;ASH_COATED_OSMIUM;10003;15;;;;;10019;15;;;;;10011.5;0.0
25;57100;INTARIAN_PEPPER_ROOT;38049;25;38046;24;38044;10;38062;8;38065;12;38068;9;38056.0;0.0
25;57200;ASH_COATED_OSMIUM;10003;15;10000;4;;;10014;8;10016;12;;;10008.5;0.0
25;57200;INTARIAN_PEPPER_ROOT;38048;16;38045;10;;;38062;11;38065;11;;;38055.5;0.0
25;57300;ASH_COATED_OSMIUM;9996;10;9993;14;9990;29;10012;12;10015;10;10018;15;10004.0;0.0
25;57300;INTARIAN_PEPPER_ROOT;38057;9;38054;8;38052;9;38059;10;38062;24;38065;18;38058.5;0.0
25;57400;ASH_COATED_OSMIUM;9997;15;9994;11;;;10013;24;10015;13;;;10005.5;0.0
25;57400;INTARIAN_PEPPER_ROOT;38052;9;38051;22;;;38064;25;38067;11;;;38058.5;0.0
25;57500;ASH_COATED_OSMIUM;10001;14;;;;;10017;15;;;;;10009.0;0.0
25;57500;INTARIAN_PEPPER_ROOT;38050;12;38049;11;;;38064;9;38065;12;;;38057.0;0.0
25;57600;ASH_COATED_OSMIUM;9996;11;9993;11;;;10005;13;10007;13;;;10000.5;0.0
25;57600;INTARIAN_PEPPER_ROOT;38054;12;38053;12;38052;8;38067;12;38068;8;38071;12;38061.0;0.0
25;57700;ASH_COATED_OSMIUM;9999;11;9996;10;;;10015;15;10017;11;;;10007.0;0.0
25;57700;INTARIAN_PEPPER_ROOT;38049;9;38048;11;;;38061;22;38062;8;;;38055.0;0.0
25;57800;ASH_COATED_OSMIUM;9995;15;9992;12;9990;13;10010;12;10011;29;10013;10;10002.5;0.0
25;57800;INTARIAN_PEPPER_ROOT;38047;22;;;;;38059;11;;;;;38053.5;0.0
25;57900;ASH_COATED_OSMIUM;9993;30;9991;12;9989;23;10009;10;10010;13;10011;12;10001.0;0.0
25;57900;INTARIAN_PEPPER_ROOT;38049;8;38047;11;38046;10;38060;10;38063;9;38064;22;38055.0;0.0
25;58000;ASH_COATED_OSMIUM;9992;12;9990;15;9987;12;10008;10;10010;11;10011;11;10000.0;0.0
25;58000;INTARIAN_PEPPER_ROOT;38053;17;38051;10;;;38065;12;38066;12;;;38059.0;0.0
25;58100;ASH_COATED_OSMIUM;9994;12;;;;;10010;24;;;;;10002.5;0.0
25;58100;INTARIAN_PEPPER_ROOT;38052;11;38051;12;;;38065;4;38067;11;;;38058.5;0.0
25;58200;ASH_COATED_OSMIUM;9995;9;;;;;10011;13;;;;;10003.5;0.0
25;58200;INTARIAN_PEPPER_ROOT;38051;12;38048;11;38046;10;38064;9;38066;12;38069;8;38058.0;0.0
25;58300;ASH_COATED_OSMIUM;9993;15;;;;;10012;13;;;;;10003.0;0.0
25;58300;INTARIAN_PEPPER_ROOT;38050;10;;;;;38063;12;;;;;38057.0;0.0
25;58400;ASH_COATED_OSMIUM;9994;15;9991;15;;;10010;25;10011;15;;;10002.5;0.0
25;58400;INTARIAN_PEPPER_ROOT;38055;10;38053;18;38052;10;38066;9;38067;10;38069;8;38060.5;0.0
25;58500;ASH_COATED_OSMIUM;9993;30;;;;;10012;15;;;;;10002.5;0.0
25;58500;INTARIAN_PEPPER_ROOT;38050;16;38048;11;;;38062;9;38064;15;;;38056.0;0.0
25;58600;ASH_COATED_OSMIUM;9997;12;9996;24;9994;20;10010;12;10012;2;10015;11;10004.0;0.0
25;58600;INTARIAN_PEPPER_ROOT;38055;9;38054;21;;;38067;12;38069;9;;;38061.5;0.0
25;58700;ASH_COATED_OSMIUM;9994;12;9993;15;;;10012;11;10014;13;;;10003.5;0.0
25;58700;INTARIAN_PEPPER_ROOT;38051;17;;;;;38068;11;;;;;38060.0;0.0
25;58800;ASH_COATED_OSMIUM;10001;13;9998;11;9997;11;10022;11;10025;14;10028;10;10011.5;0.0
25;58800;INTARIAN_PEPPER_ROOT;38053;10;38051;12;38049;7;38065;9;38066;9;38067;20;38059.0;0.0
25;58900;ASH_COATED_OSMIUM;9992;15;9989;20;9986;11;10008;25;10010;15;10011;23;10000.5;0.0
25;58900;INTARIAN_PEPPER_ROOT;38054;24;;;;;38065;11;;;;;38059.5;0.0
25;59000;ASH_COATED_OSMIUM;9994;11;9991;15;;;10000;11;10002;11;;;9997.0;0.0
25;59000;INTARIAN_PEPPER_ROOT;38051;16;38049;9;38047;16;38064;10;38067;10;38070;8;38057.5;0.0
25;59100;ASH_COATED_OSMIUM;9990;13;;;;;10006;12;;;;;9998.0;0.0
25;59100;INTARIAN_PEPPER_ROOT;38053;11;38052;11;;;38065;8;38066;9;;;38059.5;0.0
25;59200;ASH_COATED_OSMIUM;9987;6;9985;13;9984;11;10003;14;10005;14;10006;10;9995.5;0.0
25;59200;INTARIAN_PEPPER_ROOT;38054;9;38052;24;38049;15;38066;8;38068;22;38069;8;38060.5;0.0
25;59300;ASH_COATED_OSMIUM;9988;12;9987;12;;;10004;11;10006;24;;;9996.0;0.0
25;59300;INTARIAN_PEPPER_ROOT;38052;10;38050;16;38047;10;38063;12;38064;8;38066;10;38058.0;0.0
25;59400;ASH_COATED_OSMIUM;9989;13;9988;15;;;10006;10;10008;3;;;9998.0;0.0
25;59400;INTARIAN_PEPPER_ROOT;38050;12;;;;;38070;8;;;;;38060.0;0.0
25;59500;ASH_COATED_OSMIUM;9993;14;9990;25;9988;11;10009;13;10011;11;10012;11;10001.5;0.0
25;59500;INTARIAN_PEPPER_ROOT;38053;11;38051;10;38048;11;38065;5;38068;12;38071;10;38059.0;0.0
25;59600;ASH_COATED_OSMIUM;9990;13;9988;11;;;10006;11;10008;27;;;9998.5;0.0
25;59600;INTARIAN_PEPPER_ROOT;38049;8;;;;;38065;10;;;;;38057.0;0.0
25;59700;ASH_COATED_OSMIUM;9997;11;9994;14;;;10013;15;10016;15;;;10005.0;0.0
25;59700;INTARIAN_PEPPER_ROOT;38052;10;38051;9;38050;10;38065;12;38066;11;38069;11;38058.5;0.0
25;59800;ASH_COATED_OSMIUM;10001;15;9998;29;;;10017;14;10020;15;;;10009.5;0.0
25;59800;INTARIAN_PEPPER_ROOT;38054;11;38053;8;;;38066;10;38069;8;;;38060.0;0.0
25;59900;ASH_COATED_OSMIUM;9997;10;9996;13;;;10013;29;10015;27;;;10005.5;0.0
25;59900;INTARIAN_PEPPER_ROOT;38052;20;;;;;38066;12;;;;;38059.5;0.0
25;60000;ASH_COATED_OSMIUM;9998;12;;;;;10017;29;;;;;10008.0;0.0
25;60000;INTARIAN_PEPPER_ROOT;38054;3;;;;;38069;12;;;;;38062.0;0.0
25;60100;ASH_COATED_OSMIUM;9990;15;9987;14;9984;15;10006;15;10007;12;10010;15;9998.5;0.0
25;60100;INTARIAN_PEPPER_ROOT;38053;9;38052;11;;;38064;15;38066;8;;;38059.0;0.0
25;60200;ASH_COATED_OSMIUM;9987;14;9986;11;;;10006;25;10007;10;;;9997.0;0.0
25;60200;INTARIAN_PEPPER_ROOT;38051;8;38050;12;38049;10;38062;11;38063;10;38066;12;38056.5;0.0
25;60300;ASH_COATED_OSMIUM;9993;12;9990;5;9988;13;10002;15;10003;10;10004;27;9997.5;0.0
25;60300;INTARIAN_PEPPER_ROOT;38055;12;;;;;38069;10;;;;;38062.0;0.0
25;60400;ASH_COATED_OSMIUM;9985;30;9982;10;;;10004;11;10006;13;;;9994.5;0.0
25;60400;INTARIAN_PEPPER_ROOT;38052;9;;;;;38065;8;;;;;38058.5;0.0
25;60500;ASH_COATED_OSMIUM;9985;21;9982;13;9979;11;10001;12;10004;11;10007;29;9993.5;0.0
25;60500;INTARIAN_PEPPER_ROOT;38052;8;38051;8;38048;9;38066;24;38067;25;38068;20;38059.5;0.0
25;60600;ASH_COATED_OSMIUM;9981;23;;;;;9997;11;;;;;9989.0;0.0
25;60600;INTARIAN_PEPPER_ROOT;38051;10;38050;11;;;38064;8;38066;10;;;38057.5;0.0
25;60700;ASH_COATED_OSMIUM;9984;14;;;;;10000;20;;;;;9992.5;0.0
25;60700;INTARIAN_PEPPER_ROOT;38057;11;;;;;38073;11;;;;;38065.0;0.0
25;60800;ASH_COATED_OSMIUM;9988;25;;;;;10004;20;;;;;9996.5;0.0
25;60800;INTARIAN_PEPPER_ROOT;38053;12;;;;;38067;12;;;;;38060.5;0.0
25;60900;ASH_COATED_OSMIUM;9982;15;9981;15;;;10001;15;10002;3;;;9992.0;0.0
25;60900;INTARIAN_PEPPER_ROOT;38052;8;38050;12;38049;9;38069;9;38071;11;38074;15;38061.0;0.0
25;61000;ASH_COATED_OSMIUM;9982;11;;;;;10000;15;;;;;9991.0;0.0
25;61000;INTARIAN_PEPPER_ROOT;38049;6;;;;;38066;12;;;;;38058.0;0.0
25;61100;ASH_COATED_OSMIUM;9984;12;9981;13;9979;13;10000;11;10001;15;10003;15;9992.0;0.0
25;61100;INTARIAN_PEPPER_ROOT;38051;11;;;;;38068;9;;;;;38059.5;0.0
25;61200;ASH_COATED_OSMIUM;9993;13;9992;12;9991;11;10009;11;10011;13;10013;24;10001.5;0.0
25;61200;INTARIAN_PEPPER_ROOT;38053;11;38051;23;38050;12;38067;16;38069;11;38072;11;38060.0;0.0
25;61300;ASH_COATED_OSMIUM;9990;14;9988;11;;;10009;14;10010;11;;;9999.5;0.0
25;61300;INTARIAN_PEPPER_ROOT;38056;10;38054;18;38053;10;38069;10;38071;11;38072;10;38063.0;0.0
25;61400;ASH_COATED_OSMIUM;9993;15;9990;13;9987;11;10012;27;10013;13;10014;12;10002.5;0.0
25;61400;INTARIAN_PEPPER_ROOT;38056;12;;;;;38070;12;;;;;38063.5;0.0
25;61500;ASH_COATED_OSMIUM;9994;15;;;;;10010;13;;;;;10002.5;0.0
25;61500;INTARIAN_PEPPER_ROOT;38054;15;;;;;38071;11;;;;;38062.5;0.0
25;61600;ASH_COATED_OSMIUM;9995;13;;;;;10013;10;;;;;10004.0;0.0
25;61600;INTARIAN_PEPPER_ROOT;38060;10;;;;;38063;11;;;;;38062.0;0.0
25;61700;ASH_COATED_OSMIUM;9994;12;9992;29;;;10010;14;10013;11;;;10002.5;0.0
25;61700;INTARIAN_PEPPER_ROOT;38059;15;38057;11;;;38062;11;38063;11;;;38060.5;0.0
25;61800;ASH_COATED_OSMIUM;9989;10;9988;14;;;10005;11;10008;11;;;9997.0;0.0
25;61800;INTARIAN_PEPPER_ROOT;38049;9;;;;;38065;25;;;;;38057.5;0.0
25;61900;ASH_COATED_OSMIUM;9989;13;9987;14;;;10005;15;10008;13;;;9997.0;0.0
25;61900;INTARIAN_PEPPER_ROOT;38053;9;;;;;38068;9;;;;;38060.5;0.0
25;62000;ASH_COATED_OSMIUM;9990;20;9989;14;;;10006;10;10008;15;;;9998.0;0.0
25;62000;INTARIAN_PEPPER_ROOT;38058;8;;;;;38071;15;;;;;38064.5;0.0
25;62100;ASH_COATED_OSMIUM;9995;13;9992;11;;;10011;12;10012;2;;;10003.0;0.0
25;62100;INTARIAN_PEPPER_ROOT;38053;19;38050;10;38047;10;38069;9;38072;12;38075;8;38061.0;0.0
25;62200;ASH_COATED_OSMIUM;9990;13;;;;;10006;11;;;;;9998.5;0.0
25;62200;INTARIAN_PEPPER_ROOT;38055;10;38053;18;38050;11;38067;9;38070;9;38072;9;38061.5;0.0
25;62300;ASH_COATED_OSMIUM;9993;13;9991;14;;;10011;25;10014;10;;;10002.5;0.0
25;62300;INTARIAN_PEPPER_ROOT;38056;12;38054;12;;;38070;21;38073;9;;;38063.0;0.0
25;62400;ASH_COATED_OSMIUM;9997;10;;;;;10015;13;;;;;10006.5;0.0
25;62400;INTARIAN_PEPPER_ROOT;38052;11;38049;22;38048;21;38066;22;38069;10;38071;11;38059.0;0.0
25;62500;ASH_COATED_OSMIUM;9996;14;;;;;10012;13;;;;;10004.0;0.0
25;62500;INTARIAN_PEPPER_ROOT;38056;11;38055;9;38054;8;38069;10;38071;12;38074;19;38063.0;0.0
25;62600;ASH_COATED_OSMIUM;9992;14;;;;;10011;13;;;;;10002.0;0.0
25;62600;INTARIAN_PEPPER_ROOT;38058;8;38055;12;38052;12;38062;15;38065;8;38066;9;38060.0;0.0
25;62700;ASH_COATED_OSMIUM;9987;30;9984;12;;;10003;14;10004;10;;;9995.0;0.0
25;62700;INTARIAN_PEPPER_ROOT;38058;11;38055;11;;;38072;10;38075;10;;;38065.0;0.0
25;62800;ASH_COATED_OSMIUM;9985;15;;;;;10001;10;;;;;9993.0;0.0
25;62800;INTARIAN_PEPPER_ROOT;38054;10;38053;8;;;38070;12;38072;10;;;38062.5;0.0
25;62900;ASH_COATED_OSMIUM;9985;13;9982;15;;;10003;13;10006;12;;;9994.0;0.0
25;62900;INTARIAN_PEPPER_ROOT;38055;9;38054;11;;;38066;11;38069;15;;;38061.0;0.0
25;63000;ASH_COATED_OSMIUM;9984;26;;;;;10002;11;;;;;9993.5;0.0
25;63000;INTARIAN_PEPPER_ROOT;38059;10;38058;9;;;38072;6;38073;17;;;38066.0;0.0
25;63100;ASH_COATED_OSMIUM;9991;15;9990;15;;;10007;11;10009;10;;;9999.0;0.0
25;63100;INTARIAN_PEPPER_ROOT;38056;8;38054;20;;;38069;12;38072;8;;;38062.5;0.0
25;63200;ASH_COATED_OSMIUM;9991;11;9988;14;9985;23;10007;12;10009;26;10010;10;9999.0;0.0
25;63200;INTARIAN_PEPPER_ROOT;38062;9;;;;;38073;8;;;;;38067.5;0.0
25;63300;ASH_COATED_OSMIUM;9992;29;9991;14;;;10011;14;10013;13;;;10002.0;0.0
25;63300;INTARIAN_PEPPER_ROOT;38058;10;;;;;38070;11;;;;;38064.5;0.0
25;63400;ASH_COATED_OSMIUM;9991;13;9990;12;;;10007;14;10008;13;;;9999.0;0.0
25;63400;INTARIAN_PEPPER_ROOT;38057;8;;;;;38068;9;;;;;38063.0;0.0
25;63500;ASH_COATED_OSMIUM;9987;11;9984;11;;;10003;22;10005;27;;;9995.5;0.0
25;63500;INTARIAN_PEPPER_ROOT;38054;9;38053;10;;;38070;8;38071;11;;;38062.5;0.0
25;63600;ASH_COATED_OSMIUM;9989;12;;;;;10005;10;;;;;9997.5;0.0
25;63600;INTARIAN_PEPPER_ROOT;38054;11;38053;10;38050;12;38070;11;38072;10;38073;9;38062.0;0.0
25;63700;ASH_COATED_OSMIUM;9983;12;9981;12;;;9999;14;10001;15;;;9991.5;0.0
25;63700;INTARIAN_PEPPER_ROOT;38056;10;38053;8;;;38068;12;38071;15;;;38062.5;0.0
