day;timestamp;product;bid_price_1;bid_volume_1;bid_price_2;bid_volume_2;bid_price_3;bid_volume_3;ask_price_1;ask_volume_1;ask_price_2;ask_volume_2;ask_price_3;ask_volume_3;mid_price;profit_and_loss
11;0;ASH_COATED_OSMIUM;9995;11;;;;;10011;14;;;;;10003.5;0.0
11;0;INTARIAN_PEPPER_ROOT;23993;10;23990;8;23987;12;24006;11;24007;9;24008;11;24000.0;0.0
11;100;ASH_COATED_OSMIUM;9990;11;9988;13;;;10006;10;10007;15;;;9998.0;0.0
11;100;INTARIAN_PEPPER_ROOT;23985;8;23983;11;;;23999;9;24002;11;;;23992.5;0.0
11;200;ASH_COATED_OSMIUM;9989;13;9986;13;;;10005;11;10008;10;;;9997.5;0.0
11;200;INTARIAN_PEPPER_ROOT;23995;18;23994;11;;;24006;12;24008;10;;;24000.5;0.0
11;300;ASH_COATED_OSMIUM;9989;12;9987;11;;;10005;10;10008;14;;;9997.5;0.0
11;300;INTARIAN_PEPPER_ROOT;23992;10;;;;;24008;25;;;;;24000.0;0.0
11;400;ASH_COATED_OSMIUM;9993;20;9990;10;;;10012;11;10015;12;;;10003.0;0.0
11;400;INTARIAN_PEPPER_ROOT;23994;11;;;;;24007;25;;;;;24000.5;0.0
11;500;ASH_COATED_OSMIUM;9988;21;9985;12;;;10007;7;10009;15;;;9998.0;0.0
11;500;INTARIAN_PEPPER_ROOT;23995;21;23992;8;23989;11;24007;12;24009;15;24011;11;24001.5;0.0
11;600;ASH_COATED_OSMIUM;9990;20;9987;24;;;10006;14;10007;15;;;9998.5;0.0
11;600;INTARIAN_PEPPER_ROOT;23994;8;23992;9;;;24008;11;24010;9;;;24001.0;0.0
11;700;ASH_COATED_OSMIUM;9990;12;9988;15;9985;12;10006;5;10008;24;10011;15;9998.5;0.0
11;700;INTARIAN_PEPPER_ROOT;23995;10;23992;11;;;24010;8;24013;12;;;24002.5;0.0
11;800;ASH_COATED_OSMIUM;9994;23;9993;15;;;10013;11;10014;13;;;10003.5;0.0
11;800;INTARIAN_PEPPER_ROOT;23991;12;;;;;24002;8;;;;;23997.0;0.0
11;900;ASH_COATED_OSMIUM;9990;20;9989;12;9987;14;10008;13;10011;12;10014;12;9999.0;0.0
11;900;INTARIAN_PEPPER_ROOT;23994;11;23993;10;;;24006;8;24009;11;;;24000.5;0.0
11;1000;ASH_COATED_OSMIUM;9990;15;9989;15;9988;12;10006;28;10008;11;10009;12;9998.5;0.0
11;1000;INTARIAN_PEPPER_ROOT;23995;10;23992;19;;;24006;10;24008;8;;;24000.5;0.0
11;1100;ASH_COATED_OSMIUM;9995;13;;;;;10011;14;;;;;10003.5;0.0
11;1100;INTARIAN_PEPPER_ROOT;23996;12;23994;10;;;24013;10;24015;11;;;24004.5;0.0
11;1200;ASH_COATED_OSMIUM;9996;26;;;;;10012;13;;;;;10004.0;0.0
11;1200;INTARIAN_PEPPER_ROOT;23992;24;23989;8;23987;8;24005;10;24006;9;24009;8;23998.5;0.0
11;1300;ASH_COATED_OSMIUM;9997;15;9996;14;;;10013;15;10015;26;;;10005.0;0.0
11;1300;INTARIAN_PEPPER_ROOT;23993;10;;;;;24010;9;;;;;24002.0;0.0
11;1400;ASH_COATED_OSMIUM;9992;10;9991;15;9988;15;10008;15;10011;10;10014;13;10000.0;0.0
11;1400;INTARIAN_PEPPER_ROOT;23999;8;23998;8;;;24012;9;24015;8;;;24006.0;0.0
11;1500;ASH_COATED_OSMIUM;9992;13;;;;;10008;12;;;;;10000.5;0.0
11;1500;INTARIAN_PEPPER_ROOT;23993;12;;;;;24005;12;;;;;23999.5;0.0
11;1600;ASH_COATED_OSMIUM;9997;13;9995;15;;;10013;3;10016;25;;;10005.0;0.0
11;1600;INTARIAN_PEPPER_ROOT;23996;9;23994;8;23992;9;24007;15;24009;11;24012;9;24002.0;0.0
11;1700;ASH_COATED_OSMIUM;9990;29;;;;;10008;11;;;;;9999.5;0.0
11;1700;INTARIAN_PEPPER_ROOT;23998;9;;;;;24012;9;;;;;24005.0;0.0
11;1800;ASH_COATED_OSMIUM;9995;14;9994;15;;;10014;14;10017;11;;;10004.5;0.0
11;1800;INTARIAN_PEPPER_ROOT;23992;8;;;;;24009;9;;;;;24001.0;0.0
11;1900;ASH_COATED_OSMIUM;9996;27;;;;;10012;11;;;;;10004.5;0.0
11;1900;INTARIAN_PEPPER_ROOT;24002;21;24000;11;;;24015;11;24018;11;;;24009.0;0.0
11;2000;ASH_COATED_OSMIUM;9991;12;;;;;10007;29;;;;;9999.0;0.0
11;2000;INTARIAN_PEPPER_ROOT;23995;9;23994;11;23993;11;24011;6;24014;16;24016;10;24003.0;0.0
11;2100;ASH_COATED_OSMIUM;9991;12;9990;10;;;10007;14;10009;15;;;9999.5;0.0
11;2100;INTARIAN_PEPPER_ROOT;23989;11;;;;;24006;12;;;;;23998.0;0.0
11;2200;ASH_COATED_OSMIUM;9995;10;9993;13;;;10001;27;10003;14;;;9998.5;0.0
11;2200;INTARIAN_PEPPER_ROOT;23995;12;23993;8;23990;11;24006;12;24009;11;24011;9;24001.0;0.0
11;2300;ASH_COATED_OSMIUM;9995;12;9992;13;;;10013;13;10016;10;;;10004.5;0.0
11;2300;INTARIAN_PEPPER_ROOT;23992;18;;;;;24011;25;;;;;24001.5;0.0
11;2400;ASH_COATED_OSMIUM;9999;15;;;;;10009;11;;;;;10004.5;0.0
11;2400;INTARIAN_PEPPER_ROOT;23997;19;23994;12;;;24009;10;24012;22;;;24003.0;0.0
11;2500;ASH_COATED_OSMIUM;9996;26;9993;12;;;10012;15;10015;2;;;10004.5;0.0
11;2500;INTARIAN_PEPPER_ROOT;23995;11;23993;9;23991;11;24006;10;24008;8;24009;11;24001.0;0.0
11;2600;ASH_COATED_OSMIUM;9996;14;9994;14;9991;25;10012;29;10014;14;10017;12;10004.0;0.0
11;2600;INTARIAN_PEPPER_ROOT;23992;11;23990;9;;;24008;12;24010;10;;;24000.0;0.0
11;2700;ASH_COATED_OSMIUM;9996;15;9993;12;;;10012;10;10013;11;;;10004.0;0.0
11;2700;INTARIAN_PEPPER_ROOT;23994;8;23992;8;23991;8;24005;8;24008;12;24010;9;23999.5;0.0
11;2800;ASH_COATED_OSMIUM;9990;12;9988;5;;;10006;12;10008;14;;;9998.5;0.0
11;2800;INTARIAN_PEPPER_ROOT;23997;20;23995;10;;;24008;11;24009;11;;;24002.5;0.0
11;2900;ASH_COATED_OSMIUM;9999;14;;;;;10009;11;;;;;10004.0;0.0
11;2900;INTARIAN_PEPPER_ROOT;24001;8;;;;;24014;10;;;;;24007.5;0.0
11;3000;ASH_COATED_OSMIUM;9990;14;;;;;10006;11;;;;;9998.5;0.0
11;3000;INTARIAN_PEPPER_ROOT;23996;11;23993;12;;;24012;11;24015;11;;;24004.5;0.0
11;3100;ASH_COATED_OSMIUM;9991;10;;;;;10007;10;;;;;9999.0;0.0
11;3100;INTARIAN_PEPPER_ROOT;24000;9;23997;12;;;24013;25;24015;8;;;24006.5;0.0
11;3200;ASH_COATED_OSMIUM;9990;14;;;;;10008;13;;;;;9999.0;0.0
11;3200;INTARIAN_PEPPER_ROOT;23996;23;23995;10;;;24010;8;24012;10;;;24003.0;0.0
11;3300;ASH_COATED_OSMIUM;9988;12;9985;11;;;10009;10;10011;13;;;9999.0;0.0
11;3300;INTARIAN_PEPPER_ROOT;24000;10;;;;;24012;9;;;;;24006.5;0.0
11;3400;ASH_COATED_OSMIUM;9995;11;9993;15;;;10011;29;10012;12;;;10003.5;0.0
11;3400;INTARIAN_PEPPER_ROOT;23994;16;23993;12;23992;9;24010;5;24011;10;24012;10;24002.5;0.0
11;3500;ASH_COATED_OSMIUM;9990;30;9987;13;;;10006;15;10008;10;;;9998.0;0.0
11;3500;INTARIAN_PEPPER_ROOT;23996;17;;;;;24012;8;;;;;24004.0;0.0
11;3600;ASH_COATED_OSMIUM;9987;4;9984;23;9981;23;10005;15;10006;13;10007;14;9996.5;0.0
11;3600;INTARIAN_PEPPER_ROOT;23995;12;23994;8;23991;10;24008;9;24011;8;24014;12;24002.0;0.0
11;3700;ASH_COATED_OSMIUM;9988;13;9987;21;;;10004;13;10006;25;;;9996.0;0.0
11;3700;INTARIAN_PEPPER_ROOT;23997;11;;;;;24008;23;;;;;24002.5;0.0
11;3800;ASH_COATED_OSMIUM;9988;13;;;;;10004;27;;;;;9996.0;0.0
11;3800;INTARIAN_PEPPER_ROOT;23994;10;23991;8;;;24006;12;24009;9;;;24000.5;0.0
11;3900;ASH_COATED_OSMIUM;9987;10;9985;29;;;10006;13;10008;15;;;9996.5;0.0
11;3900;INTARIAN_PEPPER_ROOT;23998;20;23995;12;;;24014;11;24015;9;;;24006.0;0.0
11;4000;ASH_COATED_OSMIUM;9988;20;9985;14;;;10004;15;10007;15;;;9996.0;0.0
11;4000;INTARIAN_PEPPER_ROOT;23998;12;23996;19;;;24011;11;24013;8;;;24005.0;0.0
11;4100;ASH_COATED_OSMIUM;9993;6;;;;;10009;15;;;;;10001.0;0.0
11;4100;INTARIAN_PEPPER_ROOT;23997;8;;;;;24008;8;;;;;24003.0;0.0
11;4200;ASH_COATED_OSMIUM;9992;12;9991;5;;;10008;11;10011;12;;;10000.5;0.0
11;4200;INTARIAN_PEPPER_ROOT;23996;20;;;;;24010;9;;;;;24003.5;0.0
11;4300;ASH_COATED_OSMIUM;9987;11;9984;14;;;10003;13;10004;14;;;9995.5;0.0
11;4300;INTARIAN_PEPPER_ROOT;23996;25;;;;;24009;12;;;;;24002.5;0.0
11;4400;ASH_COATED_OSMIUM;9992;12;9991;14;9988;23;10010;27;10013;15;10016;26;10001.0;0.0
11;4400;INTARIAN_PEPPER_ROOT;23994;12;23993;10;;;24013;17;24015;8;;;24003.5;0.0
11;4500;ASH_COATED_OSMIUM;9988;12;9986;11;;;10004;15;10005;12;;;9996.0;0.0
11;4500;INTARIAN_PEPPER_ROOT;24000;10;23999;18;;;24011;8;24012;11;;;24005.5;0.0
11;4600;ASH_COATED_OSMIUM;9988;11;;;;;10004;30;;;;;9996.0;0.0
11;4600;INTARIAN_PEPPER_ROOT;23999;9;23996;11;;;24011;8;24014;12;;;24005.0;0.0
11;4700;ASH_COATED_OSMIUM;9987;14;9984;11;9982;10;10003;13;10006;21;10008;13;9995.0;0.0
11;4700;INTARIAN_PEPPER_ROOT;23997;16;23995;8;23993;9;24009;8;24011;9;24013;8;24003.5;0.0
11;4800;ASH_COATED_OSMIUM;9995;28;9992;10;;;10005;12;10007;15;;;10000.5;0.0
11;4800;INTARIAN_PEPPER_ROOT;24004;11;24001;8;;;24006;9;24008;12;;;24005.5;0.0
11;4900;ASH_COATED_OSMIUM;9992;10;9990;29;;;9998;23;10000;15;;;9995.0;0.0
11;4900;INTARIAN_PEPPER_ROOT;24000;12;23998;23;;;24013;9;24014;10;;;24006.5;0.0
11;5000;ASH_COATED_OSMIUM;9987;5;;;;;10003;11;;;;;9995.5;0.0
11;5000;INTARIAN_PEPPER_ROOT;23999;10;;;;;24011;11;;;;;24005.0;0.0
11;5100;ASH_COATED_OSMIUM;9987;26;;;;;10003;20;;;;;9995.5;0.0
11;5100;INTARIAN_PEPPER_ROOT;23996;21;23995;9;;;24008;10;24009;8;;;24002.0;0.0
11;5200;ASH_COATED_OSMIUM;9993;13;9992;15;9990;10;10009;15;10011;10;10012;15;10001.5;0.0
11;5200;INTARIAN_PEPPER_ROOT;24010;12;24007;12;;;24012;10;24014;8;;;24011.5;0.0
11;5300;ASH_COATED_OSMIUM;9986;14;9985;13;;;10005;4;10007;13;;;9995.5;0.0
11;5300;INTARIAN_PEPPER_ROOT;24002;12;24001;9;23998;8;24013;24;24014;11;24015;12;24007.5;0.0
11;5400;ASH_COATED_OSMIUM;9993;21;9991;10;;;10009;15;10010;13;;;10001.0;0.0
11;5400;INTARIAN_PEPPER_ROOT;24003;11;;;;;24015;10;;;;;24009.0;0.0
11;5500;ASH_COATED_OSMIUM;9987;13;;;;;10006;13;;;;;9996.5;0.0
11;5500;INTARIAN_PEPPER_ROOT;23997;17;23996;10;23995;11;24010;8;24011;12;24014;8;24004.0;0.0
11;5600;ASH_COATED_OSMIUM;9988;14;9987;11;;;10004;14;10006;11;;;9996.0;0.0
11;5600;INTARIAN_PEPPER_ROOT;23997;9;23994;12;;;24011;9;24013;11;;;24004.0;0.0
11;5700;ASH_COATED_OSMIUM;9994;14;9993;13;9990;10;10010;15;10011;13;10012;15;10002.0;0.0
11;5700;INTARIAN_PEPPER_ROOT;24001;12;23999;10;;;24017;10;24019;17;;;24009.0;0.0
11;5800;ASH_COATED_OSMIUM;9987;3;9986;15;;;10006;14;10009;11;;;9996.5;0.0
11;5800;INTARIAN_PEPPER_ROOT;23997;8;23994;21;;;24014;12;24016;12;;;24006.0;0.0
11;5900;ASH_COATED_OSMIUM;9988;24;9986;27;;;10004;14;10006;11;;;9996.0;0.0
11;5900;INTARIAN_PEPPER_ROOT;23995;10;;;;;24012;11;;;;;24004.0;0.0
11;6000;ASH_COATED_OSMIUM;9986;13;;;;;10005;10;;;;;9996.0;0.0
11;6000;INTARIAN_PEPPER_ROOT;23999;8;23998;11;23996;9;24011;17;24013;10;24014;12;24005.0;0.0
11;6100;ASH_COATED_OSMIUM;9987;14;9984;8;;;10003;14;10005;13;;;9995.5;0.0
11;6100;INTARIAN_PEPPER_ROOT;23998;8;;;;;24011;9;;;;;24005.0;0.0
11;6200;ASH_COATED_OSMIUM;9988;11;9986;14;9984;10;10004;4;10005;10;10006;10;9996.0;0.0
11;6200;INTARIAN_PEPPER_ROOT;24001;11;24000;8;23997;9;24013;24;24014;12;24015;10;24007.0;0.0
11;6300;ASH_COATED_OSMIUM;9992;24;9990;10;;;10008;14;10011;14;;;10000.5;0.0
11;6300;INTARIAN_PEPPER_ROOT;23999;9;;;;;24012;11;;;;;24006.0;0.0
11;6400;ASH_COATED_OSMIUM;9992;15;9990;11;9988;12;10008;12;10009;11;10010;15;10000.5;0.0
11;6400;INTARIAN_PEPPER_ROOT;23995;11;23992;12;;;24012;10;24013;8;;;24004.0;0.0
11;6500;ASH_COATED_OSMIUM;9992;12;;;;;10008;15;;;;;10000.5;0.0
11;6500;INTARIAN_PEPPER_ROOT;23998;11;;;;;24009;10;;;;;24003.5;0.0
11;6600;ASH_COATED_OSMIUM;9993;10;9990;14;;;10009;11;10011;12;;;10001.0;0.0
11;6600;INTARIAN_PEPPER_ROOT;24002;11;;;;;24014;18;;;;;24008.0;0.0
11;6700;ASH_COATED_OSMIUM;9989;23;9987;10;9985;26;10005;10;10007;24;10010;11;9997.0;0.0
11;6700;INTARIAN_PEPPER_ROOT;23996;10;23994;9;23992;20;24012;8;24014;12;24016;5;24004.0;0.0
11;6800;ASH_COATED_OSMIUM;9994;10;9993;27;9990;13;10010;12;10013;29;10016;10;10002.5;0.0
11;6800;INTARIAN_PEPPER_ROOT;24000;10;;;;;24013;20;;;;;24006.5;0.0
11;6900;ASH_COATED_OSMIUM;9989;11;9987;12;9985;13;10005;14;10006;11;10009;3;9997.0;0.0
11;6900;INTARIAN_PEPPER_ROOT;24001;12;;;;;24014;12;;;;;24007.5;0.0
11;7000;ASH_COATED_OSMIUM;9989;15;9988;11;;;10005;14;10006;13;;;9997.0;0.0
11;7000;INTARIAN_PEPPER_ROOT;24003;10;24001;12;23998;21;24017;12;24019;12;24021;8;24010.5;0.0
11;7100;ASH_COATED_OSMIUM;9989;27;;;;;10005;11;;;;;9997.0;0.0
11;7100;INTARIAN_PEPPER_ROOT;24001;7;;;;;24014;9;;;;;24008.0;0.0
11;7200;ASH_COATED_OSMIUM;9994;15;;;;;10010;13;;;;;10002.0;0.0
11;7200;INTARIAN_PEPPER_ROOT;24000;10;23998;8;23997;10;24014;11;24015;8;24018;9;24007.0;0.0
11;7300;ASH_COATED_OSMIUM;9988;4;9987;13;9986;13;10004;13;10006;11;10009;10;9996.5;0.0
11;7300;INTARIAN_PEPPER_ROOT;24003;9;24001;11;;;24014;5;24016;8;;;24008.5;0.0
11;7400;ASH_COATED_OSMIUM;9988;29;;;;;10004;24;;;;;9996.5;0.0
11;7400;INTARIAN_PEPPER_ROOT;24006;7;24003;11;;;24018;11;24020;10;;;24012.0;0.0
11;7500;ASH_COATED_OSMIUM;9994;15;;;;;10010;15;;;;;10002.0;0.0
11;7500;INTARIAN_PEPPER_ROOT;24004;16;24001;10;;;24017;11;24020;8;;;24010.5;0.0
11;7600;ASH_COATED_OSMIUM;9994;15;9992;12;;;10001;10;10002;23;;;9997.5;0.0
11;7600;INTARIAN_PEPPER_ROOT;24004;9;;;;;24017;10;;;;;24011.0;0.0
11;7700;ASH_COATED_OSMIUM;9990;21;;;;;10006;30;;;;;9998.0;0.0
11;7700;INTARIAN_PEPPER_ROOT;24002;8;24000;8;23998;8;24015;10;24018;10;24019;12;24008.5;0.0
11;7800;ASH_COATED_OSMIUM;9990;10;;;;;10006;25;;;;;9998.0;0.0
11;7800;INTARIAN_PEPPER_ROOT;23998;10;23995;25;23992;11;24016;9;24019;9;24020;11;24007.5;0.0
11;7900;ASH_COATED_OSMIUM;9989;10;9986;14;;;10007;11;10008;13;;;9998.0;0.0
11;7900;INTARIAN_PEPPER_ROOT;24004;10;24002;18;;;24016;12;24018;10;;;24010.0;0.0
11;8000;ASH_COATED_OSMIUM;9995;15;;;;;10011;13;;;;;10003.0;0.0
11;8000;INTARIAN_PEPPER_ROOT;24001;11;24000;12;23999;12;24017;9;24020;23;24021;8;24009.5;0.0
11;8100;ASH_COATED_OSMIUM;9995;15;9993;24;;;10011;11;10012;15;;;10003.5;0.0
11;8100;INTARIAN_PEPPER_ROOT;23998;16;23995;9;;;24010;11;24011;11;;;24004.5;0.0
11;8200;ASH_COATED_OSMIUM;9995;15;9992;11;;;10011;10;10013;14;;;10003.5;0.0
11;8200;INTARIAN_PEPPER_ROOT;24002;8;23999;10;;;24016;9;24017;9;;;24009.5;0.0
11;8300;ASH_COATED_OSMIUM;9990;10;9989;12;9987;12;10006;15;10008;11;10009;23;9998.0;0.0
11;8300;INTARIAN_PEPPER_ROOT;24001;8;;;;;24013;12;;;;;24007.0;0.0
11;8400;ASH_COATED_OSMIUM;9987;10;9984;15;9983;12;10008;14;10009;13;10010;11;9998.0;0.0
11;8400;INTARIAN_PEPPER_ROOT;24001;10;23998;17;23995;11;24017;9;24018;8;24019;12;24009.0;0.0
11;8500;ASH_COATED_OSMIUM;9989;10;9988;10;;;10005;23;10008;11;;;9997.5;0.0
11;8500;INTARIAN_PEPPER_ROOT;23997;10;;;;;24014;12;;;;;24006.0;0.0
11;8600;ASH_COATED_OSMIUM;9988;14;;;;;10007;15;;;;;9998.0;0.0
11;8600;INTARIAN_PEPPER_ROOT;24000;12;23998;12;23995;10;24015;12;24016;9;24017;25;24008.0;0.0
11;8700;ASH_COATED_OSMIUM;9995;13;;;;;10011;10;;;;;10003.5;0.0
11;8700;INTARIAN_PEPPER_ROOT;24005;11;24002;11;;;24017;15;24018;12;;;24011.0;0.0
11;8800;ASH_COATED_OSMIUM;9995;11;9992;21;9991;13;10011;11;10012;20;10015;10;10003.0;0.0
11;8800;INTARIAN_PEPPER_ROOT;23997;10;23994;15;23991;9;24009;22;24012;10;24015;11;24003.5;0.0
11;8900;ASH_COATED_OSMIUM;10000;11;9998;12;;;10006;15;10007;12;;;10003.0;0.0
11;8900;INTARIAN_PEPPER_ROOT;24006;10;24004;10;;;24020;6;24023;12;;;24013.5;0.0
11;9000;ASH_COATED_OSMIUM;9994;11;9991;14;;;10005;14;10007;12;;;10000.0;0.0
11;9000;INTARIAN_PEPPER_ROOT;24001;8;;;;;24015;8;;;;;24008.5;0.0
11;9100;ASH_COATED_OSMIUM;9997;12;9996;14;;;10013;28;10016;10;;;10005.5;0.0
11;9100;INTARIAN_PEPPER_ROOT;24001;11;23999;25;23998;11;24020;12;24023;8;24024;10;24010.5;0.0
11;9200;ASH_COATED_OSMIUM;9992;12;9990;11;;;10008;14;10011;13;;;10000.0;0.0
11;9200;INTARIAN_PEPPER_ROOT;24004;9;24001;10;;;24017;10;24020;11;;;24010.5;0.0
11;9300;ASH_COATED_OSMIUM;9992;2;9989;11;9987;13;10008;10;10011;11;10014;12;10000.0;0.0
11;9300;INTARIAN_PEPPER_ROOT;23998;9;23996;12;23993;9;24015;9;24016;10;24019;10;24007.0;0.0
11;9400;ASH_COATED_OSMIUM;9991;15;9990;15;;;10007;14;10010;12;;;9999.5;0.0
11;9400;INTARIAN_PEPPER_ROOT;24001;22;23998;8;23996;8;24013;12;24016;9;24019;18;24007.0;0.0
11;9500;ASH_COATED_OSMIUM;9995;15;9992;24;9991;11;10014;13;10015;13;10016;15;10004.5;0.0
11;9500;INTARIAN_PEPPER_ROOT;24002;11;;;;;24016;12;;;;;24009.5;0.0
11;9600;ASH_COATED_OSMIUM;9996;11;9994;12;9992;12;10012;22;10015;15;10016;12;10004.5;0.0
11;9600;INTARIAN_PEPPER_ROOT;24004;10;;;;;24018;17;;;;;24011.0;0.0
11;9700;ASH_COATED_OSMIUM;9996;13;9993;11;;;10012;15;10015;20;;;10004.5;0.0
11;9700;INTARIAN_PEPPER_ROOT;24005;10;24004;8;24002;8;24017;17;24019;10;24021;10;24011.5;0.0
11;9800;ASH_COATED_OSMIUM;9991;12;9988;12;;;10007;11;10010;25;;;9999.0;0.0
11;9800;INTARIAN_PEPPER_ROOT;24007;10;24004;8;24001;8;24019;11;24022;9;24024;11;24013.0;0.0
11;9900;ASH_COATED_OSMIUM;9991;11;;;;;10007;13;;;;;9999.0;0.0
11;9900;INTARIAN_PEPPER_ROOT;24006;9;;;;;24017;23;;;;;24012.0;0.0
11;10000;ASH_COATED_OSMIUM;9994;21;9991;15;;;10003;15;10005;29;;;9998.5;0.0
11;10000;INTARIAN_PEPPER_ROOT;24003;11;;;;;24015;11;;;;;24009.0;0.0
11;10100;ASH_COATED_OSMIUM;9994;3;9991;11;9990;26;10013;15;10015;15;10018;13;10003.5;0.0
11;10100;INTARIAN_PEPPER_ROOT;24004;8;24001;12;;;24015;9;24017;8;;;24010.0;0.0
11;10200;ASH_COATED_OSMIUM;9994;10;9992;10;9989;13;10013;12;10015;10;10017;24;10003.5;0.0
11;10200;INTARIAN_PEPPER_ROOT;24007;9;24004;20;;;24013;8;24016;23;;;24010.5;0.0
11;10300;ASH_COATED_OSMIUM;9995;10;9994;5;9992;10;10011;11;10014;11;10015;15;10003.0;0.0
11;10300;INTARIAN_PEPPER_ROOT;24004;11;24003;10;24002;12;24017;12;24020;25;24023;12;24011.0;0.0
11;10400;ASH_COATED_OSMIUM;9993;11;9990;24;;;10012;14;10013;12;;;10002.5;0.0
11;10400;INTARIAN_PEPPER_ROOT;24008;8;;;;;24022;9;;;;;24015.0;0.0
11;10500;ASH_COATED_OSMIUM;9994;10;9992;15;9989;12;10010;11;10012;10;10015;14;10002.5;0.0
11;10500;INTARIAN_PEPPER_ROOT;24005;9;24003;10;;;24019;11;24020;12;;;24012.0;0.0
11;10600;ASH_COATED_OSMIUM;9992;13;9991;15;9989;2;10010;10;10011;12;10014;11;10001.5;0.0
11;10600;INTARIAN_PEPPER_ROOT;24002;23;;;;;24015;9;;;;;24008.5;0.0
11;10700;ASH_COATED_OSMIUM;9986;12;;;;;10005;13;;;;;9996.0;0.0
11;10700;INTARIAN_PEPPER_ROOT;24002;11;24001;15;23999;11;24017;9;24019;11;24021;9;24009.5;0.0
11;10800;ASH_COATED_OSMIUM;9988;10;9987;22;9986;13;10004;14;10005;30;10008;26;9996.0;0.0
11;10800;INTARIAN_PEPPER_ROOT;24003;22;24001;10;;;24017;20;24020;12;;;24010.0;0.0
11;10900;ASH_COATED_OSMIUM;9993;11;;;;;10009;15;;;;;10001.0;0.0
11;10900;INTARIAN_PEPPER_ROOT;24007;12;24006;8;;;24019;8;24020;9;;;24013.0;0.0
11;11000;ASH_COATED_OSMIUM;9985;13;9983;14;;;10006;13;10007;21;;;9995.5;0.0
11;11000;INTARIAN_PEPPER_ROOT;24003;12;;;;;24014;10;;;;;24009.0;0.0
11;11100;ASH_COATED_OSMIUM;9988;10;9987;13;;;10004;15;10005;12;;;9996.0;0.0
11;11100;INTARIAN_PEPPER_ROOT;24003;12;24002;11;23999;12;24016;16;24019;19;24022;11;24009.5;0.0
11;11200;ASH_COATED_OSMIUM;9992;14;9990;23;;;10008;30;10010;14;;;10000.5;0.0
11;11200;INTARIAN_PEPPER_ROOT;24003;9;;;;;24017;10;;;;;24010.0;0.0
11;11300;ASH_COATED_OSMIUM;9987;13;;;;;10003;24;;;;;9995.5;0.0
11;11300;INTARIAN_PEPPER_ROOT;24008;10;24007;11;24004;11;24020;23;24022;21;24025;8;24014.5;0.0
11;11400;ASH_COATED_OSMIUM;9992;15;9990;11;9989;12;10008;12;10011;14;10012;14;10000.5;0.0
11;11400;INTARIAN_PEPPER_ROOT;24004;9;24001;10;23998;8;24021;12;24024;10;24025;8;24012.5;0.0
11;11500;ASH_COATED_OSMIUM;9992;12;9989;13;;;10010;11;10011;13;;;10001.0;0.0
11;11500;INTARIAN_PEPPER_ROOT;24008;11;;;;;24019;8;;;;;24014.0;0.0
11;11600;ASH_COATED_OSMIUM;9987;10;9985;14;;;10003;23;10004;10;;;9995.5;0.0
11;11600;INTARIAN_PEPPER_ROOT;24003;9;24002;22;24000;19;24019;10;24020;10;24023;8;24011.0;0.0
11;11700;ASH_COATED_OSMIUM;9987;10;;;;;10003;11;;;;;9995.5;0.0
11;11700;INTARIAN_PEPPER_ROOT;24009;11;;;;;24021;10;;;;;24015.0;0.0
11;11800;ASH_COATED_OSMIUM;9993;13;9992;13;;;10009;10;10012;15;;;10001.0;0.0
11;11800;INTARIAN_PEPPER_ROOT;24004;9;24003;8;;;24018;12;24021;12;;;24011.0;0.0
11;11900;ASH_COATED_OSMIUM;9986;14;9984;13;;;10004;15;10006;10;;;9995.0;0.0
11;11900;INTARIAN_PEPPER_ROOT;24004;8;24003;9;24001;9;24018;19;24020;16;24023;9;24011.0;0.0
11;12000;ASH_COATED_OSMIUM;9985;15;9983;14;9982;10;10003;15;10006;28;10008;12;9994.5;0.0
11;12000;INTARIAN_PEPPER_ROOT;24007;9;;;;;24023;11;;;;;24015.0;0.0
11;12100;ASH_COATED_OSMIUM;9991;15;9990;12;;;10007;14;10009;10;;;9999.5;0.0
11;12100;INTARIAN_PEPPER_ROOT;24008;12;24005;11;24004;11;24022;12;24025;11;24026;10;24015.0;0.0
11;12200;ASH_COATED_OSMIUM;9985;3;9982;21;;;10003;3;10004;10;;;9994.5;0.0
11;12200;INTARIAN_PEPPER_ROOT;24004;22;24002;11;23999;8;24017;10;24020;9;24022;23;24011.0;0.0
11;12300;ASH_COATED_OSMIUM;9991;11;9988;14;;;10007;13;10009;10;;;9999.0;0.0
11;12300;INTARIAN_PEPPER_ROOT;24004;19;24001;11;23999;11;24020;12;24023;8;24024;12;24012.5;0.0
11;12400;ASH_COATED_OSMIUM;9986;15;;;;;10002;13;;;;;9994.0;0.0
11;12400;INTARIAN_PEPPER_ROOT;24007;10;;;;;24020;12;;;;;24014.0;0.0
11;12500;ASH_COATED_OSMIUM;9983;10;9981;15;;;10002;12;10004;12;;;9993.0;0.0
11;12500;INTARIAN_PEPPER_ROOT;24002;8;23999;18;;;24017;11;24019;9;;;24010.0;0.0
11;12600;ASH_COATED_OSMIUM;9990;13;9988;22;;;10006;10;10007;13;;;9998.5;0.0
11;12600;INTARIAN_PEPPER_ROOT;24004;7;;;;;24018;9;;;;;24011.5;0.0
11;12700;ASH_COATED_OSMIUM;9985;2;9983;13;;;10001;23;10004;12;;;9993.5;0.0
11;12700;INTARIAN_PEPPER_ROOT;24010;21;24009;10;;;24016;10;24019;10;;;24013.0;0.0
11;12800;ASH_COATED_OSMIUM;9985;13;9983;11;;;10001;3;10002;29;;;9993.5;0.0
11;12800;INTARIAN_PEPPER_ROOT;24011;12;24009;9;;;24014;25;24015;18;;;24012.5;0.0
11;12900;ASH_COATED_OSMIUM;9989;12;9987;11;9984;13;10008;7;10009;14;10012;14;9998.5;0.0
11;12900;INTARIAN_PEPPER_ROOT;24005;8;24002;10;24001;17;24020;17;24023;11;24024;11;24012.5;0.0
11;13000;ASH_COATED_OSMIUM;9985;6;9984;11;9983;12;10003;12;10005;10;10008;13;9994.0;0.0
11;13000;INTARIAN_PEPPER_ROOT;24003;8;24002;22;;;24020;12;24021;8;;;24012.0;0.0
11;13100;ASH_COATED_OSMIUM;9996;14;9994;11;;;10002;13;10005;14;;;9999.0;0.0
11;13100;INTARIAN_PEPPER_ROOT;24020;10;24018;12;;;24032;9;24034;10;;;24026.0;0.0
11;13200;ASH_COATED_OSMIUM;9985;11;9982;12;9981;13;10001;10;10002;15;10004;10;9993.5;0.0
11;13200;INTARIAN_PEPPER_ROOT;24007;11;24006;11;;;24020;12;24023;20;;;24013.5;0.0
11;13300;ASH_COATED_OSMIUM;9989;15;9987;13;;;10008;10;10010;15;;;9998.5;0.0
11;13300;INTARIAN_PEPPER_ROOT;24005;12;24002;9;;;24022;25;24025;10;;;24014.0;0.0
11;13400;ASH_COATED_OSMIUM;9985;15;;;;;10001;12;;;;;9993.5;0.0
11;13400;INTARIAN_PEPPER_ROOT;24004;10;24002;11;;;24017;12;24019;12;;;24010.5;0.0
11;13500;ASH_COATED_OSMIUM;9983;11;;;;;10001;13;;;;;9992.5;0.0
11;13500;INTARIAN_PEPPER_ROOT;24012;12;24011;16;24010;11;24015;11;24017;11;24018;10;24013.5;0.0
11;13600;ASH_COATED_OSMIUM;9993;13;9990;14;;;10003;11;10005;10;;;9998.5;0.0
11;13600;INTARIAN_PEPPER_ROOT;24013;11;;;;;24022;15;;;;;24017.5;0.0
11;13700;ASH_COATED_OSMIUM;9985;12;9983;14;9980;13;10001;13;10004;14;10005;12;9993.5;0.0
11;13700;INTARIAN_PEPPER_ROOT;24005;8;;;;;24018;10;;;;;24012.0;0.0
11;13800;ASH_COATED_OSMIUM;9985;13;9982;13;9979;10;10001;15;10002;11;10005;12;9993.5;0.0
11;13800;INTARIAN_PEPPER_ROOT;24009;12;24006;8;;;24015;9;24016;23;;;24012.5;0.0
11;13900;ASH_COATED_OSMIUM;9990;15;9989;14;;;10006;3;10008;14;;;9998.5;0.0
11;13900;INTARIAN_PEPPER_ROOT;24005;12;24002;21;;;24018;11;24019;20;;;24012.0;0.0
11;14000;ASH_COATED_OSMIUM;9985;10;;;;;10001;22;;;;;9993.5;0.0
11;14000;INTARIAN_PEPPER_ROOT;24015;9;24012;15;;;24018;12;24021;9;;;24017.0;0.0
11;14100;ASH_COATED_OSMIUM;9985;11;9982;13;9981;13;10001;22;10003;11;10004;15;9993.5;0.0
11;14100;INTARIAN_PEPPER_ROOT;24014;11;;;;;24027;9;;;;;24020.5;0.0
11;14200;ASH_COATED_OSMIUM;9986;10;;;;;10002;15;;;;;9994.0;0.0
11;14200;INTARIAN_PEPPER_ROOT;24008;11;24007;11;24005;8;24020;10;24023;9;24024;10;24014.5;0.0
11;14300;ASH_COATED_OSMIUM;9989;15;9986;10;9984;20;10008;15;10009;13;10010;11;9999.0;0.0
11;14300;INTARIAN_PEPPER_ROOT;24007;11;24006;9;24004;11;24023;10;24024;12;24026;21;24015.5;0.0
11;14400;ASH_COATED_OSMIUM;9989;10;9986;14;9985;10;10007;10;10010;30;10013;12;9998.5;0.0
11;14400;INTARIAN_PEPPER_ROOT;24007;10;24004;10;;;24024;11;24027;8;;;24015.5;0.0
11;14500;ASH_COATED_OSMIUM;9984;12;9983;12;9982;10;10000;30;10003;12;10005;13;9992.5;0.0
11;14500;INTARIAN_PEPPER_ROOT;24009;4;24007;9;24004;10;24022;9;24024;11;24027;10;24015.5;0.0
11;14600;ASH_COATED_OSMIUM;9984;25;9982;10;;;10000;11;10001;15;;;9992.0;0.0
11;14600;INTARIAN_PEPPER_ROOT;24006;12;24004;10;;;24018;10;24021;10;;;24012.5;0.0
11;14700;ASH_COATED_OSMIUM;9989;15;9986;23;9983;13;10005;14;10007;9;10010;15;9997.0;0.0
11;14700;INTARIAN_PEPPER_ROOT;24009;9;24008;9;;;24022;9;24024;10;;;24015.5;0.0
11;14800;ASH_COATED_OSMIUM;9989;24;9988;12;;;10005;11;10006;15;;;9997.0;0.0
11;14800;INTARIAN_PEPPER_ROOT;24005;6;24002;11;;;24018;8;24021;10;;;24011.5;0.0
11;14900;ASH_COATED_OSMIUM;9984;10;9982;26;9979;15;10000;13;10001;13;10002;10;9992.0;0.0
11;14900;INTARIAN_PEPPER_ROOT;24009;9;24007;9;24006;25;24025;21;24028;12;24030;8;24017.0;0.0
11;15000;ASH_COATED_OSMIUM;9987;13;;;;;10006;10;;;;;9996.5;0.0
11;15000;INTARIAN_PEPPER_ROOT;24008;12;24005;9;;;24022;12;24025;10;;;24015.0;0.0
11;15100;ASH_COATED_OSMIUM;9983;11;;;;;9999;20;;;;;9991.5;0.0
11;15100;INTARIAN_PEPPER_ROOT;24014;11;24013;19;;;24025;9;24026;12;;;24020.0;0.0
11;15200;ASH_COATED_OSMIUM;9990;14;9989;12;;;10003;12;10006;11;;;9996.5;0.0
11;15200;INTARIAN_PEPPER_ROOT;24009;10;24007;11;;;24021;9;24024;9;;;24015.0;0.0
11;15300;ASH_COATED_OSMIUM;9988;13;9985;9;;;10004;11;10007;10;;;9996.0;0.0
11;15300;INTARIAN_PEPPER_ROOT;24011;10;24008;8;;;24024;10;24026;12;;;24018.0;0.0
11;15400;ASH_COATED_OSMIUM;9988;15;9987;14;;;10004;12;10005;13;;;9996.0;0.0
11;15400;INTARIAN_PEPPER_ROOT;24007;10;;;;;24019;9;;;;;24013.0;0.0
11;15500;ASH_COATED_OSMIUM;9982;11;9979;10;;;9998;11;10000;15;;;9990.0;0.0
11;15500;INTARIAN_PEPPER_ROOT;24006;16;;;;;24023;12;;;;;24015.0;0.0
11;15600;ASH_COATED_OSMIUM;9987;13;9986;11;;;10003;10;10005;12;;;9995.5;0.0
11;15600;INTARIAN_PEPPER_ROOT;24008;9;24005;15;;;24021;9;24024;11;;;24014.5;0.0
11;15700;ASH_COATED_OSMIUM;9987;12;9986;15;9983;10;10003;11;10006;14;10008;13;9995.5;0.0
11;15700;INTARIAN_PEPPER_ROOT;24014;10;24013;8;;;24025;11;24027;11;;;24020.0;0.0
11;15800;ASH_COATED_OSMIUM;9987;3;9986;12;;;10003;14;10006;10;;;9995.5;0.0
11;15800;INTARIAN_PEPPER_ROOT;24011;11;;;;;24022;8;;;;;24016.5;0.0
11;15900;ASH_COATED_OSMIUM;9987;15;9984;26;9981;10;10003;15;10006;14;10009;13;9995.5;0.0
11;15900;INTARIAN_PEPPER_ROOT;24010;12;24008;8;;;24023;8;24025;10;;;24016.5;0.0
11;16000;ASH_COATED_OSMIUM;9990;12;9989;12;;;10001;4;10002;11;;;9995.5;0.0
11;16000;INTARIAN_PEPPER_ROOT;24011;12;24008;17;;;24022;11;24025;10;;;24016.5;0.0
11;16100;ASH_COATED_OSMIUM;9982;4;;;;;9998;13;;;;;9990.0;0.0
11;16100;INTARIAN_PEPPER_ROOT;24006;15;;;;;24021;8;;;;;24014.0;0.0
11;16200;ASH_COATED_OSMIUM;9986;13;9983;15;;;10002;10;10004;10;;;9994.0;0.0
11;16200;INTARIAN_PEPPER_ROOT;24007;21;24005;9;;;24019;12;24021;16;;;24013.5;0.0
11;16300;ASH_COATED_OSMIUM;9980;15;;;;;9996;14;;;;;9988.5;0.0
11;16300;INTARIAN_PEPPER_ROOT;24007;8;24005;11;;;24020;17;24023;9;;;24013.5;0.0
11;16400;ASH_COATED_OSMIUM;9981;15;9980;11;9979;13;9997;12;9999;11;10001;5;9989.0;0.0
11;16400;INTARIAN_PEPPER_ROOT;24009;11;;;;;24021;12;;;;;24015.5;0.0
11;16500;ASH_COATED_OSMIUM;9981;14;9978;10;9977;22;9997;13;10000;12;10001;14;9989.5;0.0
11;16500;INTARIAN_PEPPER_ROOT;24014;9;;;;;24032;11;;;;;24023.5;0.0
11;16600;ASH_COATED_OSMIUM;9984;21;;;;;10005;14;;;;;9994.5;0.0
11;16600;INTARIAN_PEPPER_ROOT;24007;9;24005;11;;;24022;9;24024;11;;;24015.0;0.0
11;16700;ASH_COATED_OSMIUM;9981;14;;;;;9997;14;;;;;9989.5;0.0
11;16700;INTARIAN_PEPPER_ROOT;24010;15;24007;8;24004;9;24022;11;24024;10;24026;9;24016.5;0.0
11;16800;ASH_COATED_OSMIUM;9982;26;9981;26;;;9998;15;9999;4;;;9990.0;0.0
11;16800;INTARIAN_PEPPER_ROOT;24007;8;;;;;24023;23;;;;;24015.5;0.0
11;16900;ASH_COATED_OSMIUM;9987;24;9986;13;9985;12;10003;10;10005;10;10007;12;9995.5;0.0
11;16900;INTARIAN_PEPPER_ROOT;24009;9;24006;9;;;24022;10;24023;6;;;24015.5;0.0
11;17000;ASH_COATED_OSMIUM;9987;11;9984;11;9983;15;10003;15;10006;13;10008;11;9995.5;0.0
11;17000;INTARIAN_PEPPER_ROOT;24008;10;24006;12;24004;10;24020;12;24021;10;24023;8;24014.5;0.0
11;17100;ASH_COATED_OSMIUM;9987;23;9984;20;;;10003;30;10006;25;;;9995.5;0.0
11;17100;INTARIAN_PEPPER_ROOT;24010;8;24007;12;;;24022;12;24025;20;;;24016.0;0.0
11;17200;ASH_COATED_OSMIUM;9981;5;9978;15;;;10000;13;10003;13;;;9990.5;0.0
11;17200;INTARIAN_PEPPER_ROOT;24012;9;24010;11;24009;24;24025;15;24026;8;24027;12;24019.0;0.0
11;17300;ASH_COATED_OSMIUM;9988;15;9986;14;;;10004;15;10007;13;;;9996.5;0.0
11;17300;INTARIAN_PEPPER_ROOT;24012;9;24009;11;24008;24;24025;9;24027;18;24028;22;24019.0;0.0
11;17400;ASH_COATED_OSMIUM;9988;2;;;;;10004;15;;;;;9996.5;0.0
11;17400;INTARIAN_PEPPER_ROOT;24005;11;;;;;24025;10;;;;;24015.5;0.0
11;17500;ASH_COATED_OSMIUM;9984;15;9983;14;;;10000;12;10003;13;;;9992.5;0.0
11;17500;INTARIAN_PEPPER_ROOT;24010;17;;;;;24022;12;;;;;24016.5;0.0
11;17600;ASH_COATED_OSMIUM;9992;14;9990;14;;;10003;10;10004;10;;;9997.5;0.0
11;17600;INTARIAN_PEPPER_ROOT;24012;9;24010;12;24008;11;24024;11;24025;10;24026;12;24018.0;0.0
11;17700;ASH_COATED_OSMIUM;9985;10;9984;10;;;10001;14;10004;11;;;9993.0;0.0
11;17700;INTARIAN_PEPPER_ROOT;24014;19;24012;12;;;24028;11;24029;8;;;24021.0;0.0
11;17800;ASH_COATED_OSMIUM;9985;10;;;;;10001;15;;;;;9993.0;0.0
11;17800;INTARIAN_PEPPER_ROOT;24015;12;;;;;24026;12;;;;;24020.5;0.0
11;17900;ASH_COATED_OSMIUM;9990;30;9988;11;;;10006;14;10007;13;;;9998.5;0.0
11;17900;INTARIAN_PEPPER_ROOT;24012;8;24009;12;24006;12;24028;10;24029;11;24031;12;24020.5;0.0
11;18000;ASH_COATED_OSMIUM;9991;23;9989;13;9986;10;10007;13;10008;14;10011;21;9999.0;0.0
11;18000;INTARIAN_PEPPER_ROOT;24011;9;24010;10;24008;10;24027;12;24030;8;24033;8;24019.0;0.0
11;18100;ASH_COATED_OSMIUM;9984;14;;;;;10002;14;;;;;9993.5;0.0
11;18100;INTARIAN_PEPPER_ROOT;24014;22;24012;12;24010;11;24027;9;24030;9;24033;10;24020.5;0.0
11;18200;ASH_COATED_OSMIUM;9985;10;9983;13;;;10001;25;10003;22;;;9993.5;0.0
11;18200;INTARIAN_PEPPER_ROOT;24013;12;24011;9;;;24025;12;24028;9;;;24019.0;0.0
11;18300;ASH_COATED_OSMIUM;9984;12;9982;13;9979;14;10002;14;10005;12;10008;13;9993.5;0.0
11;18300;INTARIAN_PEPPER_ROOT;24013;8;24010;9;24008;11;24027;8;24030;9;24032;9;24020.0;0.0
11;18400;ASH_COATED_OSMIUM;9991;12;9989;12;9986;13;10007;10;10009;2;10010;14;9999.0;0.0
11;18400;INTARIAN_PEPPER_ROOT;24016;8;;;;;24020;9;;;;;24018.0;0.0
11;18500;ASH_COATED_OSMIUM;9985;15;9983;15;;;10001;15;10004;12;;;9993.5;0.0
11;18500;INTARIAN_PEPPER_ROOT;24012;9;24010;12;24007;8;24024;8;24025;22;24026;16;24018.0;0.0
11;18600;ASH_COATED_OSMIUM;9985;13;9982;11;;;10003;11;10006;10;;;9994.0;0.0
11;18600;INTARIAN_PEPPER_ROOT;24011;19;;;;;24024;11;;;;;24017.5;0.0
11;18700;ASH_COATED_OSMIUM;9985;10;;;;;10003;12;;;;;9994.0;0.0
11;18700;INTARIAN_PEPPER_ROOT;24010;10;;;;;24022;22;;;;;24016.5;0.0
11;18800;ASH_COATED_OSMIUM;9986;15;9985;30;9982;4;10002;14;10003;11;10004;12;9994.5;0.0
11;18800;INTARIAN_PEPPER_ROOT;24012;12;24010;11;;;24021;9;24022;12;;;24016.5;0.0
11;18900;ASH_COATED_OSMIUM;9989;13;9986;11;9985;15;10008;12;10009;21;10011;12;9999.0;0.0
11;18900;INTARIAN_PEPPER_ROOT;24012;9;24010;23;;;24026;21;24029;12;;;24019.5;0.0
11;19000;ASH_COATED_OSMIUM;9989;14;9986;11;;;10008;14;10009;11;;;9999.0;0.0
11;19000;INTARIAN_PEPPER_ROOT;24015;12;;;;;24028;12;;;;;24021.5;0.0
11;19100;ASH_COATED_OSMIUM;9985;10;;;;;10001;14;;;;;9993.5;0.0
11;19100;INTARIAN_PEPPER_ROOT;24013;12;24010;9;;;24026;24;24029;12;;;24019.5;0.0
11;19200;ASH_COATED_OSMIUM;9984;10;9983;15;;;10002;10;10003;13;;;9993.5;0.0
11;19200;INTARIAN_PEPPER_ROOT;24010;8;24007;9;24005;8;24024;12;24025;10;24027;18;24017.0;0.0
11;19300;ASH_COATED_OSMIUM;9988;29;9987;11;9984;14;9998;15;9999;10;10000;13;9993.5;0.0
11;19300;INTARIAN_PEPPER_ROOT;24009;9;;;;;24023;25;;;;;24016.5;0.0
11;19400;ASH_COATED_OSMIUM;9986;14;9984;11;9981;23;10002;14;10005;25;10006;10;9994.0;0.0
11;19400;INTARIAN_PEPPER_ROOT;24010;20;24007;8;24005;11;24026;11;24027;12;24030;11;24018.0;0.0
11;19500;ASH_COATED_OSMIUM;9989;10;;;;;9999;8;;;;;9994.0;0.0
11;19500;INTARIAN_PEPPER_ROOT;24014;12;;;;;24030;11;;;;;24022.0;0.0
11;19600;ASH_COATED_OSMIUM;9986;15;9983;12;9981;15;10002;11;10004;14;10005;12;9994.5;0.0
11;19600;INTARIAN_PEPPER_ROOT;24013;8;;;;;24025;10;;;;;24019.5;0.0
11;19700;ASH_COATED_OSMIUM;9986;11;9985;13;;;10002;14;10003;10;;;9994.5;0.0
11;19700;INTARIAN_PEPPER_ROOT;24010;8;24008;11;;;24026;8;24027;8;;;24018.5;0.0
11;19800;ASH_COATED_OSMIUM;9987;11;9986;15;;;10003;10;10006;15;;;9995.0;0.0
11;19800;INTARIAN_PEPPER_ROOT;24013;12;;;;;24025;12;;;;;24019.0;0.0
11;19900;ASH_COATED_OSMIUM;9992;10;9990;12;;;10008;14;10009;23;;;10000.5;0.0
11;19900;INTARIAN_PEPPER_ROOT;24013;8;24011;10;24010;12;24025;12;24026;12;24027;8;24019.0;0.0
11;20000;ASH_COATED_OSMIUM;9992;3;;;;;10008;11;;;;;10000.5;0.0
11;20000;INTARIAN_PEPPER_ROOT;24014;8;24012;18;;;24026;12;24027;11;;;24020.5;0.0
11;20100;ASH_COATED_OSMIUM;9986;13;9983;12;;;10002;15;10003;11;;;9994.5;0.0
11;20100;INTARIAN_PEPPER_ROOT;24013;12;;;;;24028;9;;;;;24021.0;0.0
11;20200;ASH_COATED_OSMIUM;9990;14;9987;27;;;10009;14;10012;13;;;10000.0;0.0
11;20200;INTARIAN_PEPPER_ROOT;24014;10;;;;;24029;10;;;;;24022.0;0.0
11;20300;ASH_COATED_OSMIUM;9992;15;9991;14;9989;14;10008;14;10011;28;10014;20;10000.5;0.0
11;20300;INTARIAN_PEPPER_ROOT;24013;8;24010;12;24009;10;24030;10;24032;11;24033;9;24021.5;0.0
11;20400;ASH_COATED_OSMIUM;9986;12;9985;23;9983;14;10004;12;10006;11;10009;15;9995.5;0.0
11;20400;INTARIAN_PEPPER_ROOT;24013;12;;;;;24030;12;;;;;24021.5;0.0
11;20500;ASH_COATED_OSMIUM;9991;13;9988;15;;;10010;11;10012;12;;;10000.5;0.0
11;20500;INTARIAN_PEPPER_ROOT;24018;16;24015;9;;;24030;10;24032;8;;;24024.5;0.0
11;20600;ASH_COATED_OSMIUM;9987;12;9986;12;;;10003;12;10005;11;;;9995.5;0.0
11;20600;INTARIAN_PEPPER_ROOT;24016;10;;;;;24028;8;;;;;24022.0;0.0
11;20700;ASH_COATED_OSMIUM;9992;11;9990;15;9988;24;10008;5;10011;10;10013;14;10000.0;0.0
11;20700;INTARIAN_PEPPER_ROOT;24012;9;;;;;24025;15;;;;;24018.5;0.0
11;20800;ASH_COATED_OSMIUM;9985;11;;;;;10004;14;;;;;9994.5;0.0
11;20800;INTARIAN_PEPPER_ROOT;24012;12;24009;11;;;24023;11;24024;11;;;24018.0;0.0
11;20900;ASH_COATED_OSMIUM;9987;13;9984;10;;;10003;10;10005;15;;;9995.5;0.0
11;20900;INTARIAN_PEPPER_ROOT;24014;9;24011;12;;;24027;21;24029;25;;;24020.5;0.0
11;21000;ASH_COATED_OSMIUM;9987;11;;;;;10003;15;;;;;9995.5;0.0
11;21000;INTARIAN_PEPPER_ROOT;24014;9;24013;11;24011;8;24029;10;24032;12;24035;12;24022.0;0.0
11;21100;ASH_COATED_OSMIUM;9988;27;9985;11;;;10004;4;10006;15;;;9996.0;0.0
11;21100;INTARIAN_PEPPER_ROOT;24014;11;;;;;24026;8;;;;;24020.0;0.0
11;21200;ASH_COATED_OSMIUM;9993;13;9992;15;;;10009;11;10010;13;;;10001.5;0.0
11;21200;INTARIAN_PEPPER_ROOT;24019;8;24017;11;;;24022;10;24024;9;;;24021.0;0.0
11;21300;ASH_COATED_OSMIUM;9986;10;9983;12;9980;21;10007;15;10010;14;10012;14;9997.0;0.0
11;21300;INTARIAN_PEPPER_ROOT;24015;9;24014;9;;;24028;9;24031;12;;;24021.5;0.0
11;21400;ASH_COATED_OSMIUM;9986;10;9985;15;9983;13;10007;15;10010;21;10011;20;9997.0;0.0
11;21400;INTARIAN_PEPPER_ROOT;24014;12;24011;8;;;24026;21;24028;8;;;24020.5;0.0
11;21500;ASH_COATED_OSMIUM;9989;14;9988;15;9985;12;10005;5;10007;10;10010;13;9997.0;0.0
11;21500;INTARIAN_PEPPER_ROOT;24019;11;24017;25;;;24030;10;24033;6;;;24024.5;0.0
11;21600;ASH_COATED_OSMIUM;9994;15;;;;;10010;11;;;;;10002.5;0.0
11;21600;INTARIAN_PEPPER_ROOT;24013;8;;;;;24026;8;;;;;24020.0;0.0
11;21700;ASH_COATED_OSMIUM;9989;11;;;;;10005;24;;;;;9997.5;0.0
11;21700;INTARIAN_PEPPER_ROOT;24014;8;24012;8;24010;18;24026;7;24029;12;24032;11;24020.5;0.0
11;21800;ASH_COATED_OSMIUM;9990;10;9988;11;9986;11;10006;14;10008;21;10010;10;9998.0;0.0
11;21800;INTARIAN_PEPPER_ROOT;24017;12;24015;23;24012;12;24030;9;24033;8;24035;10;24024.0;0.0
11;21900;ASH_COATED_OSMIUM;9996;29;9995;11;;;10012;14;10015;15;;;10004.0;0.0
11;21900;INTARIAN_PEPPER_ROOT;24014;25;24013;12;;;24028;10;24030;9;;;24021.5;0.0
11;22000;ASH_COATED_OSMIUM;9989;30;9987;10;9986;11;10008;14;10011;12;10014;25;9998.5;0.0
11;22000;INTARIAN_PEPPER_ROOT;24012;8;24010;8;;;24025;11;24026;10;;;24018.5;0.0
11;22100;ASH_COATED_OSMIUM;9991;14;9988;14;;;10007;14;10009;12;;;9999.0;0.0
11;22100;INTARIAN_PEPPER_ROOT;24018;8;;;;;24030;11;;;;;24024.0;0.0
11;22200;ASH_COATED_OSMIUM;9994;30;;;;;10013;11;;;;;10004.0;0.0
11;22200;INTARIAN_PEPPER_ROOT;24013;12;;;;;24028;11;;;;;24020.5;0.0
11;22300;ASH_COATED_OSMIUM;9995;13;9992;11;9991;11;10013;12;10014;26;10015;14;10004.0;0.0
11;22300;INTARIAN_PEPPER_ROOT;24016;9;24014;9;24012;25;24028;10;24030;8;24031;8;24022.5;0.0
11;22400;ASH_COATED_OSMIUM;9990;14;;;;;10006;24;;;;;9998.5;0.0
11;22400;INTARIAN_PEPPER_ROOT;24014;12;;;;;24027;5;;;;;24020.5;0.0
11;22500;ASH_COATED_OSMIUM;9989;11;9988;13;;;10008;10;10009;11;;;9999.0;0.0
11;22500;INTARIAN_PEPPER_ROOT;24016;11;24013;25;;;24030;10;24032;10;;;24023.0;0.0
11;22600;ASH_COATED_OSMIUM;9990;11;9988;2;9985;21;10006;10;10008;13;10010;10;9998.5;0.0
11;22600;INTARIAN_PEPPER_ROOT;24015;12;24013;11;24012;9;24028;24;24030;9;24033;8;24022.0;0.0
11;22700;ASH_COATED_OSMIUM;9995;25;9992;14;9990;12;10011;10;10012;15;10015;12;10003.5;0.0
11;22700;INTARIAN_PEPPER_ROOT;24018;8;;;;;24029;8;;;;;24024.0;0.0
11;22800;ASH_COATED_OSMIUM;9987;10;9985;26;;;10008;7;10009;13;;;9998.0;0.0
11;22800;INTARIAN_PEPPER_ROOT;24014;12;24013;10;24010;8;24028;11;24031;19;24032;11;24021.5;0.0
11;22900;ASH_COATED_OSMIUM;9995;11;9992;13;;;10011;10;10014;13;;;10003.5;0.0
11;22900;INTARIAN_PEPPER_ROOT;24018;22;24017;8;;;24030;10;24031;8;;;24024.0;0.0
11;23000;ASH_COATED_OSMIUM;9995;11;9992;15;9989;14;10011;23;10014;21;10017;15;10003.5;0.0
11;23000;INTARIAN_PEPPER_ROOT;24018;9;24016;11;24013;11;24033;8;24036;16;24038;23;24026.0;0.0
11;23100;ASH_COATED_OSMIUM;9990;25;;;;;10006;14;;;;;9998.5;0.0
11;23100;INTARIAN_PEPPER_ROOT;24018;19;24015;10;;;24029;8;24031;11;;;24023.5;0.0
11;23200;ASH_COATED_OSMIUM;9989;15;9986;14;9984;12;10007;10;10010;10;10012;15;9998.0;0.0
11;23200;INTARIAN_PEPPER_ROOT;24018;12;24016;12;;;24029;11;24030;10;;;24024.0;0.0
11;23300;ASH_COATED_OSMIUM;9995;11;9993;11;;;10011;15;10012;13;;;10003.0;0.0
11;23300;INTARIAN_PEPPER_ROOT;24018;12;;;;;24030;15;;;;;24024.5;0.0
11;23400;ASH_COATED_OSMIUM;9995;28;;;;;10011;12;;;;;10003.0;0.0
11;23400;INTARIAN_PEPPER_ROOT;24016;18;24014;10;24013;12;24028;12;24030;10;24033;10;24022.0;0.0
11;23500;ASH_COATED_OSMIUM;9990;10;;;;;10006;15;;;;;9998.0;0.0
11;23500;INTARIAN_PEPPER_ROOT;24013;11;;;;;24025;11;;;;;24019.5;0.0
11;23600;ASH_COATED_OSMIUM;10000;11;9997;15;;;10006;11;10007;11;;;10003.5;0.0
11;23600;INTARIAN_PEPPER_ROOT;24022;17;24019;10;;;24028;11;24031;20;;;24025.0;0.0
11;23700;ASH_COATED_OSMIUM;9994;10;9992;26;;;10013;14;10015;15;;;10003.5;0.0
11;23700;INTARIAN_PEPPER_ROOT;24016;20;24014;11;;;24030;9;24033;10;;;24023.0;0.0
11;23800;ASH_COATED_OSMIUM;9990;14;;;;;10006;11;;;;;9998.5;0.0
11;23800;INTARIAN_PEPPER_ROOT;24018;12;;;;;24032;10;;;;;24025.5;0.0
11;23900;ASH_COATED_OSMIUM;9999;9;;;;;10008;15;;;;;10004.0;0.0
11;23900;INTARIAN_PEPPER_ROOT;24015;12;;;;;24027;12;;;;;24021.0;0.0
11;24000;ASH_COATED_OSMIUM;9995;28;;;;;10011;29;;;;;10003.5;0.0
11;24000;INTARIAN_PEPPER_ROOT;24014;9;24013;10;;;24026;12;24027;16;;;24020.0;0.0
11;24100;ASH_COATED_OSMIUM;9998;11;9997;14;;;10009;10;10010;14;;;10004.0;0.0
11;24100;INTARIAN_PEPPER_ROOT;24017;24;;;;;24029;9;;;;;24023.5;0.0
11;24200;ASH_COATED_OSMIUM;9990;12;;;;;10006;10;;;;;9998.0;0.0
11;24200;INTARIAN_PEPPER_ROOT;24016;10;;;;;24030;9;;;;;24023.0;0.0
11;24300;ASH_COATED_OSMIUM;9990;10;;;;;10006;14;;;;;9998.0;0.0
11;24300;INTARIAN_PEPPER_ROOT;24014;8;;;;;24030;9;;;;;24022.0;0.0
11;24400;ASH_COATED_OSMIUM;9995;28;;;;;10013;24;;;;;10004.0;0.0
11;24400;INTARIAN_PEPPER_ROOT;24018;8;24016;10;24014;11;24032;10;24033;24;24034;10;24025.0;0.0
11;24500;ASH_COATED_OSMIUM;9991;10;;;;;10007;6;;;;;9999.0;0.0
11;24500;INTARIAN_PEPPER_ROOT;24015;10;24012;10;24011;15;24031;11;24033;9;24035;11;24023.5;0.0
11;24600;ASH_COATED_OSMIUM;9990;12;;;;;10006;10;;;;;9998.0;0.0
11;24600;INTARIAN_PEPPER_ROOT;24017;11;24014;8;;;24031;11;24033;11;;;24024.5;0.0
11;24700;ASH_COATED_OSMIUM;9996;14;9993;10;;;10012;12;10015;10;;;10004.5;0.0
11;24700;INTARIAN_PEPPER_ROOT;24018;19;24017;11;24015;11;24031;24;24034;10;24037;9;24025.0;0.0
11;24800;ASH_COATED_OSMIUM;9995;2;9992;15;;;10011;13;10014;23;;;10003.0;0.0
11;24800;INTARIAN_PEPPER_ROOT;24019;12;;;;;24032;12;;;;;24026.0;0.0
11;24900;ASH_COATED_OSMIUM;9995;26;;;;;10011;11;;;;;10003.0;0.0
11;24900;INTARIAN_PEPPER_ROOT;24016;11;24014;10;24011;7;24032;8;24035;18;24036;22;24024.5;0.0
11;25000;ASH_COATED_OSMIUM;9990;20;9987;10;9984;10;10006;11;10007;11;10008;13;9998.0;0.0
11;25000;INTARIAN_PEPPER_ROOT;24016;12;24013;8;24010;9;24030;11;24032;25;24035;8;24023.0;0.0
11;25100;ASH_COATED_OSMIUM;9990;24;;;;;10006;11;;;;;9998.5;0.0
11;25100;INTARIAN_PEPPER_ROOT;24022;12;24020;12;24019;8;24033;10;24035;8;24038;11;24028.0;0.0
11;25200;ASH_COATED_OSMIUM;9990;12;;;;;10006;22;;;;;9998.0;0.0
11;25200;INTARIAN_PEPPER_ROOT;24017;12;24015;10;;;24032;12;24034;11;;;24025.0;0.0
11;25300;ASH_COATED_OSMIUM;9994;20;;;;;10003;11;;;;;9998.5;0.0
11;25300;INTARIAN_PEPPER_ROOT;24022;25;24019;12;;;24035;9;24038;12;;;24029.0;0.0
11;25400;ASH_COATED_OSMIUM;9990;25;9989;21;;;10006;12;10009;11;;;9998.0;0.0
11;25400;INTARIAN_PEPPER_ROOT;24016;11;24014;8;24013;8;24029;9;24030;10;24033;9;24023.0;0.0
11;25500;ASH_COATED_OSMIUM;9990;12;9988;14;9987;10;10006;29;10009;13;10011;12;9998.0;0.0
11;25500;INTARIAN_PEPPER_ROOT;24019;10;24016;10;;;24033;8;24034;6;;;24026.5;0.0
11;25600;ASH_COATED_OSMIUM;9994;10;9991;11;9988;11;10012;12;10013;5;10014;3;10003.5;0.0
11;25600;INTARIAN_PEPPER_ROOT;24019;8;24017;11;;;24032;8;24034;24;;;24025.5;0.0
11;25700;ASH_COATED_OSMIUM;9994;10;;;;;10012;12;;;;;10003.0;0.0
11;25700;INTARIAN_PEPPER_ROOT;24020;10;;;;;24036;11;;;;;24028.5;0.0
11;25800;ASH_COATED_OSMIUM;9990;12;;;;;10006;12;;;;;9998.0;0.0
11;25800;INTARIAN_PEPPER_ROOT;24018;25;24016;11;24013;9;24032;9;24035;12;24038;8;24025.5;0.0
11;25900;ASH_COATED_OSMIUM;9995;26;;;;;10011;13;;;;;10003.5;0.0
11;25900;INTARIAN_PEPPER_ROOT;24019;8;24017;10;24014;19;24033;12;24036;11;24039;8;24026.0;0.0
11;26000;ASH_COATED_OSMIUM;9990;29;9988;12;;;10006;10;10009;11;;;9998.0;0.0
11;26000;INTARIAN_PEPPER_ROOT;24019;11;24018;10;24017;10;24031;11;24032;9;24035;8;24025.0;0.0
11;26100;ASH_COATED_OSMIUM;9989;13;;;;;10005;12;;;;;9997.5;0.0
11;26100;INTARIAN_PEPPER_ROOT;24022;12;24021;12;24019;11;24035;9;24038;9;24041;8;24028.5;0.0
11;26200;ASH_COATED_OSMIUM;9988;12;;;;;10006;12;;;;;9997.5;0.0
11;26200;INTARIAN_PEPPER_ROOT;24020;12;24017;9;;;24034;25;24037;11;;;24027.0;0.0
11;26300;ASH_COATED_OSMIUM;9996;4;;;;;10012;29;;;;;10004.5;0.0
11;26300;INTARIAN_PEPPER_ROOT;24017;8;24015;9;;;24032;8;24034;10;;;24025.0;0.0
11;26400;ASH_COATED_OSMIUM;9997;14;9994;15;;;10013;14;10015;14;;;10005.0;0.0
11;26400;INTARIAN_PEPPER_ROOT;24019;9;24018;9;24015;12;24036;11;24037;11;24040;9;24028.0;0.0
11;26500;ASH_COATED_OSMIUM;9991;11;9989;30;9986;10;10007;12;10010;15;10013;10;9999.5;0.0
11;26500;INTARIAN_PEPPER_ROOT;24019;10;24018;8;;;24031;8;24033;11;;;24025.0;0.0
11;26600;ASH_COATED_OSMIUM;9997;15;;;;;10013;12;;;;;10005.0;0.0
11;26600;INTARIAN_PEPPER_ROOT;24016;8;24014;9;;;24032;10;24035;8;;;24024.5;0.0
11;26700;ASH_COATED_OSMIUM;9996;13;9995;10;9993;12;10012;10;10013;4;10016;14;10004.5;0.0
11;26700;INTARIAN_PEPPER_ROOT;24020;10;;;;;24033;11;;;;;24027.0;0.0
11;26800;ASH_COATED_OSMIUM;9995;14;;;;;10014;8;;;;;10004.5;0.0
11;26800;INTARIAN_PEPPER_ROOT;24023;7;24021;12;;;24035;15;24038;8;;;24029.0;0.0
11;26900;ASH_COATED_OSMIUM;9996;12;9995;15;;;10012;20;10014;12;;;10004.5;0.0
11;26900;INTARIAN_PEPPER_ROOT;24019;11;24018;12;;;24031;9;24032;8;;;24025.5;0.0
11;27000;ASH_COATED_OSMIUM;9991;11;;;;;10007;15;;;;;9999.5;0.0
11;27000;INTARIAN_PEPPER_ROOT;24021;9;;;;;24036;9;;;;;24028.5;0.0
11;27100;ASH_COATED_OSMIUM;9991;21;9988;10;9986;11;10009;10;10011;20;10013;11;10000.0;0.0
11;27100;INTARIAN_PEPPER_ROOT;24027;8;;;;;24029;25;;;;;24028.5;0.0
11;27200;ASH_COATED_OSMIUM;9992;14;;;;;10008;15;;;;;10000.0;0.0
11;27200;INTARIAN_PEPPER_ROOT;24024;22;24023;9;24020;10;24037;11;24040;10;24042;10;24030.5;0.0
11;27300;ASH_COATED_OSMIUM;9990;12;;;;;10009;30;;;;;10000.0;0.0
11;27300;INTARIAN_PEPPER_ROOT;24023;12;;;;;24038;10;;;;;24030.5;0.0
11;27400;ASH_COATED_OSMIUM;10001;10;9998;23;;;10010;10;10011;14;;;10005.5;0.0
11;27400;INTARIAN_PEPPER_ROOT;24030;12;;;;;24033;11;;;;;24031.5;0.0
11;27500;ASH_COATED_OSMIUM;9992;13;9990;20;;;10008;10;10010;13;;;10000.0;0.0
11;27500;INTARIAN_PEPPER_ROOT;24021;21;;;;;24032;8;;;;;24026.5;0.0
11;27600;ASH_COATED_OSMIUM;9997;12;9994;15;9991;10;10013;15;10014;10;10016;13;10005.0;0.0
11;27600;INTARIAN_PEPPER_ROOT;24024;16;;;;;24036;19;;;;;24030.5;0.0
11;27700;ASH_COATED_OSMIUM;9995;10;9993;12;9990;11;10014;12;10016;22;10017;12;10005.0;0.0
11;27700;INTARIAN_PEPPER_ROOT;24021;10;24019;10;;;24036;12;24037;9;;;24029.0;0.0
11;27800;ASH_COATED_OSMIUM;9991;10;9990;25;9987;4;10007;15;10010;13;10011;25;9999.5;0.0
11;27800;INTARIAN_PEPPER_ROOT;24018;11;;;;;24032;12;;;;;24025.5;0.0
11;27900;ASH_COATED_OSMIUM;9991;12;9988;15;;;10007;11;10009;12;;;9999.0;0.0
11;27900;INTARIAN_PEPPER_ROOT;24025;11;24023;9;;;24040;12;24041;8;;;24032.5;0.0
11;28000;ASH_COATED_OSMIUM;9996;15;9995;12;;;10012;5;10014;15;;;10004.5;0.0
11;28000;INTARIAN_PEPPER_ROOT;24018;11;;;;;24035;8;;;;;24026.5;0.0
11;28100;ASH_COATED_OSMIUM;9996;22;9995;14;9994;14;10012;12;10014;15;10015;12;10004.5;0.0
11;28100;INTARIAN_PEPPER_ROOT;24020;12;24019;18;24017;9;24033;8;24034;18;24036;11;24027.0;0.0
11;28200;ASH_COATED_OSMIUM;9996;12;;;;;10002;4;;;;;9999.5;0.0
11;28200;INTARIAN_PEPPER_ROOT;24023;12;;;;;24035;9;;;;;24029.5;0.0
11;28300;ASH_COATED_OSMIUM;9991;10;9990;12;9988;12;10007;23;10009;14;10011;25;9999.5;0.0
11;28300;INTARIAN_PEPPER_ROOT;24022;8;;;;;24034;12;;;;;24028.0;0.0
11;28400;ASH_COATED_OSMIUM;9991;10;9989;12;;;10007;25;10009;14;;;9999.5;0.0
11;28400;INTARIAN_PEPPER_ROOT;24019;11;24018;9;;;24033;9;24034;25;;;24026.0;0.0
11;28500;ASH_COATED_OSMIUM;9996;13;9993;13;;;10012;13;10015;22;;;10004.5;0.0
11;28500;INTARIAN_PEPPER_ROOT;24024;10;24023;11;;;24035;12;24038;10;;;24029.5;0.0
11;28600;ASH_COATED_OSMIUM;9993;14;9991;15;;;10014;11;10017;11;;;10004.0;0.0
11;28600;INTARIAN_PEPPER_ROOT;24021;8;24019;9;24017;20;24035;8;24038;11;24041;8;24028.5;0.0
11;28700;ASH_COATED_OSMIUM;9990;28;;;;;10006;9;;;;;9998.5;0.0
11;28700;INTARIAN_PEPPER_ROOT;24025;22;24022;9;;;24039;12;24041;12;;;24032.0;0.0
11;28800;ASH_COATED_OSMIUM;9996;10;9993;12;9990;14;10012;12;10014;14;10017;14;10004.0;0.0
11;28800;INTARIAN_PEPPER_ROOT;24021;12;;;;;24037;12;;;;;24029.5;0.0
11;28900;ASH_COATED_OSMIUM;9993;13;9991;14;;;10012;13;10013;11;;;10003.0;0.0
11;28900;INTARIAN_PEPPER_ROOT;24025;12;24022;22;;;24037;25;24039;11;;;24031.0;0.0
11;29000;ASH_COATED_OSMIUM;9995;25;9993;26;9990;13;10011;3;10012;15;10013;12;10003.5;0.0
11;29000;INTARIAN_PEPPER_ROOT;24025;12;;;;;24038;12;;;;;24031.5;0.0
11;29100;ASH_COATED_OSMIUM;9990;14;9987;15;;;10006;12;10009;13;;;9998.5;0.0
11;29100;INTARIAN_PEPPER_ROOT;24021;8;24020;10;24017;9;24034;19;24037;9;24040;11;24028.0;0.0
11;29200;ASH_COATED_OSMIUM;9990;14;9987;27;;;10006;13;10009;20;;;9998.0;0.0
11;29200;INTARIAN_PEPPER_ROOT;24024;22;;;;;24037;8;;;;;24030.5;0.0
11;29300;ASH_COATED_OSMIUM;9989;14;9986;12;9983;23;10008;12;10009;25;10012;10;9998.5;0.0
11;29300;INTARIAN_PEPPER_ROOT;24027;12;24026;10;24025;11;24032;8;24034;11;24037;25;24030.0;0.0
11;29400;ASH_COATED_OSMIUM;9994;14;;;;;10013;12;;;;;10004.0;0.0
11;29400;INTARIAN_PEPPER_ROOT;24022;8;24021;11;;;24035;15;24036;8;;;24029.0;0.0
11;29500;ASH_COATED_OSMIUM;9996;15;9995;12;;;10012;13;10014;14;;;10004.0;0.0
11;29500;INTARIAN_PEPPER_ROOT;24023;8;;;;;24038;10;;;;;24030.5;0.0
11;29600;ASH_COATED_OSMIUM;9996;11;9993;28;;;10012;12;10014;29;;;10004.5;0.0
11;29600;INTARIAN_PEPPER_ROOT;24023;12;24020;9;24018;9;24036;11;24039;10;24042;12;24030.0;0.0
11;29700;ASH_COATED_OSMIUM;9990;11;9987;11;;;10008;14;10009;14;;;9999.5;0.0
11;29700;INTARIAN_PEPPER_ROOT;24026;20;24023;23;;;24037;10;24039;8;;;24032.0;0.0
11;29800;ASH_COATED_OSMIUM;9996;13;9994;13;;;10002;14;10004;12;;;9999.0;0.0
11;29800;INTARIAN_PEPPER_ROOT;24020;8;24017;12;24016;9;24033;9;24035;10;24036;9;24026.5;0.0
11;29900;ASH_COATED_OSMIUM;9996;14;9995;26;;;10012;11;10013;11;;;10004.5;0.0
11;29900;INTARIAN_PEPPER_ROOT;24023;22;;;;;24035;16;;;;;24029.5;0.0
11;30000;ASH_COATED_OSMIUM;9995;15;;;;;10014;13;;;;;10004.5;0.0
11;30000;INTARIAN_PEPPER_ROOT;24023;17;24020;8;;;24036;11;24037;12;;;24030.0;0.0
11;30100;ASH_COATED_OSMIUM;9991;3;9990;14;9989;26;10007;11;10009;15;10011;20;9999.5;0.0
11;30100;INTARIAN_PEPPER_ROOT;24023;8;;;;;24035;8;;;;;24029.5;0.0
11;30200;ASH_COATED_OSMIUM;9997;10;9995;29;;;10013;12;10016;14;;;10005.0;0.0
11;30200;INTARIAN_PEPPER_ROOT;24024;9;;;;;24037;23;;;;;24030.5;0.0
11;30300;ASH_COATED_OSMIUM;9990;12;;;;;10009;10;;;;;10000.0;0.0
11;30300;INTARIAN_PEPPER_ROOT;24023;8;24021;12;24020;8;24039;8;24041;10;24042;8;24031.5;0.0
11;30400;ASH_COATED_OSMIUM;9990;10;9988;12;;;10009;10;10012;21;;;9999.5;0.0
11;30400;INTARIAN_PEPPER_ROOT;24021;10;24019;11;;;24033;10;24035;10;;;24027.0;0.0
11;30500;ASH_COATED_OSMIUM;9991;13;9988;14;;;10007;30;10008;10;;;9999.5;0.0
11;30500;INTARIAN_PEPPER_ROOT;24025;9;;;;;24038;22;;;;;24031.5;0.0
11;30600;ASH_COATED_OSMIUM;9995;15;;;;;10014;15;;;;;10004.5;0.0
11;30600;INTARIAN_PEPPER_ROOT;24023;10;24022;11;;;24035;12;24036;8;;;24029.5;0.0
11;30700;ASH_COATED_OSMIUM;9996;27;;;;;10012;20;;;;;10004.5;0.0
11;30700;INTARIAN_PEPPER_ROOT;24023;11;24021;11;24019;10;24037;18;24038;11;24040;10;24030.0;0.0
11;30800;ASH_COATED_OSMIUM;10000;22;9998;14;9996;2;10006;12;10009;14;10012;20;10003.5;0.0
11;30800;INTARIAN_PEPPER_ROOT;24018;8;24017;11;24015;9;24035;9;24038;16;24041;9;24026.5;0.0
11;30900;ASH_COATED_OSMIUM;9994;11;;;;;10010;15;;;;;10002.0;0.0
11;30900;INTARIAN_PEPPER_ROOT;24027;11;24025;8;24023;12;24043;12;24044;17;24046;10;24035.5;0.0
11;31000;ASH_COATED_OSMIUM;9987;15;;;;;10005;28;;;;;9996.5;0.0
11;31000;INTARIAN_PEPPER_ROOT;24024;8;;;;;24037;8;;;;;24031.0;0.0
11;31100;ASH_COATED_OSMIUM;9988;12;9987;22;;;10004;15;10005;15;;;9996.5;0.0
11;31100;INTARIAN_PEPPER_ROOT;24024;20;;;;;24038;8;;;;;24031.0;0.0
11;31200;ASH_COATED_OSMIUM;9997;15;9995;23;;;10007;11;10009;10;;;10002.0;0.0
11;31200;INTARIAN_PEPPER_ROOT;24023;8;;;;;24035;9;;;;;24029.5;0.0
11;31300;ASH_COATED_OSMIUM;9997;15;9994;10;9993;10;10007;10;10010;13;10012;26;10002.0;0.0
11;31300;INTARIAN_PEPPER_ROOT;24026;12;24023;8;24020;9;24038;10;24039;8;24040;11;24032.0;0.0
11;31400;ASH_COATED_OSMIUM;9994;12;9991;10;9988;12;10010;12;10011;10;10012;11;10002.5;0.0
11;31400;INTARIAN_PEPPER_ROOT;24025;12;24023;11;;;24037;8;24040;8;;;24031.0;0.0
11;31500;ASH_COATED_OSMIUM;9994;14;9993;28;9992;10;10010;12;10013;27;10016;15;10002.5;0.0
11;31500;INTARIAN_PEPPER_ROOT;24026;10;24025;19;;;24037;18;24038;19;;;24032.0;0.0
11;31600;ASH_COATED_OSMIUM;9989;14;9988;15;;;10005;12;10008;12;;;9997.5;0.0
11;31600;INTARIAN_PEPPER_ROOT;24026;9;24024;12;;;24039;20;24041;12;;;24033.0;0.0
11;31700;ASH_COATED_OSMIUM;9994;15;9992;14;;;10010;10;10013;15;;;10002.0;0.0
11;31700;INTARIAN_PEPPER_ROOT;24024;12;24023;21;;;24038;11;24040;9;;;24031.0;0.0
11;31800;ASH_COATED_OSMIUM;9988;14;9987;12;;;10004;12;10007;30;;;9996.5;0.0
11;31800;INTARIAN_PEPPER_ROOT;24025;8;;;;;24039;10;;;;;24032.0;0.0
11;31900;ASH_COATED_OSMIUM;9993;5;9991;15;9988;11;10011;15;10013;12;10016;24;10002.5;0.0
11;31900;INTARIAN_PEPPER_ROOT;24027;8;24025;8;24024;11;24041;8;24043;10;24044;9;24034.0;0.0
11;32000;ASH_COATED_OSMIUM;9988;15;9987;12;;;10004;13;10007;14;;;9996.5;0.0
11;32000;INTARIAN_PEPPER_ROOT;24026;12;24024;10;;;24041;8;24043;8;;;24034.0;0.0
11;32100;ASH_COATED_OSMIUM;9987;25;;;;;10005;5;;;;;9996.0;0.0
11;32100;INTARIAN_PEPPER_ROOT;24028;9;24026;10;24023;12;24041;10;24044;11;24045;11;24035.0;0.0
11;32200;ASH_COATED_OSMIUM;9988;14;;;;;10004;15;;;;;9996.5;0.0
11;32200;INTARIAN_PEPPER_ROOT;24026;10;24025;8;;;24038;12;24039;8;;;24032.0;0.0
11;32300;ASH_COATED_OSMIUM;9989;13;;;;;10005;14;;;;;9997.0;0.0
11;32300;INTARIAN_PEPPER_ROOT;24022;8;;;;;24038;10;;;;;24030.5;0.0
11;32400;ASH_COATED_OSMIUM;9993;12;9991;15;9990;13;10011;10;10012;15;10013;11;10002.0;0.0
11;32400;INTARIAN_PEPPER_ROOT;24022;8;24021;12;24018;9;24042;11;24044;12;24046;19;24032.0;0.0
11;32500;ASH_COATED_OSMIUM;9987;11;9986;15;9983;11;10005;10;10006;13;10007;21;9996.5;0.0
11;32500;INTARIAN_PEPPER_ROOT;24027;9;;;;;24040;12;;;;;24033.5;0.0
11;32600;ASH_COATED_OSMIUM;9991;10;9989;15;9987;22;10001;9;10003;15;10004;10;9996.5;0.0
11;32600;INTARIAN_PEPPER_ROOT;24026;11;24023;12;24022;11;24034;9;24035;12;24036;8;24030.5;0.0
11;32700;ASH_COATED_OSMIUM;9993;14;9992;11;9991;15;10009;11;10012;14;10015;28;10001.5;0.0
11;32700;INTARIAN_PEPPER_ROOT;24026;8;24025;25;24022;10;24037;25;24039;8;24041;8;24031.5;0.0
11;32800;ASH_COATED_OSMIUM;9994;11;9991;11;;;10010;15;10012;10;;;10002.0;0.0
11;32800;INTARIAN_PEPPER_ROOT;24026;8;;;;;24038;12;;;;;24032.0;0.0
11;32900;ASH_COATED_OSMIUM;9988;11;9986;12;;;10004;15;10005;13;;;9996.5;0.0
11;32900;INTARIAN_PEPPER_ROOT;24031;10;24029;9;;;24043;9;24045;12;;;24037.0;0.0
11;33000;ASH_COATED_OSMIUM;9988;11;;;;;10004;24;;;;;9996.5;0.0
11;33000;INTARIAN_PEPPER_ROOT;24028;12;24027;8;24026;12;24040;23;24041;8;24044;9;24034.0;0.0
11;33100;ASH_COATED_OSMIUM;9994;11;9992;14;9990;11;10010;12;10012;29;10013;14;10002.0;0.0
11;33100;INTARIAN_PEPPER_ROOT;24027;12;24024;11;;;24037;10;24038;11;;;24032.0;0.0
11;33200;ASH_COATED_OSMIUM;9988;28;;;;;10004;10;;;;;9996.5;0.0
11;33200;INTARIAN_PEPPER_ROOT;24027;10;;;;;24039;8;;;;;24033.5;0.0
11;33300;ASH_COATED_OSMIUM;9987;12;9984;13;;;10005;10;10006;15;;;9996.0;0.0
11;33300;INTARIAN_PEPPER_ROOT;24034;11;;;;;24036;11;;;;;24035.5;0.0
11;33400;ASH_COATED_OSMIUM;9988;15;;;;;10004;20;;;;;9996.5;0.0
11;33400;INTARIAN_PEPPER_ROOT;24034;8;24033;11;;;24037;22;24040;8;;;24036.0;0.0
11;33500;ASH_COATED_OSMIUM;9988;14;;;;;10004;14;;;;;9996.0;0.0
11;33500;INTARIAN_PEPPER_ROOT;24025;12;24022;12;24021;9;24037;21;24040;10;24043;10;24031.0;0.0
11;33600;ASH_COATED_OSMIUM;9993;10;9992;13;;;10009;13;10010;11;;;10001.5;0.0
11;33600;INTARIAN_PEPPER_ROOT;24025;12;;;;;24039;16;;;;;24032.0;0.0
11;33700;ASH_COATED_OSMIUM;9993;12;9990;24;;;10009;14;10012;20;;;10001.5;0.0
11;33700;INTARIAN_PEPPER_ROOT;24029;20;24026;24;;;24043;12;24044;10;;;24036.5;0.0
11;33800;ASH_COATED_OSMIUM;9987;12;9985;14;;;10005;30;10007;12;;;9996.5;0.0
11;33800;INTARIAN_PEPPER_ROOT;24026;9;24025;8;;;24039;19;24042;10;;;24032.5;0.0
11;33900;ASH_COATED_OSMIUM;9993;13;;;;;10009;13;;;;;10001.5;0.0
11;33900;INTARIAN_PEPPER_ROOT;24028;12;24025;12;;;24040;9;24041;11;;;24034.0;0.0
11;34000;ASH_COATED_OSMIUM;9987;12;;;;;10003;26;;;;;9995.0;0.0
11;34000;INTARIAN_PEPPER_ROOT;24024;25;24022;9;24019;11;24036;11;24038;25;24040;9;24030.5;0.0
11;34100;ASH_COATED_OSMIUM;9985;13;9984;13;;;10004;11;10007;11;;;9994.5;0.0
11;34100;INTARIAN_PEPPER_ROOT;24032;10;24031;8;;;24043;11;24044;9;;;24037.5;0.0
11;34200;ASH_COATED_OSMIUM;9994;11;9991;13;;;10004;14;10006;11;;;9999.5;0.0
11;34200;INTARIAN_PEPPER_ROOT;24025;10;24024;10;;;24044;20;24046;9;;;24035.0;0.0
11;34300;ASH_COATED_OSMIUM;9992;12;9990;15;;;10008;15;10009;10;;;10000.0;0.0
11;34300;INTARIAN_PEPPER_ROOT;24027;21;;;;;24038;8;;;;;24033.0;0.0
11;34400;ASH_COATED_OSMIUM;9986;10;9984;24;;;10002;15;10003;20;;;9994.5;0.0
11;34400;INTARIAN_PEPPER_ROOT;24030;12;24029;22;24026;11;24041;22;24044;8;24047;8;24036.0;0.0
11;34500;ASH_COATED_OSMIUM;9995;10;9993;10;9990;15;10005;4;10006;14;10007;11;10000.0;0.0
11;34500;INTARIAN_PEPPER_ROOT;24027;10;24025;10;;;24039;10;24040;10;;;24033.5;0.0
11;34600;ASH_COATED_OSMIUM;9986;11;9985;11;;;10002;11;10005;15;;;9994.5;0.0
11;34600;INTARIAN_PEPPER_ROOT;24031;9;;;;;24043;8;;;;;24037.0;0.0
11;34700;ASH_COATED_OSMIUM;9990;5;9987;11;;;10009;27;10011;11;;;10000.0;0.0
11;34700;INTARIAN_PEPPER_ROOT;24027;10;;;;;24039;23;;;;;24033.5;0.0
11;34800;ASH_COATED_OSMIUM;9986;15;9984;12;;;10002;25;10003;14;;;9994.5;0.0
11;34800;INTARIAN_PEPPER_ROOT;24029;11;24027;8;;;24045;8;24048;10;;;24037.0;0.0
11;34900;ASH_COATED_OSMIUM;9992;30;;;;;10008;26;;;;;10000.0;0.0
11;34900;INTARIAN_PEPPER_ROOT;24030;21;;;;;24042;10;;;;;24036.5;0.0
11;35000;ASH_COATED_OSMIUM;9987;15;9984;13;9983;15;10003;15;10006;11;10009;12;9995.0;0.0
11;35000;INTARIAN_PEPPER_ROOT;24031;8;;;;;24044;9;;;;;24037.5;0.0
11;35100;ASH_COATED_OSMIUM;9985;12;;;;;10004;11;;;;;9995.0;0.0
11;35100;INTARIAN_PEPPER_ROOT;24031;10;24030;11;;;24044;9;24046;11;;;24037.5;0.0
11;35200;ASH_COATED_OSMIUM;9992;15;;;;;10008;28;;;;;10000.0;0.0
11;35200;INTARIAN_PEPPER_ROOT;24027;22;24024;8;24023;8;24039;10;24041;9;24042;8;24033.5;0.0
11;35300;ASH_COATED_OSMIUM;9989;20;9988;11;;;9999;4;10000;21;;;9994.0;0.0
11;35300;INTARIAN_PEPPER_ROOT;24027;9;24026;12;24023;11;24041;10;24043;8;24044;10;24034.0;0.0
11;35400;ASH_COATED_OSMIUM;9991;13;9989;11;9988;29;10007;28;10010;12;10013;12;9999.0;0.0
11;35400;INTARIAN_PEPPER_ROOT;24028;12;24027;12;;;24041;12;24043;9;;;24034.5;0.0
11;35500;ASH_COATED_OSMIUM;9995;15;;;;;10002;11;;;;;9999.0;0.0
11;35500;INTARIAN_PEPPER_ROOT;24029;12;24028;9;;;24041;12;24042;8;;;24035.0;0.0
11;35600;ASH_COATED_OSMIUM;9986;13;9984;13;;;10002;13;10005;14;;;9994.5;0.0
11;35600;INTARIAN_PEPPER_ROOT;24030;11;24027;12;;;24047;11;24049;9;;;24038.5;0.0
11;35700;ASH_COATED_OSMIUM;9991;14;;;;;10009;2;;;;;10000.5;0.0
11;35700;INTARIAN_PEPPER_ROOT;24028;8;24026;10;;;24040;12;24041;12;;;24034.0;0.0
11;35800;ASH_COATED_OSMIUM;9991;14;;;;;10010;12;;;;;10000.5;0.0
11;35800;INTARIAN_PEPPER_ROOT;24031;11;24029;11;24028;9;24043;11;24044;10;24047;11;24037.5;0.0
11;35900;ASH_COATED_OSMIUM;9988;12;9986;14;9983;24;10004;14;10005;14;10008;8;9996.0;0.0
11;35900;INTARIAN_PEPPER_ROOT;24030;12;24027;16;;;24042;11;24043;11;;;24036.5;0.0
11;36000;ASH_COATED_OSMIUM;9987;12;9984;10;9982;14;10003;12;10006;11;10008;13;9995.5;0.0
11;36000;INTARIAN_PEPPER_ROOT;24031;8;;;;;24045;8;;;;;24038.0;0.0
11;36100;ASH_COATED_OSMIUM;9987;22;;;;;10003;14;;;;;9995.0;0.0
11;36100;INTARIAN_PEPPER_ROOT;24026;20;24024;12;24021;11;24043;7;24045;9;24046;21;24034.5;0.0
11;36200;ASH_COATED_OSMIUM;9986;10;;;;;10005;10;;;;;9995.5;0.0
11;36200;INTARIAN_PEPPER_ROOT;24032;10;;;;;24044;10;;;;;24038.5;0.0
11;36300;ASH_COATED_OSMIUM;9986;22;;;;;10004;15;;;;;9995.0;0.0
11;36300;INTARIAN_PEPPER_ROOT;24027;9;24025;11;;;24040;11;24042;12;;;24033.5;0.0
11;36400;ASH_COATED_OSMIUM;9987;13;9985;10;;;10003;15;10006;20;;;9995.0;0.0
11;36400;INTARIAN_PEPPER_ROOT;24031;10;24030;18;24029;10;24043;12;24046;11;24047;10;24037.5;0.0
11;36500;ASH_COATED_OSMIUM;9987;10;9986;24;9984;24;10003;13;10006;13;10007;13;9995.5;0.0
11;36500;INTARIAN_PEPPER_ROOT;24026;11;24024;16;;;24043;11;24046;10;;;24035.0;0.0
11;36600;ASH_COATED_OSMIUM;9993;12;9992;10;;;10009;14;10012;10;;;10001.0;0.0
11;36600;INTARIAN_PEPPER_ROOT;24030;9;;;;;24041;8;;;;;24035.5;0.0
11;36700;ASH_COATED_OSMIUM;9993;15;;;;;10009;15;;;;;10001.0;0.0
11;36700;INTARIAN_PEPPER_ROOT;24035;25;24034;10;;;24046;16;24047;8;;;24041.0;0.0
11;36800;ASH_COATED_OSMIUM;9986;4;;;;;10005;12;;;;;9995.5;0.0
11;36800;INTARIAN_PEPPER_ROOT;24031;10;24030;12;;;24044;15;24045;8;;;24037.5;0.0
11;36900;ASH_COATED_OSMIUM;9993;12;;;;;10009;12;;;;;10001.0;0.0
11;36900;INTARIAN_PEPPER_ROOT;24033;10;24031;8;24028;8;24046;12;24047;11;24048;9;24039.5;0.0
11;37000;ASH_COATED_OSMIUM;9988;10;;;;;10004;23;;;;;9996.0;0.0
11;37000;INTARIAN_PEPPER_ROOT;24034;11;24033;8;24030;10;24046;9;24049;10;24051;12;24040.0;0.0
11;37100;ASH_COATED_OSMIUM;9988;12;9985;11;;;10004;15;10005;12;;;9996.5;0.0
11;37100;INTARIAN_PEPPER_ROOT;24026;9;;;;;24047;16;;;;;24037.0;0.0
11;37200;ASH_COATED_OSMIUM;9989;14;9988;10;;;10005;5;10007;12;;;9997.5;0.0
11;37200;INTARIAN_PEPPER_ROOT;24030;8;24027;15;;;24046;12;24048;11;;;24038.5;0.0
11;37300;ASH_COATED_OSMIUM;9992;14;9989;10;;;10003;11;10006;5;;;9997.5;0.0
11;37300;INTARIAN_PEPPER_ROOT;24030;16;24029;20;;;24044;11;24045;9;;;24037.5;0.0
11;37400;ASH_COATED_OSMIUM;9989;23;9987;29;;;10005;28;10008;11;;;9997.5;0.0
11;37400;INTARIAN_PEPPER_ROOT;24027;11;24024;20;24023;8;24043;12;24046;11;24048;12;24035.5;0.0
11;37500;ASH_COATED_OSMIUM;9994;10;;;;;10001;23;;;;;9997.5;0.0
11;37500;INTARIAN_PEPPER_ROOT;24027;10;24026;10;24024;9;24041;10;24043;9;24045;10;24034.0;0.0
11;37600;ASH_COATED_OSMIUM;9995;14;9992;10;9990;10;10011;11;10013;10;10014;23;10003.0;0.0
11;37600;INTARIAN_PEPPER_ROOT;24030;11;24027;9;24024;12;24044;9;24047;12;24048;8;24037.0;0.0
11;37700;ASH_COATED_OSMIUM;9987;14;9984;12;9983;15;10008;11;10010;10;10012;13;9998.0;0.0
11;37700;INTARIAN_PEPPER_ROOT;24031;12;24028;12;24026;9;24043;8;24044;8;24045;12;24037.5;0.0
11;37800;ASH_COATED_OSMIUM;9994;11;9992;13;;;10010;12;10013;10;;;10002.5;0.0
11;37800;INTARIAN_PEPPER_ROOT;24031;12;24030;9;;;24043;10;24046;21;;;24037.0;0.0
11;37900;ASH_COATED_OSMIUM;9987;27;;;;;10008;15;;;;;9997.5;0.0
11;37900;INTARIAN_PEPPER_ROOT;24028;12;24025;11;;;24042;24;24044;11;;;24035.5;0.0
11;38000;ASH_COATED_OSMIUM;9989;28;9988;11;;;10005;13;10008;11;;;9997.5;0.0
11;38000;INTARIAN_PEPPER_ROOT;24035;11;;;;;24048;10;;;;;24041.5;0.0
11;38100;ASH_COATED_OSMIUM;9989;13;;;;;10005;15;;;;;9997.5;0.0
11;38100;INTARIAN_PEPPER_ROOT;24032;8;;;;;24044;8;;;;;24038.5;0.0
11;38200;ASH_COATED_OSMIUM;9994;14;9991;23;;;10012;10;10015;10;;;10003.0;0.0
11;38200;INTARIAN_PEPPER_ROOT;24029;23;24028;11;24027;11;24043;8;24046;9;24049;11;24036.0;0.0
11;38300;ASH_COATED_OSMIUM;9995;14;9994;15;9993;12;10011;11;10012;29;10013;12;10003.5;0.0
11;38300;INTARIAN_PEPPER_ROOT;24030;10;24028;8;24026;16;24043;19;24044;10;24045;9;24037.0;0.0
11;38400;ASH_COATED_OSMIUM;9996;13;;;;;10012;25;;;;;10004.0;0.0
11;38400;INTARIAN_PEPPER_ROOT;24034;8;24032;11;24031;21;24041;23;24043;8;24046;10;24038.0;0.0
11;38500;ASH_COATED_OSMIUM;9995;15;9993;11;9992;15;10011;11;10014;10;10015;10;10003.5;0.0
11;38500;INTARIAN_PEPPER_ROOT;24031;10;;;;;24044;11;;;;;24037.5;0.0
11;38600;ASH_COATED_OSMIUM;10001;13;10000;11;9998;13;10007;14;10008;10;10010;10;10004.0;0.0
11;38600;INTARIAN_PEPPER_ROOT;24034;10;24032;8;;;24046;8;24048;8;;;24040.0;0.0
11;38700;ASH_COATED_OSMIUM;9995;15;;;;;10011;13;;;;;10003.5;0.0
11;38700;INTARIAN_PEPPER_ROOT;24033;20;;;;;24046;23;;;;;24039.5;0.0
11;38800;ASH_COATED_OSMIUM;9994;30;9991;11;9988;12;10012;14;10015;12;10017;26;10003.5;0.0
11;38800;INTARIAN_PEPPER_ROOT;24031;9;;;;;24046;11;;;;;24038.5;0.0
11;38900;ASH_COATED_OSMIUM;9994;13;9991;14;;;10013;25;10014;10;;;10003.5;0.0
11;38900;INTARIAN_PEPPER_ROOT;24031;11;24030;9;;;24044;11;24045;9;;;24037.5;0.0
11;39000;ASH_COATED_OSMIUM;9995;12;9993;14;9991;14;10011;10;10014;11;10016;12;10003.5;0.0
11;39000;INTARIAN_PEPPER_ROOT;24032;12;24031;22;;;24048;24;24049;12;;;24040.5;0.0
11;39100;ASH_COATED_OSMIUM;9990;29;9989;12;;;10006;10;10008;14;;;9998.0;0.0
11;39100;INTARIAN_PEPPER_ROOT;24028;5;;;;;24041;8;;;;;24035.0;0.0
11;39200;ASH_COATED_OSMIUM;9995;11;;;;;10011;21;;;;;10003.0;0.0
11;39200;INTARIAN_PEPPER_ROOT;24035;9;24034;10;24033;8;24047;9;24049;10;24052;8;24041.5;0.0
11;39300;ASH_COATED_OSMIUM;9997;23;9995;21;;;10010;13;10012;11;;;10003.5;0.0
11;39300;INTARIAN_PEPPER_ROOT;24034;19;24033;20;24031;8;24048;19;24049;8;24051;12;24041.0;0.0
11;39400;ASH_COATED_OSMIUM;9993;14;9991;11;;;10011;14;10013;12;;;10002.5;0.0
11;39400;INTARIAN_PEPPER_ROOT;24031;8;24030;10;;;24043;11;24045;20;;;24037.5;0.0
11;39500;ASH_COATED_OSMIUM;9994;12;9992;11;;;10010;13;10013;27;;;10002.5;0.0
11;39500;INTARIAN_PEPPER_ROOT;24035;11;24033;9;;;24047;19;24048;15;;;24041.0;0.0
11;39600;ASH_COATED_OSMIUM;9995;4;;;;;10011;14;;;;;10003.0;0.0
11;39600;INTARIAN_PEPPER_ROOT;24036;15;24034;8;;;24051;12;24053;11;;;24044.0;0.0
11;39700;ASH_COATED_OSMIUM;9989;25;9987;10;;;10005;14;10008;13;;;9997.5;0.0
11;39700;INTARIAN_PEPPER_ROOT;24026;10;24024;12;;;24041;11;24043;9;;;24034.0;0.0
11;39800;ASH_COATED_OSMIUM;9989;10;9986;5;9983;14;10005;10;10007;10;10010;10;9997.5;0.0
11;39800;INTARIAN_PEPPER_ROOT;24029;11;;;;;24046;8;;;;;24037.5;0.0
11;39900;ASH_COATED_OSMIUM;9990;3;9989;11;;;10006;13;10008;15;;;9998.0;0.0
11;39900;INTARIAN_PEPPER_ROOT;24033;7;24031;9;;;24046;12;24049;11;;;24039.5;0.0
11;40000;ASH_COATED_OSMIUM;9995;11;;;;;10011;11;;;;;10003.5;0.0
11;40000;INTARIAN_PEPPER_ROOT;24033;9;24032;18;;;24050;25;24053;8;;;24042.0;0.0
11;40100;ASH_COATED_OSMIUM;9995;30;;;;;10011;2;;;;;10003.0;0.0
11;40100;INTARIAN_PEPPER_ROOT;24037;12;24034;17;;;24040;8;24043;10;;;24038.5;0.0
11;40200;ASH_COATED_OSMIUM;9993;13;9991;15;9989;27;10012;29;10015;21;10018;5;10003.0;0.0
11;40200;INTARIAN_PEPPER_ROOT;24033;9;24032;8;24031;11;24046;20;24047;10;24049;10;24039.5;0.0
11;40300;ASH_COATED_OSMIUM;9995;13;9994;15;;;10011;11;10013;12;;;10003.5;0.0
11;40300;INTARIAN_PEPPER_ROOT;24032;12;24030;12;24027;8;24044;12;24046;12;24047;9;24038.5;0.0
11;40400;ASH_COATED_OSMIUM;9994;14;9992;15;;;10012;14;10013;25;;;10003.0;0.0
11;40400;INTARIAN_PEPPER_ROOT;24043;8;24042;8;24039;10;24045;11;24047;11;24049;12;24044.5;0.0
11;40500;ASH_COATED_OSMIUM;9989;12;;;;;10005;5;;;;;9997.0;0.0
11;40500;INTARIAN_PEPPER_ROOT;24036;11;24034;9;24033;8;24048;8;24051;8;24054;24;24042.5;0.0
11;40600;ASH_COATED_OSMIUM;9989;25;;;;;10005;23;;;;;9997.5;0.0
11;40600;INTARIAN_PEPPER_ROOT;24035;8;;;;;24047;9;;;;;24041.5;0.0
11;40700;ASH_COATED_OSMIUM;9989;14;9986;12;9983;14;10005;10;10007;10;10009;14;9997.0;0.0
11;40700;INTARIAN_PEPPER_ROOT;24036;9;24034;10;24031;9;24048;10;24051;12;24053;10;24042.0;0.0
11;40800;ASH_COATED_OSMIUM;9988;22;9985;24;;;10004;20;10007;12;;;9996.5;0.0
11;40800;INTARIAN_PEPPER_ROOT;24032;11;24029;11;;;24044;9;24046;16;;;24038.0;0.0
11;40900;ASH_COATED_OSMIUM;9988;21;9987;12;;;10004;4;10005;10;;;9996.0;0.0
11;40900;INTARIAN_PEPPER_ROOT;24036;6;24033;12;24030;11;24050;8;24052;9;24055;12;24043.5;0.0
11;41000;ASH_COATED_OSMIUM;9993;12;;;;;10009;14;;;;;10001.5;0.0
11;41000;INTARIAN_PEPPER_ROOT;24035;8;24034;8;;;24048;22;24051;12;;;24041.5;0.0
11;41100;ASH_COATED_OSMIUM;9987;27;9985;14;9983;12;10005;14;10006;14;10008;28;9996.0;0.0
11;41100;INTARIAN_PEPPER_ROOT;24032;12;24030;8;;;24046;11;24049;8;;;24039.0;0.0
11;41200;ASH_COATED_OSMIUM;9988;14;;;;;10004;11;;;;;9996.5;0.0
11;41200;INTARIAN_PEPPER_ROOT;24035;8;;;;;24047;11;;;;;24041.0;0.0
11;41300;ASH_COATED_OSMIUM;9993;15;9992;13;;;10009;10;10012;14;;;10001.5;0.0
11;41300;INTARIAN_PEPPER_ROOT;24037;9;24034;5;;;24049;10;24052;8;;;24043.0;0.0
11;41400;ASH_COATED_OSMIUM;9993;10;9991;13;9988;10;10009;14;10012;29;10015;10;10001.0;0.0
11;41400;INTARIAN_PEPPER_ROOT;24033;5;;;;;24045;12;;;;;24039.0;0.0
11;41500;ASH_COATED_OSMIUM;9988;10;;;;;10004;8;;;;;9996.0;0.0
11;41500;INTARIAN_PEPPER_ROOT;24036;8;24033;11;24031;10;24050;11;24053;25;24055;10;24043.5;0.0
11;41600;ASH_COATED_OSMIUM;9986;29;9983;13;;;10004;14;10005;13;;;9995.5;0.0
11;41600;INTARIAN_PEPPER_ROOT;24037;10;;;;;24050;12;;;;;24044.0;0.0
11;41700;ASH_COATED_OSMIUM;9996;14;;;;;10006;12;;;;;10001.5;0.0
11;41700;INTARIAN_PEPPER_ROOT;24036;15;24033;12;24032;12;24048;9;24050;8;24051;5;24042.5;0.0
11;41800;ASH_COATED_OSMIUM;9993;12;9992;29;;;10009;12;10010;12;;;10001.5;0.0
11;41800;INTARIAN_PEPPER_ROOT;24033;8;24032;9;24031;19;24050;9;24051;12;24052;8;24042.0;0.0
11;41900;ASH_COATED_OSMIUM;9988;24;9987;14;;;10004;25;10007;29;;;9996.0;0.0
11;41900;INTARIAN_PEPPER_ROOT;24037;11;24036;8;;;24053;12;24054;12;;;24045.0;0.0
11;42000;ASH_COATED_OSMIUM;9993;14;;;;;10009;10;;;;;10001.5;0.0
11;42000;INTARIAN_PEPPER_ROOT;24040;22;24039;12;24036;9;24054;9;24057;9;24058;8;24047.0;0.0
11;42100;ASH_COATED_OSMIUM;9993;5;9991;3;;;10009;14;10010;10;;;10001.0;0.0
11;42100;INTARIAN_PEPPER_ROOT;24035;18;24033;12;24030;11;24051;12;24053;10;24055;8;24043.0;0.0
11;42200;ASH_COATED_OSMIUM;9993;13;9992;15;;;10009;13;10012;13;;;10001.5;0.0
11;42200;INTARIAN_PEPPER_ROOT;24038;10;24037;22;24034;11;24051;11;24053;8;24056;22;24045.0;0.0
11;42300;ASH_COATED_OSMIUM;9987;13;9985;10;;;10006;15;10007;12;;;9996.5;0.0
11;42300;INTARIAN_PEPPER_ROOT;24035;21;24033;10;24032;9;24049;12;24050;9;24053;12;24042.5;0.0
11;42400;ASH_COATED_OSMIUM;9987;10;;;;;10005;25;;;;;9996.5;0.0
11;42400;INTARIAN_PEPPER_ROOT;24035;11;;;;;24050;8;;;;;24043.0;0.0
11;42500;ASH_COATED_OSMIUM;9988;9;9985;11;;;10004;14;10005;15;;;9996.5;0.0
11;42500;INTARIAN_PEPPER_ROOT;24030;9;;;;;24047;9;;;;;24039.0;0.0
11;42600;ASH_COATED_OSMIUM;9988;15;;;;;10004;11;;;;;9996.0;0.0
11;42600;INTARIAN_PEPPER_ROOT;24034;8;;;;;24049;10;;;;;24041.5;0.0
11;42700;ASH_COATED_OSMIUM;9988;11;;;;;10004;13;;;;;9996.5;0.0
11;42700;INTARIAN_PEPPER_ROOT;24033;10;24030;10;;;24050;8;24052;10;;;24041.5;0.0
11;42800;ASH_COATED_OSMIUM;9992;14;9991;15;;;10011;15;10013;12;;;10001.5;0.0
11;42800;INTARIAN_PEPPER_ROOT;24034;12;24033;10;24030;21;24048;10;24049;10;24052;11;24041.0;0.0
11;42900;ASH_COATED_OSMIUM;9997;23;;;;;10007;28;;;;;10002.0;0.0
11;42900;INTARIAN_PEPPER_ROOT;24036;12;24035;11;24032;9;24047;8;24049;8;24050;12;24041.5;0.0
11;43000;ASH_COATED_OSMIUM;9992;25;9989;10;9987;20;10010;5;10013;15;10016;14;10001.5;0.0
11;43000;INTARIAN_PEPPER_ROOT;24038;12;24036;10;;;24051;4;24052;11;;;24045.0;0.0
11;43100;ASH_COATED_OSMIUM;9988;11;9986;15;;;10004;11;10007;24;;;9996.5;0.0
11;43100;INTARIAN_PEPPER_ROOT;24036;12;24033;12;24032;8;24049;11;24051;12;24052;9;24042.5;0.0
11;43200;ASH_COATED_OSMIUM;9997;12;9995;5;9993;13;10007;13;10010;13;10011;14;10002.0;0.0
11;43200;INTARIAN_PEPPER_ROOT;24039;11;24036;11;;;24052;9;24053;12;;;24045.5;0.0
11;43300;ASH_COATED_OSMIUM;9994;4;;;;;10010;13;;;;;10002.0;0.0
11;43300;INTARIAN_PEPPER_ROOT;24041;10;24040;8;24037;11;24052;12;24053;6;24055;10;24047.0;0.0
11;43400;ASH_COATED_OSMIUM;9994;15;;;;;10010;4;;;;;10002.0;0.0
11;43400;INTARIAN_PEPPER_ROOT;24037;3;;;;;24051;12;;;;;24044.5;0.0
11;43500;ASH_COATED_OSMIUM;9988;10;;;;;10004;15;;;;;9996.5;0.0
11;43500;INTARIAN_PEPPER_ROOT;24036;20;24033;10;24031;12;24048;10;24051;12;24052;11;24042.0;0.0
11;43600;ASH_COATED_OSMIUM;9988;22;9985;13;;;10004;14;10007;10;;;9996.5;0.0
11;43600;INTARIAN_PEPPER_ROOT;24037;24;;;;;24051;11;;;;;24044.5;0.0
11;43700;ASH_COATED_OSMIUM;9988;27;9987;11;9985;10;10004;15;10005;13;10008;11;9996.0;0.0
11;43700;INTARIAN_PEPPER_ROOT;24035;10;24032;22;;;24048;25;24051;11;;;24041.5;0.0
11;43800;ASH_COATED_OSMIUM;9987;12;;;;;10005;10;;;;;9996.0;0.0
11;43800;INTARIAN_PEPPER_ROOT;24033;10;;;;;24048;8;;;;;24040.5;0.0
11;43900;ASH_COATED_OSMIUM;9988;2;9987;14;;;10004;10;10007;15;;;9996.0;0.0
11;43900;INTARIAN_PEPPER_ROOT;24037;8;24035;16;;;24049;12;24050;11;;;24043.5;0.0
11;44000;ASH_COATED_OSMIUM;9987;15;9985;12;;;10003;13;10004;14;;;9995.5;0.0
11;44000;INTARIAN_PEPPER_ROOT;24034;10;;;;;24050;9;;;;;24042.5;0.0
11;44100;ASH_COATED_OSMIUM;9988;10;9987;12;;;10004;23;10005;10;;;9996.0;0.0
11;44100;INTARIAN_PEPPER_ROOT;24036;21;24034;9;24033;9;24050;21;24052;8;24055;8;24043.0;0.0
11;44200;ASH_COATED_OSMIUM;9988;11;9986;10;9983;23;10004;15;10006;12;10007;24;9996.5;0.0
11;44200;INTARIAN_PEPPER_ROOT;24037;9;24035;12;;;24050;25;24051;10;;;24044.0;0.0
11;44300;ASH_COATED_OSMIUM;9993;23;9992;12;;;10009;13;10012;14;;;10001.5;0.0
11;44300;INTARIAN_PEPPER_ROOT;24042;11;;;;;24045;10;;;;;24043.5;0.0
11;44400;ASH_COATED_OSMIUM;9991;14;9989;11;;;10012;12;10014;14;;;10001.5;0.0
11;44400;INTARIAN_PEPPER_ROOT;24042;19;;;;;24055;12;;;;;24048.5;0.0
11;44500;ASH_COATED_OSMIUM;9988;14;;;;;10004;14;;;;;9996.5;0.0
11;44500;INTARIAN_PEPPER_ROOT;24040;11;24039;11;24038;10;24053;9;24055;11;24057;9;24046.5;0.0
11;44600;ASH_COATED_OSMIUM;9992;10;9990;14;;;10011;14;10013;11;;;10001.5;0.0
11;44600;INTARIAN_PEPPER_ROOT;24037;12;;;;;24048;8;;;;;24042.5;0.0
11;44700;ASH_COATED_OSMIUM;9988;13;9985;10;9984;11;10004;25;10006;12;10007;11;9996.5;0.0
11;44700;INTARIAN_PEPPER_ROOT;24037;10;24036;10;24034;12;24052;12;24055;8;24056;3;24044.5;0.0
11;44800;ASH_COATED_OSMIUM;9993;13;9992;12;;;10009;12;10010;4;;;10001.5;0.0
11;44800;INTARIAN_PEPPER_ROOT;24038;18;24037;16;;;24051;11;24054;10;;;24044.5;0.0
11;44900;ASH_COATED_OSMIUM;9996;15;9993;23;;;10005;30;10008;2;;;10001.0;0.0
11;44900;INTARIAN_PEPPER_ROOT;24037;11;24035;11;24032;8;24058;12;24061;9;24062;12;24048.0;0.0
11;45000;ASH_COATED_OSMIUM;9991;15;9988;14;9987;11;10000;11;10003;15;10006;12;9996.0;0.0
11;45000;INTARIAN_PEPPER_ROOT;24039;6;24037;10;;;24052;9;24054;9;;;24046.0;0.0
11;45100;ASH_COATED_OSMIUM;9986;10;9983;15;9981;11;10005;12;10007;11;10008;10;9996.0;0.0
11;45100;INTARIAN_PEPPER_ROOT;24041;11;24038;11;24037;8;24055;10;24056;12;24058;20;24048.0;0.0
11;45200;ASH_COATED_OSMIUM;9993;14;;;;;10011;12;;;;;10002.0;0.0
11;45200;INTARIAN_PEPPER_ROOT;24038;12;24035;11;;;24050;19;24052;12;;;24044.0;0.0
11;45300;ASH_COATED_OSMIUM;9988;12;9987;11;;;10004;12;10007;11;;;9996.5;0.0
11;45300;INTARIAN_PEPPER_ROOT;24040;10;24038;11;;;24053;15;24055;11;;;24046.5;0.0
11;45400;ASH_COATED_OSMIUM;9987;14;;;;;10006;10;;;;;9996.5;0.0
11;45400;INTARIAN_PEPPER_ROOT;24037;9;24035;10;;;24056;11;24057;9;;;24046.5;0.0
11;45500;ASH_COATED_OSMIUM;9988;15;9986;14;9985;10;10004;10;10005;15;10006;13;9996.5;0.0
11;45500;INTARIAN_PEPPER_ROOT;24040;18;24039;11;;;24053;11;24055;9;;;24047.0;0.0
11;45600;ASH_COATED_OSMIUM;9994;15;9991;10;9989;10;10010;15;10012;29;10015;7;10002.0;0.0
11;45600;INTARIAN_PEPPER_ROOT;24038;9;24036;11;;;24050;9;24053;20;;;24044.5;0.0
11;45700;ASH_COATED_OSMIUM;9988;11;;;;;10004;15;;;;;9996.5;0.0
11;45700;INTARIAN_PEPPER_ROOT;24040;12;24037;8;24034;9;24056;10;24057;12;24059;11;24048.0;0.0
11;45800;ASH_COATED_OSMIUM;9996;22;;;;;10006;15;;;;;10001.5;0.0
11;45800;INTARIAN_PEPPER_ROOT;24039;12;;;;;24052;17;;;;;24046.0;0.0
11;45900;ASH_COATED_OSMIUM;9985;13;9984;23;;;10006;15;10007;14;;;9996.0;0.0
11;45900;INTARIAN_PEPPER_ROOT;24042;10;24041;8;;;24054;9;24057;10;;;24048.0;0.0
11;46000;ASH_COATED_OSMIUM;9987;14;9986;15;9985;12;10003;15;10005;14;10007;4;9995.0;0.0
11;46000;INTARIAN_PEPPER_ROOT;24031;12;24028;12;24025;9;24051;12;24052;10;24053;8;24041.0;0.0
11;46100;ASH_COATED_OSMIUM;9992;11;;;;;10008;15;;;;;10000.0;0.0
11;46100;INTARIAN_PEPPER_ROOT;24038;8;;;;;24050;9;;;;;24044.5;0.0
11;46200;ASH_COATED_OSMIUM;9992;30;;;;;10008;12;;;;;10000.5;0.0
11;46200;INTARIAN_PEPPER_ROOT;24038;9;24036;9;;;24054;8;24057;23;;;24046.5;0.0
11;46300;ASH_COATED_OSMIUM;9992;11;;;;;10008;11;;;;;10000.5;0.0
11;46300;INTARIAN_PEPPER_ROOT;24042;8;;;;;24059;11;;;;;24050.5;0.0
11;46400;ASH_COATED_OSMIUM;9986;14;;;;;10004;12;;;;;9995.5;0.0
11;46400;INTARIAN_PEPPER_ROOT;24042;9;24040;11;;;24053;10;24056;10;;;24047.5;0.0
11;46500;ASH_COATED_OSMIUM;9997;14;;;;;10003;11;;;;;10000.5;0.0
11;46500;INTARIAN_PEPPER_ROOT;24042;9;24040;10;;;24057;10;24060;11;;;24049.5;0.0
11;46600;ASH_COATED_OSMIUM;9990;26;9988;2;;;10009;11;10010;15;;;10000.0;0.0
11;46600;INTARIAN_PEPPER_ROOT;24032;12;24030;10;;;24046;11;24049;9;;;24039.5;0.0
11;46700;ASH_COATED_OSMIUM;9992;14;9989;13;;;10008;14;10011;12;;;10000.5;0.0
11;46700;INTARIAN_PEPPER_ROOT;24039;20;;;;;24052;9;;;;;24046.0;0.0
11;46800;ASH_COATED_OSMIUM;9986;15;9984;13;;;10002;10;10004;10;;;9994.5;0.0
11;46800;INTARIAN_PEPPER_ROOT;24039;8;24038;9;;;24052;23;24053;9;;;24046.0;0.0
11;46900;ASH_COATED_OSMIUM;9985;13;9984;15;;;10004;10;10007;13;;;9995.0;0.0
11;46900;INTARIAN_PEPPER_ROOT;24039;10;;;;;24052;9;;;;;24045.5;0.0
11;47000;ASH_COATED_OSMIUM;9991;22;;;;;9999;13;;;;;9995.5;0.0
11;47000;INTARIAN_PEPPER_ROOT;24040;10;24039;10;;;24051;12;24052;8;;;24046.0;0.0
11;47100;ASH_COATED_OSMIUM;9992;28;9991;15;;;10008;12;10009;15;;;10000.5;0.0
11;47100;INTARIAN_PEPPER_ROOT;24044;11;24041;18;24038;23;24057;8;24059;25;24061;8;24051.0;0.0
11;47200;ASH_COATED_OSMIUM;9986;14;9984;10;;;10002;15;10005;29;;;9994.5;0.0
11;47200;INTARIAN_PEPPER_ROOT;24037;9;24036;11;24035;12;24052;9;24053;8;24056;21;24045.0;0.0
11;47300;ASH_COATED_OSMIUM;9986;14;9985;15;;;10002;10;10004;28;;;9994.5;0.0
11;47300;INTARIAN_PEPPER_ROOT;24044;10;;;;;24053;8;;;;;24048.5;0.0
11;47400;ASH_COATED_OSMIUM;9992;20;;;;;10008;14;;;;;10000.5;0.0
11;47400;INTARIAN_PEPPER_ROOT;24041;10;;;;;24056;8;;;;;24048.5;0.0
11;47500;ASH_COATED_OSMIUM;9986;26;9984;15;;;10004;14;10005;13;;;9995.0;0.0
11;47500;INTARIAN_PEPPER_ROOT;24038;8;;;;;24051;9;;;;;24045.0;0.0
11;47600;ASH_COATED_OSMIUM;9985;10;;;;;10003;10;;;;;9994.5;0.0
11;47600;INTARIAN_PEPPER_ROOT;24040;11;24038;10;;;24056;12;24057;11;;;24048.0;0.0
11;47700;ASH_COATED_OSMIUM;9991;11;9990;21;;;10007;12;10009;22;;;9999.5;0.0
11;47700;INTARIAN_PEPPER_ROOT;24043;11;24040;12;;;24052;8;24054;19;;;24047.5;0.0
11;47800;ASH_COATED_OSMIUM;9989;10;9986;13;;;10008;10;10011;14;;;9999.0;0.0
11;47800;INTARIAN_PEPPER_ROOT;24040;10;24039;21;;;24051;25;24052;11;;;24046.0;0.0
11;47900;ASH_COATED_OSMIUM;9986;13;9983;15;;;10002;14;10003;12;;;9994.0;0.0
11;47900;INTARIAN_PEPPER_ROOT;24028;9;24025;9;;;24040;8;24041;10;;;24034.5;0.0
11;48000;ASH_COATED_OSMIUM;9992;15;9991;11;;;10008;11;10010;10;;;10000.5;0.0
11;48000;INTARIAN_PEPPER_ROOT;24042;21;24040;10;24038;9;24057;21;24060;8;24061;8;24049.5;0.0
11;48100;ASH_COATED_OSMIUM;9987;21;9985;15;9982;11;10003;14;10005;13;10008;10;9995.0;0.0
11;48100;INTARIAN_PEPPER_ROOT;24039;8;24036;8;24034;17;24054;15;24055;10;24056;8;24047.0;0.0
11;48200;ASH_COATED_OSMIUM;9989;10;9988;13;;;10010;28;10013;13;;;10000.0;0.0
11;48200;INTARIAN_PEPPER_ROOT;24040;9;24039;11;24037;12;24052;24;24054;24;24056;12;24046.0;0.0
11;48300;ASH_COATED_OSMIUM;9992;11;9990;22;;;10008;14;10011;20;;;10000.0;0.0
11;48300;INTARIAN_PEPPER_ROOT;24047;8;24045;22;;;24049;9;24051;11;;;24048.0;0.0
11;48400;ASH_COATED_OSMIUM;9992;15;9990;29;9987;12;10008;12;10009;14;10010;13;10000.0;0.0
11;48400;INTARIAN_PEPPER_ROOT;24049;9;24048;11;;;24051;10;24052;9;;;24050.0;0.0
11;48500;ASH_COATED_OSMIUM;9992;11;9990;13;;;10008;5;10011;15;;;10000.0;0.0
11;48500;INTARIAN_PEPPER_ROOT;24040;9;24039;10;;;24057;19;24058;9;;;24049.0;0.0
11;48600;ASH_COATED_OSMIUM;9992;13;9990;12;;;10008;11;10009;11;;;10000.0;0.0
11;48600;INTARIAN_PEPPER_ROOT;24044;9;24042;21;;;24056;9;24058;17;;;24050.5;0.0
11;48700;ASH_COATED_OSMIUM;9990;15;;;;;10009;26;;;;;9999.5;0.0
11;48700;INTARIAN_PEPPER_ROOT;24043;12;;;;;24054;10;;;;;24049.0;0.0
11;48800;ASH_COATED_OSMIUM;9986;11;;;;;10002;15;;;;;9994.5;0.0
11;48800;INTARIAN_PEPPER_ROOT;24043;12;24042;17;;;24055;8;24057;24;;;24049.0;0.0
11;48900;ASH_COATED_OSMIUM;9985;10;9984;10;9983;11;10004;15;10006;15;10007;3;9995.0;0.0
11;48900;INTARIAN_PEPPER_ROOT;24042;11;;;;;24056;11;;;;;24049.0;0.0
11;49000;ASH_COATED_OSMIUM;9992;20;9991;15;;;10008;13;10009;13;;;10000.5;0.0
11;49000;INTARIAN_PEPPER_ROOT;24041;10;24040;8;;;24056;8;24058;10;;;24049.0;0.0
11;49100;ASH_COATED_OSMIUM;9992;23;9990;21;;;10008;22;10011;10;;;10000.5;0.0
11;49100;INTARIAN_PEPPER_ROOT;24043;9;;;;;24057;10;;;;;24050.5;0.0
11;49200;ASH_COATED_OSMIUM;9986;14;9983;13;;;10004;14;10007;13;;;9995.5;0.0
11;49200;INTARIAN_PEPPER_ROOT;24049;9;24047;8;;;24060;8;24063;10;;;24054.5;0.0
11;49300;ASH_COATED_OSMIUM;9997;10;9996;14;;;10005;12;10006;12;;;10001.5;0.0
11;49300;INTARIAN_PEPPER_ROOT;24043;10;24041;10;24040;21;24056;12;24058;12;24061;11;24049.5;0.0
11;49400;ASH_COATED_OSMIUM;9992;11;9990;15;;;10011;15;10012;24;;;10001.5;0.0
11;49400;INTARIAN_PEPPER_ROOT;24038;9;;;;;24052;9;;;;;24045.0;0.0
11;49500;ASH_COATED_OSMIUM;9993;4;9991;14;;;10009;12;10010;13;;;10001.5;0.0
11;49500;INTARIAN_PEPPER_ROOT;24047;11;24044;10;;;24060;23;24061;8;;;24053.5;0.0
11;49600;ASH_COATED_OSMIUM;9987;14;9986;15;;;10005;13;10006;11;;;9996.5;0.0
11;49600;INTARIAN_PEPPER_ROOT;24043;10;24040;10;24038;20;24057;8;24059;25;24060;11;24050.0;0.0
11;49700;ASH_COATED_OSMIUM;9989;13;;;;;10005;11;;;;;9997.0;0.0
11;49700;INTARIAN_PEPPER_ROOT;24042;9;24040;9;;;24056;10;24058;11;;;24049.0;0.0
11;49800;ASH_COATED_OSMIUM;9990;12;9988;12;9987;14;10006;14;10009;13;10010;15;9998.0;0.0
11;49800;INTARIAN_PEPPER_ROOT;24040;9;24039;10;24036;17;24054;8;24055;9;24058;8;24047.0;0.0
11;49900;ASH_COATED_OSMIUM;9989;15;9986;11;9985;10;10005;14;10007;29;10008;10;9997.5;0.0
11;49900;INTARIAN_PEPPER_ROOT;24043;12;;;;;24056;23;;;;;24049.5;0.0
11;50000;ASH_COATED_OSMIUM;9994;13;;;;;10010;15;;;;;10002.5;0.0
11;50000;INTARIAN_PEPPER_ROOT;24050;11;;;;;24062;12;;;;;24056.0;0.0
11;50100;ASH_COATED_OSMIUM;9994;13;;;;;10010;11;;;;;10002.5;0.0
11;50100;INTARIAN_PEPPER_ROOT;24039;18;24037;9;24034;9;24054;9;24055;15;24057;11;24047.0;0.0
11;50200;ASH_COATED_OSMIUM;9994;13;9991;11;;;10001;15;10003;15;;;9997.5;0.0
11;50200;INTARIAN_PEPPER_ROOT;24042;12;24039;8;24038;12;24054;11;24057;9;24060;9;24048.5;0.0
11;50300;ASH_COATED_OSMIUM;9989;12;9986;13;;;10005;12;10006;15;;;9997.5;0.0
11;50300;INTARIAN_PEPPER_ROOT;24045;11;24042;8;24039;9;24059;8;24062;18;24063;20;24052.0;0.0
11;50400;ASH_COATED_OSMIUM;9993;12;9990;14;9987;10;10002;15;10003;11;10004;30;9998.0;0.0
11;50400;INTARIAN_PEPPER_ROOT;24045;10;24042;9;24041;9;24057;9;24059;9;24060;9;24051.0;0.0
11;50500;ASH_COATED_OSMIUM;9987;12;9985;11;9983;14;10008;15;10011;15;10014;15;9998.0;0.0
11;50500;INTARIAN_PEPPER_ROOT;24047;10;24045;11;;;24061;9;24063;9;;;24054.0;0.0
11;50600;ASH_COATED_OSMIUM;9995;12;9992;12;9990;14;10011;2;10012;11;10013;12;10003.5;0.0
11;50600;INTARIAN_PEPPER_ROOT;24042;16;;;;;24059;9;;;;;24050.5;0.0
11;50700;ASH_COATED_OSMIUM;9988;15;9987;13;;;10009;28;10010;10;;;9998.5;0.0
11;50700;INTARIAN_PEPPER_ROOT;24042;11;24039;8;24038;25;24056;9;24057;9;24059;22;24049.5;0.0
11;50800;ASH_COATED_OSMIUM;9991;15;9989;11;;;10007;11;10010;12;;;9999.5;0.0
11;50800;INTARIAN_PEPPER_ROOT;24044;9;24041;21;;;24046;9;24047;12;;;24045.5;0.0
11;50900;ASH_COATED_OSMIUM;9990;12;9988;11;;;10008;11;10011;13;;;9999.5;0.0
11;50900;INTARIAN_PEPPER_ROOT;24043;24;24041;12;;;24057;10;24060;9;;;24050.0;0.0
11;51000;ASH_COATED_OSMIUM;9990;11;9987;11;9985;15;10009;14;10011;11;10014;11;9999.5;0.0
11;51000;INTARIAN_PEPPER_ROOT;24042;22;;;;;24055;8;;;;;24049.0;0.0
11;51100;ASH_COATED_OSMIUM;9996;25;9994;13;;;10012;24;10015;13;;;10004.0;0.0
11;51100;INTARIAN_PEPPER_ROOT;24046;11;;;;;24058;10;;;;;24052.0;0.0
11;51200;ASH_COATED_OSMIUM;9995;15;9993;14;;;10013;11;10014;14;;;10004.0;0.0
11;51200;INTARIAN_PEPPER_ROOT;24042;8;24040;9;24038;12;24055;10;24057;9;24058;9;24048.5;0.0
11;51300;ASH_COATED_OSMIUM;9990;11;9987;13;;;10008;14;10009;12;;;9999.5;0.0
11;51300;INTARIAN_PEPPER_ROOT;24045;8;24042;5;;;24057;10;24058;10;;;24051.5;0.0
11;51400;ASH_COATED_OSMIUM;9997;11;;;;;10013;13;;;;;10005.0;0.0
11;51400;INTARIAN_PEPPER_ROOT;24045;9;24042;11;24040;9;24061;12;24064;6;24066;10;24053.5;0.0
11;51500;ASH_COATED_OSMIUM;9990;24;9988;11;;;10008;11;10009;27;;;9999.5;0.0
11;51500;INTARIAN_PEPPER_ROOT;24044;8;24042;11;;;24057;9;24059;12;;;24050.5;0.0
11;51600;ASH_COATED_OSMIUM;9997;23;9994;12;;;10013;14;10014;22;;;10005.0;0.0
11;51600;INTARIAN_PEPPER_ROOT;24043;9;24042;15;24041;8;24056;8;24058;18;24059;24;24050.0;0.0
11;51700;ASH_COATED_OSMIUM;9992;15;9989;14;;;10008;13;10010;10;;;10000.0;0.0
11;51700;INTARIAN_PEPPER_ROOT;24047;8;;;;;24060;22;;;;;24053.5;0.0
11;51800;ASH_COATED_OSMIUM;9991;13;;;;;10009;10;;;;;10000.0;0.0
11;51800;INTARIAN_PEPPER_ROOT;24046;10;;;;;24060;12;;;;;24053.0;0.0
11;51900;ASH_COATED_OSMIUM;9996;10;9995;10;9993;15;10014;15;10017;11;10019;13;10005.5;0.0
11;51900;INTARIAN_PEPPER_ROOT;24044;8;;;;;24056;10;;;;;24050.0;0.0
11;52000;ASH_COATED_OSMIUM;9997;10;;;;;10013;11;;;;;10005.5;0.0
11;52000;INTARIAN_PEPPER_ROOT;24047;9;24046;11;;;24060;11;24063;9;;;24053.5;0.0
11;52100;ASH_COATED_OSMIUM;9991;11;9989;12;9988;12;10009;10;10012;14;10014;11;10000.0;0.0
11;52100;INTARIAN_PEPPER_ROOT;24044;12;;;;;24057;11;;;;;24050.5;0.0
11;52200;ASH_COATED_OSMIUM;9997;10;;;;;10015;12;;;;;10006.0;0.0
11;52200;INTARIAN_PEPPER_ROOT;24045;24;24043;8;;;24059;11;24061;11;;;24052.0;0.0
11;52300;ASH_COATED_OSMIUM;9996;12;9995;10;;;10015;10;10018;13;;;10005.5;0.0
11;52300;INTARIAN_PEPPER_ROOT;24045;8;24042;22;24039;9;24060;8;24063;8;24066;25;24053.0;0.0
11;52400;ASH_COATED_OSMIUM;9992;15;9991;13;;;10008;28;10010;13;;;10000.5;0.0
11;52400;INTARIAN_PEPPER_ROOT;24042;20;24040;9;24037;9;24054;11;24055;9;24056;8;24048.5;0.0
11;52500;ASH_COATED_OSMIUM;9998;12;9995;9;;;10014;10;10017;15;;;10006.0;0.0
11;52500;INTARIAN_PEPPER_ROOT;24044;9;24042;16;24041;8;24058;10;24059;20;24060;9;24051.0;0.0
11;52600;ASH_COATED_OSMIUM;9992;15;9990;15;9987;11;10008;26;10011;11;10012;15;10000.5;0.0
11;52600;INTARIAN_PEPPER_ROOT;24050;8;24048;12;;;24056;10;24059;11;;;24053.0;0.0
11;52700;ASH_COATED_OSMIUM;9992;13;9990;11;9989;14;10008;11;10009;13;10012;10;10000.5;0.0
11;52700;INTARIAN_PEPPER_ROOT;24045;10;24044;11;;;24057;8;24058;12;;;24051.0;0.0
11;52800;ASH_COATED_OSMIUM;9991;10;9989;9;;;10007;14;10010;14;;;9999.5;0.0
11;52800;INTARIAN_PEPPER_ROOT;24047;11;;;;;24060;10;;;;;24053.5;0.0
11;52900;ASH_COATED_OSMIUM;9991;15;9990;15;9989;15;10007;14;10009;11;10012;27;9999.5;0.0
11;52900;INTARIAN_PEPPER_ROOT;24043;15;;;;;24061;9;;;;;24052.5;0.0
11;53000;ASH_COATED_OSMIUM;9991;13;9990;13;9987;10;10007;28;10009;11;10010;15;9999.0;0.0
11;53000;INTARIAN_PEPPER_ROOT;24048;10;24045;11;;;24059;9;24061;9;;;24054.0;0.0
11;53100;ASH_COATED_OSMIUM;9991;12;;;;;10007;15;;;;;9999.0;0.0
11;53100;INTARIAN_PEPPER_ROOT;24046;11;24043;11;;;24059;12;24061;11;;;24052.5;0.0
11;53200;ASH_COATED_OSMIUM;9993;12;;;;;10004;13;;;;;9999.0;0.0
11;53200;INTARIAN_PEPPER_ROOT;24045;12;24044;6;;;24059;8;24060;9;;;24052.0;0.0
11;53300;ASH_COATED_OSMIUM;9996;12;9995;12;;;10012;20;10013;15;;;10004.0;0.0
11;53300;INTARIAN_PEPPER_ROOT;24047;8;24045;8;24044;22;24059;9;24060;10;24062;10;24053.0;0.0
11;53400;ASH_COATED_OSMIUM;9996;12;9993;2;9990;15;10012;11;10013;12;10015;13;10004.0;0.0
11;53400;INTARIAN_PEPPER_ROOT;24049;10;24047;12;;;24056;9;24059;8;;;24052.5;0.0
11;53500;ASH_COATED_OSMIUM;9995;14;9994;14;;;10013;12;10016;29;;;10004.0;0.0
11;53500;INTARIAN_PEPPER_ROOT;24048;10;;;;;24060;15;;;;;24054.5;0.0
11;53600;ASH_COATED_OSMIUM;9989;28;9987;25;9986;13;10008;15;10011;13;10013;12;9998.5;0.0
11;53600;INTARIAN_PEPPER_ROOT;24051;9;24050;12;;;24064;8;24067;10;;;24058.0;0.0
11;53700;ASH_COATED_OSMIUM;9990;28;;;;;10006;12;;;;;9998.5;0.0
11;53700;INTARIAN_PEPPER_ROOT;24049;8;24048;15;;;24062;8;24063;10;;;24055.5;0.0
11;53800;ASH_COATED_OSMIUM;9995;13;9992;15;9989;12;10011;15;10012;23;10013;3;10003.5;0.0
11;53800;INTARIAN_PEPPER_ROOT;24042;12;24039;9;24038;8;24058;22;24059;8;24060;9;24050.5;0.0
11;53900;ASH_COATED_OSMIUM;9993;15;;;;;10014;14;;;;;10004.0;0.0
11;53900;INTARIAN_PEPPER_ROOT;24051;11;24050;11;24047;11;24064;8;24066;16;24067;12;24058.0;0.0
11;54000;ASH_COATED_OSMIUM;9994;12;9992;14;9990;3;10013;14;10016;11;10019;14;10004.0;0.0
11;54000;INTARIAN_PEPPER_ROOT;24051;12;24049;12;;;24062;21;24065;16;;;24057.0;0.0
11;54100;ASH_COATED_OSMIUM;9991;15;9988;13;9987;10;10007;15;10010;11;10013;11;9999.5;0.0
11;54100;INTARIAN_PEPPER_ROOT;24053;21;24052;12;;;24056;9;24057;12;;;24055.0;0.0
11;54200;ASH_COATED_OSMIUM;9997;27;9995;14;;;10013;10;10016;14;;;10005.0;0.0
11;54200;INTARIAN_PEPPER_ROOT;24052;6;24050;9;;;24065;11;24068;18;;;24058.5;0.0
11;54300;ASH_COATED_OSMIUM;9991;20;9988;12;;;10009;12;10010;14;;;10000.0;0.0
11;54300;INTARIAN_PEPPER_ROOT;24048;9;;;;;24061;12;;;;;24054.5;0.0
11;54400;ASH_COATED_OSMIUM;9991;15;9990;12;;;10007;14;10008;11;;;9999.5;0.0
11;54400;INTARIAN_PEPPER_ROOT;24051;11;24048;9;24045;10;24062;12;24065;9;24066;9;24057.0;0.0
11;54500;ASH_COATED_OSMIUM;9996;14;9995;13;;;10012;10;10013;13;;;10004.0;0.0
11;54500;INTARIAN_PEPPER_ROOT;24051;8;24050;12;24049;16;24062;10;24063;17;24065;10;24056.5;0.0
11;54600;ASH_COATED_OSMIUM;9996;21;9994;10;;;10012;22;10015;10;;;10004.0;0.0
11;54600;INTARIAN_PEPPER_ROOT;24047;8;;;;;24063;12;;;;;24055.0;0.0
11;54700;ASH_COATED_OSMIUM;9996;27;9995;5;;;10012;15;10013;10;;;10004.0;0.0
11;54700;INTARIAN_PEPPER_ROOT;24050;8;24048;10;;;24062;10;24063;15;;;24056.0;0.0
11;54800;ASH_COATED_OSMIUM;9995;10;9993;28;;;10011;11;10012;26;;;10003.5;0.0
11;54800;INTARIAN_PEPPER_ROOT;24044;12;24042;11;;;24058;10;24061;8;;;24051.5;0.0
11;54900;ASH_COATED_OSMIUM;9990;13;;;;;10006;28;;;;;9998.5;0.0
11;54900;INTARIAN_PEPPER_ROOT;24048;10;24045;11;;;24064;10;24065;10;;;24056.0;0.0
11;55000;ASH_COATED_OSMIUM;9990;10;9988;13;9986;10;10006;14;10009;11;10011;11;9998.5;0.0
11;55000;INTARIAN_PEPPER_ROOT;24044;11;24041;8;24040;12;24058;9;24059;9;24061;9;24051.5;0.0
11;55100;ASH_COATED_OSMIUM;9989;29;9987;8;;;10007;13;10009;8;;;9998.5;0.0
11;55100;INTARIAN_PEPPER_ROOT;24047;8;24046;18;;;24062;21;24064;12;;;24055.0;0.0
11;55200;ASH_COATED_OSMIUM;9989;11;;;;;10008;30;;;;;9999.0;0.0
11;55200;INTARIAN_PEPPER_ROOT;24044;9;;;;;24056;9;;;;;24050.0;0.0
11;55300;ASH_COATED_OSMIUM;9994;15;9991;12;9990;10;10013;12;10015;15;10016;10;10004.0;0.0
11;55300;INTARIAN_PEPPER_ROOT;24047;11;24044;12;24041;24;24061;11;24062;9;24065;10;24054.5;0.0
11;55400;ASH_COATED_OSMIUM;9990;14;9987;5;;;10006;11;10007;14;;;9998.0;0.0
11;55400;INTARIAN_PEPPER_ROOT;24048;10;24047;9;;;24062;12;24064;19;;;24055.5;0.0
11;55500;ASH_COATED_OSMIUM;10000;13;9998;14;9997;29;10005;15;10006;14;10007;20;10002.5;0.0
11;55500;INTARIAN_PEPPER_ROOT;24050;23;;;;;24067;12;;;;;24058.5;0.0
11;55600;ASH_COATED_OSMIUM;9989;11;9988;10;;;10005;11;10008;10;;;9997.0;0.0
11;55600;INTARIAN_PEPPER_ROOT;24056;10;24054;11;;;24070;8;24071;12;;;24063.0;0.0
11;55700;ASH_COATED_OSMIUM;9993;15;9990;15;;;10012;14;10013;13;;;10002.5;0.0
11;55700;INTARIAN_PEPPER_ROOT;24049;11;24046;8;24045;10;24061;9;24063;8;24065;10;24055.0;0.0
11;55800;ASH_COATED_OSMIUM;9989;10;9988;13;;;10005;13;10007;11;;;9997.5;0.0
11;55800;INTARIAN_PEPPER_ROOT;24048;25;24046;9;24044;9;24061;8;24064;8;24067;10;24054.5;0.0
11;55900;ASH_COATED_OSMIUM;9989;13;;;;;10005;12;;;;;9997.5;0.0
11;55900;INTARIAN_PEPPER_ROOT;24047;9;;;;;24061;12;;;;;24054.5;0.0
11;56000;ASH_COATED_OSMIUM;9994;10;9992;27;9989;10;10010;30;10013;14;10016;10;10002.5;0.0
11;56000;INTARIAN_PEPPER_ROOT;24049;11;24046;24;;;24060;12;24061;12;;;24054.5;0.0
11;56100;ASH_COATED_OSMIUM;9994;12;9992;10;;;10010;13;10012;10;;;10002.0;0.0
11;56100;INTARIAN_PEPPER_ROOT;24048;11;24046;8;;;24060;19;24061;12;;;24054.5;0.0
11;56200;ASH_COATED_OSMIUM;9993;13;9992;12;;;10009;14;10012;10;;;10001.5;0.0
11;56200;INTARIAN_PEPPER_ROOT;24045;12;;;;;24060;11;;;;;24053.0;0.0
11;56300;ASH_COATED_OSMIUM;9993;23;9990;10;9987;27;10009;21;10010;30;10013;12;10001.5;0.0
11;56300;INTARIAN_PEPPER_ROOT;24050;11;24048;8;24045;11;24063;10;24066;9;24067;9;24057.0;0.0
11;56400;ASH_COATED_OSMIUM;9988;10;9987;14;9985;10;10004;14;10007;13;10008;15;9996.5;0.0
11;56400;INTARIAN_PEPPER_ROOT;24053;10;24051;8;;;24056;17;24057;10;;;24055.0;0.0
11;56500;ASH_COATED_OSMIUM;9993;28;;;;;10009;13;;;;;10001.5;0.0
11;56500;INTARIAN_PEPPER_ROOT;24048;10;24045;17;24044;9;24060;11;24061;8;24064;8;24054.5;0.0
11;56600;ASH_COATED_OSMIUM;9988;14;9985;11;9983;23;10004;14;10006;10;10009;26;9996.0;0.0
11;56600;INTARIAN_PEPPER_ROOT;24052;11;24049;12;;;24064;24;24065;12;;;24058.0;0.0
11;56700;ASH_COATED_OSMIUM;9988;14;9986;11;;;10004;13;10007;14;;;9996.0;0.0
11;56700;INTARIAN_PEPPER_ROOT;24045;11;24044;8;;;24060;11;24063;4;;;24053.0;0.0
11;56800;ASH_COATED_OSMIUM;9991;14;9989;10;;;10010;14;10011;10;;;10001.0;0.0
11;56800;INTARIAN_PEPPER_ROOT;24047;22;24045;12;24044;12;24061;9;24064;12;24066;10;24054.0;0.0
11;56900;ASH_COATED_OSMIUM;9988;12;9987;15;9984;13;10004;27;10005;26;10008;12;9996.0;0.0
11;56900;INTARIAN_PEPPER_ROOT;24055;11;;;;;24068;25;;;;;24061.5;0.0
11;57000;ASH_COATED_OSMIUM;9996;12;9994;11;;;10005;13;10008;14;;;10001.0;0.0
11;57000;INTARIAN_PEPPER_ROOT;24052;12;24051;8;;;24063;23;24065;9;;;24057.5;0.0
11;57100;ASH_COATED_OSMIUM;9992;14;;;;;10010;12;;;;;10001.0;0.0
11;57100;INTARIAN_PEPPER_ROOT;24052;18;24049;8;24048;11;24066;12;24067;11;24069;8;24059.5;0.0
11;57200;ASH_COATED_OSMIUM;9992;14;9991;27;;;10010;15;10011;11;;;10001.5;0.0
11;57200;INTARIAN_PEPPER_ROOT;24052;25;24050;11;;;24063;8;24066;12;;;24057.5;0.0
11;57300;ASH_COATED_OSMIUM;9993;14;9990;15;9989;10;10009;11;10010;22;10013;14;10001.5;0.0
11;57300;INTARIAN_PEPPER_ROOT;24052;8;;;;;24064;9;;;;;24058.0;0.0
11;57400;ASH_COATED_OSMIUM;9993;12;9990;10;9988;13;10011;12;10014;12;10015;22;10002.0;0.0
11;57400;INTARIAN_PEPPER_ROOT;24046;12;24044;10;24043;12;24062;25;24064;10;24066;10;24054.0;0.0
11;57500;ASH_COATED_OSMIUM;9992;12;;;;;10011;10;;;;;10002.0;0.0
11;57500;INTARIAN_PEPPER_ROOT;24047;9;24045;10;24042;11;24061;12;24063;23;24066;12;24054.0;0.0
11;57600;ASH_COATED_OSMIUM;9988;10;;;;;10004;14;;;;;9996.5;0.0
11;57600;INTARIAN_PEPPER_ROOT;24049;22;24048;10;;;24063;9;24066;10;;;24056.5;0.0
11;57700;ASH_COATED_OSMIUM;9997;10;9994;11;;;10007;23;10009;29;;;10002.0;0.0
11;57700;INTARIAN_PEPPER_ROOT;24049;9;24046;10;;;24063;8;24064;9;;;24056.5;0.0
11;57800;ASH_COATED_OSMIUM;9994;12;9991;2;;;10010;14;10011;12;;;10002.0;0.0
11;57800;INTARIAN_PEPPER_ROOT;24045;11;24042;8;24041;23;24061;10;24063;10;24064;11;24053.5;0.0
11;57900;ASH_COATED_OSMIUM;9994;11;9991;25;;;10010;14;10013;12;;;10002.0;0.0
11;57900;INTARIAN_PEPPER_ROOT;24050;9;;;;;24063;8;;;;;24057.0;0.0
11;58000;ASH_COATED_OSMIUM;9993;11;9990;15;9989;12;10009;13;10012;12;10015;15;10001.5;0.0
11;58000;INTARIAN_PEPPER_ROOT;24051;20;24049;8;24048;10;24063;15;24064;8;24066;8;24057.5;0.0
11;58100;ASH_COATED_OSMIUM;9994;2;9992;27;9991;21;10010;10;10011;10;10014;15;10002.0;0.0
11;58100;INTARIAN_PEPPER_ROOT;24050;12;24047;10;24044;9;24063;12;24066;11;24067;8;24057.0;0.0
11;58200;ASH_COATED_OSMIUM;9991;13;9990;14;;;10001;15;10004;15;;;9996.0;0.0
11;58200;INTARIAN_PEPPER_ROOT;24057;8;24054;11;;;24069;12;24070;23;;;24063.5;0.0
11;58300;ASH_COATED_OSMIUM;9988;30;;;;;10004;12;;;;;9996.5;0.0
11;58300;INTARIAN_PEPPER_ROOT;24053;19;;;;;24066;11;;;;;24060.0;0.0
11;58400;ASH_COATED_OSMIUM;9989;14;9988;30;;;10005;10;10008;26;;;9997.0;0.0
11;58400;INTARIAN_PEPPER_ROOT;24052;12;24051;9;;;24064;9;24065;10;;;24058.5;0.0
11;58500;ASH_COATED_OSMIUM;9994;13;;;;;10010;11;;;;;10002.5;0.0
11;58500;INTARIAN_PEPPER_ROOT;24057;8;;;;;24070;9;;;;;24064.0;0.0
11;58600;ASH_COATED_OSMIUM;9989;15;;;;;10005;10;;;;;9997.5;0.0
11;58600;INTARIAN_PEPPER_ROOT;24048;11;24046;11;24043;9;24063;10;24064;8;24067;8;24055.5;0.0
11;58700;ASH_COATED_OSMIUM;9994;12;9992;15;9991;10;10010;13;10012;11;10015;25;10002.5;0.0
11;58700;INTARIAN_PEPPER_ROOT;24050;9;24049;18;;;24062;19;24065;9;;;24056.0;0.0
11;58800;ASH_COATED_OSMIUM;9995;10;;;;;10011;11;;;;;10003.0;0.0
11;58800;INTARIAN_PEPPER_ROOT;24056;12;;;;;24067;8;;;;;24062.0;0.0
11;58900;ASH_COATED_OSMIUM;9998;15;9997;20;9994;13;10007;13;10009;11;10010;24;10003.0;0.0
11;58900;INTARIAN_PEPPER_ROOT;24052;11;24049;8;;;24064;8;24065;10;;;24058.0;0.0
11;59000;ASH_COATED_OSMIUM;9994;10;;;;;10012;11;;;;;10003.0;0.0
11;59000;INTARIAN_PEPPER_ROOT;24054;9;24052;18;24051;9;24067;11;24069;10;24071;9;24060.5;0.0
11;59100;ASH_COATED_OSMIUM;9990;15;9987;23;9984;10;10006;14;10009;11;10011;11;9998.0;0.0
11;59100;INTARIAN_PEPPER_ROOT;24052;18;24049;12;24048;12;24065;9;24066;7;24068;11;24059.0;0.0
11;59200;ASH_COATED_OSMIUM;9993;24;9991;14;;;10012;12;10013;10;;;10003.0;0.0
11;59200;INTARIAN_PEPPER_ROOT;24047;9;24045;11;24044;8;24063;12;24066;8;24069;10;24055.0;0.0
11;59300;ASH_COATED_OSMIUM;9990;21;;;;;10006;14;;;;;9998.5;0.0
11;59300;INTARIAN_PEPPER_ROOT;24055;9;24053;15;24050;12;24066;12;24067;11;24070;11;24060.5;0.0
11;59400;ASH_COATED_OSMIUM;9988;11;9986;14;9983;14;10007;30;10010;12;10013;10;9998.0;0.0
11;59400;INTARIAN_PEPPER_ROOT;24051;12;24050;8;24048;15;24064;12;24066;22;24067;8;24058.0;0.0
11;59500;ASH_COATED_OSMIUM;9995;11;9992;15;9990;13;10011;15;10014;15;10017;14;10003.5;0.0
11;59500;INTARIAN_PEPPER_ROOT;24054;9;;;;;24068;8;;;;;24061.0;0.0
11;59600;ASH_COATED_OSMIUM;9994;13;;;;;10012;10;;;;;10003.5;0.0
11;59600;INTARIAN_PEPPER_ROOT;24047;12;24045;8;24044;9;24059;11;24062;10;24063;9;24053.0;0.0
11;59700;ASH_COATED_OSMIUM;9996;15;;;;;10012;14;;;;;10004.0;0.0
11;59700;INTARIAN_PEPPER_ROOT;24057;10;;;;;24070;11;;;;;24064.0;0.0
11;59800;ASH_COATED_OSMIUM;9995;15;9992;15;9991;11;10011;10;10014;11;10016;10;10003.5;0.0
11;59800;INTARIAN_PEPPER_ROOT;24053;9;24052;10;24050;12;24066;18;24067;10;24069;9;24059.5;0.0
11;59900;ASH_COATED_OSMIUM;9994;24;9991;12;9989;11;10013;13;10014;12;10017;15;10003.5;0.0
11;59900;INTARIAN_PEPPER_ROOT;24055;10;24052;12;;;24067;9;24069;11;;;24061.5;0.0
11;60000;ASH_COATED_OSMIUM;9988;10;9985;13;9982;12;10009;11;10012;14;10015;13;9998.5;0.0
11;60000;INTARIAN_PEPPER_ROOT;24054;24;24051;9;;;24066;8;24067;10;;;24060.0;0.0
11;60100;ASH_COATED_OSMIUM;9989;10;9988;15;;;10007;14;10009;10;;;9998.0;0.0
11;60100;INTARIAN_PEPPER_ROOT;24059;9;24056;12;;;24061;9;24064;11;;;24060.0;0.0
11;60200;ASH_COATED_OSMIUM;9995;12;9994;11;;;10011;15;10014;13;;;10003.0;0.0
11;60200;INTARIAN_PEPPER_ROOT;24052;11;;;;;24068;8;;;;;24060.5;0.0
11;60300;ASH_COATED_OSMIUM;9992;24;9991;10;;;10002;14;10003;12;;;9997.5;0.0
11;60300;INTARIAN_PEPPER_ROOT;24050;20;24048;12;24045;19;24065;11;24066;8;24069;11;24057.5;0.0
11;60400;ASH_COATED_OSMIUM;9992;15;;;;;10002;27;;;;;9997.5;0.0
11;60400;INTARIAN_PEPPER_ROOT;24053;12;;;;;24071;10;;;;;24062.0;0.0
11;60500;ASH_COATED_OSMIUM;9989;15;;;;;10005;13;;;;;9997.0;0.0
11;60500;INTARIAN_PEPPER_ROOT;24051;12;24048;10;;;24063;10;24065;15;;;24057.5;0.0
11;60600;ASH_COATED_OSMIUM;9993;12;9992;10;;;10011;13;10013;11;;;10002.0;0.0
11;60600;INTARIAN_PEPPER_ROOT;24051;11;24048;22;;;24064;10;24067;9;;;24058.0;0.0
11;60700;ASH_COATED_OSMIUM;9993;21;9991;20;;;10011;15;10013;11;;;10002.0;0.0
11;60700;INTARIAN_PEPPER_ROOT;24054;8;24051;11;24048;9;24065;8;24067;10;24070;12;24059.5;0.0
11;60800;ASH_COATED_OSMIUM;9989;10;9987;12;;;10005;13;10008;13;;;9997.0;0.0
11;60800;INTARIAN_PEPPER_ROOT;24054;8;;;;;24069;9;;;;;24061.5;0.0
11;60900;ASH_COATED_OSMIUM;9989;12;;;;;10005;14;;;;;9997.0;0.0
11;60900;INTARIAN_PEPPER_ROOT;24057;9;24055;10;24052;9;24070;11;24073;11;24076;9;24063.5;0.0
11;61000;ASH_COATED_OSMIUM;9988;28;9987;15;9986;13;10006;15;10008;11;10010;15;9997.0;0.0
11;61000;INTARIAN_PEPPER_ROOT;24054;9;24052;11;24050;12;24068;9;24070;9;24073;8;24061.5;0.0
11;61100;ASH_COATED_OSMIUM;9989;10;9987;11;9986;10;10005;3;10007;11;10010;10;9997.5;0.0
11;61100;INTARIAN_PEPPER_ROOT;24056;17;;;;;24067;21;;;;;24061.5;0.0
11;61200;ASH_COATED_OSMIUM;9988;14;9986;15;;;10006;15;10008;14;;;9997.0;0.0
11;61200;INTARIAN_PEPPER_ROOT;24053;9;24050;17;24048;8;24066;12;24069;10;24071;12;24060.0;0.0
11;61300;ASH_COATED_OSMIUM;9988;12;9987;14;;;10004;13;10007;15;;;9996.0;0.0
11;61300;INTARIAN_PEPPER_ROOT;24056;8;24055;8;;;24068;10;24070;9;;;24062.0;0.0
11;61400;ASH_COATED_OSMIUM;9985;13;9984;11;9981;15;10004;14;10005;15;10007;10;9994.5;0.0
11;61400;INTARIAN_PEPPER_ROOT;24058;8;24057;12;;;24072;9;24074;8;;;24065.0;0.0
11;61500;ASH_COATED_OSMIUM;9986;13;;;;;10002;14;;;;;9994.5;0.0
11;61500;INTARIAN_PEPPER_ROOT;24055;10;24054;10;;;24068;21;24071;10;;;24062.0;0.0
11;61600;ASH_COATED_OSMIUM;9987;12;9986;30;;;10003;13;10004;12;;;9995.0;0.0
11;61600;INTARIAN_PEPPER_ROOT;24052;10;24051;12;;;24064;9;24067;9;;;24058.5;0.0
11;61700;ASH_COATED_OSMIUM;9986;11;9983;10;;;10004;15;10007;13;;;9995.0;0.0
11;61700;INTARIAN_PEPPER_ROOT;24056;8;24054;24;;;24069;9;24070;17;;;24062.5;0.0
11;61800;ASH_COATED_OSMIUM;9987;10;;;;;10003;20;;;;;9995.5;0.0
11;61800;INTARIAN_PEPPER_ROOT;24056;8;24054;11;;;24068;12;24070;25;;;24062.0;0.0
11;61900;ASH_COATED_OSMIUM;9987;11;9985;26;9983;11;10003;11;10004;25;10006;14;9995.5;0.0
11;61900;INTARIAN_PEPPER_ROOT;24055;8;;;;;24067;11;;;;;24061.5;0.0
11;62000;ASH_COATED_OSMIUM;9996;14;9993;12;9990;11;10006;12;10007;14;10009;10;10001.0;0.0
11;62000;INTARIAN_PEPPER_ROOT;24054;20;;;;;24070;10;;;;;24062.0;0.0
11;62100;ASH_COATED_OSMIUM;9992;25;;;;;10008;12;;;;;10000.5;0.0
11;62100;INTARIAN_PEPPER_ROOT;24059;8;24057;8;;;24062;9;24063;10;;;24061.0;0.0
11;62200;ASH_COATED_OSMIUM;9992;14;9989;11;;;10008;15;10010;14;;;10000.5;0.0
11;62200;INTARIAN_PEPPER_ROOT;24056;12;24054;12;;;24069;12;24071;11;;;24062.5;0.0
11;62300;ASH_COATED_OSMIUM;9992;13;9989;11;9987;15;10008;7;10011;10;10012;10;10000.0;0.0
11;62300;INTARIAN_PEPPER_ROOT;24055;9;;;;;24069;21;;;;;24062.5;0.0
11;62400;ASH_COATED_OSMIUM;9986;27;9983;14;;;10002;15;10005;10;;;9994.0;0.0
11;62400;INTARIAN_PEPPER_ROOT;24055;12;24052;11;24049;9;24068;12;24069;9;24072;12;24061.5;0.0
11;62500;ASH_COATED_OSMIUM;9991;11;9988;14;;;10007;14;10009;13;;;9999.5;0.0
11;62500;INTARIAN_PEPPER_ROOT;24056;8;24053;8;24052;11;24068;8;24070;10;24073;12;24062.0;0.0
11;62600;ASH_COATED_OSMIUM;9991;13;9990;15;9987;14;10007;13;10009;10;10010;10;9999.5;0.0
11;62600;INTARIAN_PEPPER_ROOT;24060;9;24058;9;24057;10;24071;8;24072;8;24073;10;24065.5;0.0
11;62700;ASH_COATED_OSMIUM;9985;13;9983;14;9981;14;10001;15;10004;11;10006;11;9993.5;0.0
11;62700;INTARIAN_PEPPER_ROOT;24054;9;24051;12;24048;9;24068;15;24069;12;24071;11;24061.0;0.0
11;62800;ASH_COATED_OSMIUM;9991;13;;;;;10007;10;;;;;9999.0;0.0
11;62800;INTARIAN_PEPPER_ROOT;24058;9;;;;;24073;8;;;;;24065.5;0.0
11;62900;ASH_COATED_OSMIUM;9993;13;;;;;10004;10;;;;;9999.0;0.0
11;62900;INTARIAN_PEPPER_ROOT;24056;8;;;;;24069;9;;;;;24063.0;0.0
11;63000;ASH_COATED_OSMIUM;9989;12;9987;12;;;9999;10;10001;13;;;9994.0;0.0
11;63000;INTARIAN_PEPPER_ROOT;24057;12;24055;20;;;24071;8;24073;10;;;24064.5;0.0
11;63100;ASH_COATED_OSMIUM;9991;15;;;;;10007;11;;;;;9999.5;0.0
11;63100;INTARIAN_PEPPER_ROOT;24057;8;24054;9;;;24072;11;24075;12;;;24065.0;0.0
11;63200;ASH_COATED_OSMIUM;9986;13;9983;14;;;10002;10;10003;10;;;9994.0;0.0
11;63200;INTARIAN_PEPPER_ROOT;24058;8;;;;;24070;10;;;;;24064.5;0.0
11;63300;ASH_COATED_OSMIUM;9986;10;9983;3;9980;10;10002;21;10005;15;10007;14;9994.0;0.0
11;63300;INTARIAN_PEPPER_ROOT;24059;9;24058;16;;;24071;8;24074;12;;;24065.0;0.0
11;63400;ASH_COATED_OSMIUM;9986;20;9983;12;;;10002;29;10005;29;;;9994.5;0.0
11;63400;INTARIAN_PEPPER_ROOT;24056;11;;;;;24073;12;;;;;24064.5;0.0
11;63500;ASH_COATED_OSMIUM;9986;15;;;;;10004;5;;;;;9995.0;0.0
11;63500;INTARIAN_PEPPER_ROOT;24060;11;24057;9;;;24073;11;24076;11;;;24066.5;0.0
11;63600;ASH_COATED_OSMIUM;9987;13;9986;14;9984;10;10003;29;10004;14;10007;13;9995.5;0.0
11;63600;INTARIAN_PEPPER_ROOT;24056;10;24053;11;;;24069;9;24071;11;;;24062.5;0.0
11;63700;ASH_COATED_OSMIUM;9986;12;9983;10;;;10005;15;10008;15;;;9995.5;0.0
11;63700;INTARIAN_PEPPER_ROOT;24061;12;;;;;24072;8;;;;;24066.5;0.0
11;63800;ASH_COATED_OSMIUM;9992;11;9990;22;9989;25;10008;10;10010;14;10012;5;10000.5;0.0
11;63800;INTARIAN_PEPPER_ROOT;24056;9;24055;12;24053;11;24070;18;24071;12;24072;23;24063.5;0.0
