day;timestamp;product;bid_price_1;bid_volume_1;bid_price_2;bid_volume_2;bid_price_3;bid_volume_3;ask_price_1;ask_volume_1;ask_price_2;ask_volume_2;ask_price_3;ask_volume_3;mid_price;profit_and_loss
4;0;ASH_COATED_OSMIUM;9988;14;9987;12;;;10006;10;10009;10;;;9997.0;0.0
4;0;INTARIAN_PEPPER_ROOT;16996;8;16993;9;;;17010;11;17011;20;;;17003.5;0.0
4;100;ASH_COATED_OSMIUM;9994;12;9993;12;;;10010;20;10013;15;;;10002.5;0.0
4;100;INTARIAN_PEPPER_ROOT;16990;19;16989;12;16987;24;17006;10;17007;9;17010;8;16998.5;0.0
4;200;ASH_COATED_OSMIUM;9994;21;9991;3;;;10010;10;10011;15;;;10002.5;0.0
4;200;INTARIAN_PEPPER_ROOT;16994;8;16991;23;;;17007;19;17008;4;;;17001.0;0.0
4;300;ASH_COATED_OSMIUM;9994;15;9992;10;;;10010;12;10013;23;;;10002.0;0.0
4;300;INTARIAN_PEPPER_ROOT;16994;10;16991;11;;;17006;12;17009;10;;;17000.0;0.0
4;400;ASH_COATED_OSMIUM;9988;27;9986;21;;;10004;14;10007;15;;;9996.5;0.0
4;400;INTARIAN_PEPPER_ROOT;17001;17;17000;11;16998;12;17012;9;17014;10;17017;11;17007.0;0.0
4;500;ASH_COATED_OSMIUM;9988;10;9985;15;;;10004;13;10006;10;;;9996.0;0.0
4;500;INTARIAN_PEPPER_ROOT;16995;12;16993;8;;;17008;9;17011;8;;;17002.0;0.0
4;600;ASH_COATED_OSMIUM;9988;10;;;;;10004;12;;;;;9996.5;0.0
4;600;INTARIAN_PEPPER_ROOT;16993;18;16992;11;16990;9;17006;9;17009;25;17011;10;17000.0;0.0
4;700;ASH_COATED_OSMIUM;9991;13;9988;14;;;10001;26;10003;13;;;9996.5;0.0
4;700;INTARIAN_PEPPER_ROOT;16993;11;16990;18;;;17008;11;17010;8;;;17001.0;0.0
4;800;ASH_COATED_OSMIUM;9992;14;;;;;10011;5;;;;;10001.5;0.0
4;800;INTARIAN_PEPPER_ROOT;16996;9;16995;12;;;17010;11;17012;11;;;17003.5;0.0
4;900;ASH_COATED_OSMIUM;9988;13;9986;10;;;10004;30;10005;24;;;9996.0;0.0
4;900;INTARIAN_PEPPER_ROOT;16990;23;16987;10;;;17006;15;17008;12;;;16998.5;0.0
4;1000;ASH_COATED_OSMIUM;9988;14;9987;15;;;10004;10;10006;30;;;9996.5;0.0
4;1000;INTARIAN_PEPPER_ROOT;16995;9;16992;10;16990;8;17009;12;17012;11;17015;20;17002.0;0.0
4;1100;ASH_COATED_OSMIUM;9994;10;9992;12;;;10010;15;10013;15;;;10002.0;0.0
4;1100;INTARIAN_PEPPER_ROOT;16992;10;16990;8;16989;12;17007;10;17009;8;17010;8;16999.5;0.0
4;1200;ASH_COATED_OSMIUM;9992;14;9989;15;;;10011;12;10014;11;;;10002.0;0.0
4;1200;INTARIAN_PEPPER_ROOT;16995;12;16993;9;;;17009;8;17012;10;;;17002.5;0.0
4;1300;ASH_COATED_OSMIUM;9993;26;9991;13;;;10011;13;10014;14;;;10002.0;0.0
4;1300;INTARIAN_PEPPER_ROOT;16994;22;16992;12;;;17010;8;17011;12;;;17002.0;0.0
4;1400;ASH_COATED_OSMIUM;9988;11;9987;11;9986;13;10004;10;10007;15;10008;30;9996.5;0.0
4;1400;INTARIAN_PEPPER_ROOT;16994;8;16992;11;16989;11;17011;9;17014;11;17015;24;17002.5;0.0
4;1500;ASH_COATED_OSMIUM;9992;11;;;;;10011;5;;;;;10001.5;0.0
4;1500;INTARIAN_PEPPER_ROOT;16997;9;16996;16;;;17010;10;17013;8;;;17004.0;0.0
4;1600;ASH_COATED_OSMIUM;9997;14;9996;14;9993;10;10005;15;10006;24;10009;10;10001.0;0.0
4;1600;INTARIAN_PEPPER_ROOT;16997;8;;;;;17008;11;;;;;17003.0;0.0
4;1700;ASH_COATED_OSMIUM;9993;15;9992;12;;;10009;14;10010;10;;;10001.0;0.0
4;1700;INTARIAN_PEPPER_ROOT;16997;10;16994;9;16992;8;17009;9;17011;10;17013;22;17003.5;0.0
4;1800;ASH_COATED_OSMIUM;9993;10;;;;;10009;11;;;;;10001.0;0.0
4;1800;INTARIAN_PEPPER_ROOT;16993;8;16992;9;16990;12;17009;10;17011;12;17013;12;17001.0;0.0
4;1900;ASH_COATED_OSMIUM;9991;12;;;;;10010;13;;;;;10001.0;0.0
4;1900;INTARIAN_PEPPER_ROOT;17001;12;17000;20;16999;8;17005;12;17008;11;17010;22;17003.5;0.0
4;2000;ASH_COATED_OSMIUM;9986;11;9985;13;;;10002;11;10004;12;;;9994.5;0.0
4;2000;INTARIAN_PEPPER_ROOT;16996;20;16995;9;16994;9;17009;11;17012;8;17014;8;17002.5;0.0
4;2100;ASH_COATED_OSMIUM;9986;2;9984;2;;;10002;23;10005;11;;;9994.5;0.0
4;2100;INTARIAN_PEPPER_ROOT;16996;25;16994;12;;;17009;12;17012;11;;;17003.0;0.0
4;2200;ASH_COATED_OSMIUM;9991;2;;;;;10007;10;;;;;9999.5;0.0
4;2200;INTARIAN_PEPPER_ROOT;16996;11;16993;23;;;17009;10;17010;9;;;17003.0;0.0
4;2300;ASH_COATED_OSMIUM;9984;3;;;;;10003;14;;;;;9994.0;0.0
4;2300;INTARIAN_PEPPER_ROOT;16997;12;16994;8;;;17008;12;17009;8;;;17002.5;0.0
4;2400;ASH_COATED_OSMIUM;9994;12;;;;;10005;23;;;;;9999.5;0.0
4;2400;INTARIAN_PEPPER_ROOT;16996;11;;;;;17008;12;;;;;17002.5;0.0
4;2500;ASH_COATED_OSMIUM;9991;11;;;;;10007;14;;;;;9999.5;0.0
4;2500;INTARIAN_PEPPER_ROOT;16996;8;16995;22;;;17008;10;17009;11;;;17002.5;0.0
4;2600;ASH_COATED_OSMIUM;9987;11;9986;15;;;10003;10;10004;11;;;9995.0;0.0
4;2600;INTARIAN_PEPPER_ROOT;16999;9;16997;8;;;17010;9;17013;8;;;17004.5;0.0
4;2700;ASH_COATED_OSMIUM;9992;22;9991;11;9990;2;10008;26;10009;12;10011;4;10000.5;0.0
4;2700;INTARIAN_PEPPER_ROOT;16997;9;16995;10;;;17009;9;17012;12;;;17003.5;0.0
4;2800;ASH_COATED_OSMIUM;9995;14;9994;26;;;10006;25;10007;13;;;10000.5;0.0
4;2800;INTARIAN_PEPPER_ROOT;16997;4;;;;;17011;10;;;;;17004.5;0.0
4;2900;ASH_COATED_OSMIUM;9986;15;9984;15;;;10004;14;10007;10;;;9995.0;0.0
4;2900;INTARIAN_PEPPER_ROOT;16994;8;16993;11;;;17009;10;17011;11;;;17002.0;0.0
4;3000;ASH_COATED_OSMIUM;9991;15;;;;;10009;13;;;;;10000.5;0.0
4;3000;INTARIAN_PEPPER_ROOT;16994;10;;;;;17008;8;;;;;17001.5;0.0
4;3100;ASH_COATED_OSMIUM;9987;13;9986;10;;;10003;10;10005;15;;;9995.5;0.0
4;3100;INTARIAN_PEPPER_ROOT;16996;10;16995;11;16993;11;17010;9;17012;18;17013;8;17003.0;0.0
4;3200;ASH_COATED_OSMIUM;9986;12;9983;24;;;10004;13;10006;15;;;9995.0;0.0
4;3200;INTARIAN_PEPPER_ROOT;16992;8;16991;9;;;17012;10;17014;21;;;17002.0;0.0
4;3300;ASH_COATED_OSMIUM;9985;30;;;;;10004;12;;;;;9994.5;0.0
4;3300;INTARIAN_PEPPER_ROOT;16995;15;;;;;17011;10;;;;;17003.0;0.0
4;3400;ASH_COATED_OSMIUM;9991;21;9990;14;;;10007;15;10008;14;;;9999.5;0.0
4;3400;INTARIAN_PEPPER_ROOT;16997;12;;;;;17008;10;;;;;17002.5;0.0
4;3500;ASH_COATED_OSMIUM;9991;10;9990;13;9987;24;10007;12;10008;22;10010;10;9999.5;0.0
4;3500;INTARIAN_PEPPER_ROOT;16995;8;16993;10;;;17006;11;17008;8;;;17001.0;0.0
4;3600;ASH_COATED_OSMIUM;9997;14;9996;10;;;10003;10;10006;12;;;10000.0;0.0
4;3600;INTARIAN_PEPPER_ROOT;16996;8;16993;10;;;17009;10;17010;11;;;17002.5;0.0
4;3700;ASH_COATED_OSMIUM;9992;25;9990;27;;;10008;15;10010;12;;;10000.0;0.0
4;3700;INTARIAN_PEPPER_ROOT;16999;11;16996;12;16993;9;17012;11;17014;9;17016;12;17006.0;0.0
4;3800;ASH_COATED_OSMIUM;9987;11;9985;14;;;10003;15;10004;11;;;9995.5;0.0
4;3800;INTARIAN_PEPPER_ROOT;16998;21;16996;10;16994;19;17010;9;17011;8;17014;11;17004.5;0.0
4;3900;ASH_COATED_OSMIUM;9988;12;9987;15;;;10004;21;10006;25;;;9996.5;0.0
4;3900;INTARIAN_PEPPER_ROOT;16994;24;16993;12;;;17006;12;17009;8;;;17000.0;0.0
4;4000;ASH_COATED_OSMIUM;9988;14;9986;15;9985;15;10006;14;10009;11;10011;15;9997.0;0.0
4;4000;INTARIAN_PEPPER_ROOT;16992;10;;;;;17006;9;;;;;16999.0;0.0
4;4100;ASH_COATED_OSMIUM;9989;20;9988;12;9986;11;10005;14;10008;11;10010;15;9997.0;0.0
4;4100;INTARIAN_PEPPER_ROOT;17002;23;17000;10;;;17014;8;17017;9;;;17008.0;0.0
4;4200;ASH_COATED_OSMIUM;9989;12;9988;12;;;10005;25;10007;10;;;9997.0;0.0
4;4200;INTARIAN_PEPPER_ROOT;16996;10;16995;12;16993;23;17010;10;17013;11;17015;12;17003.5;0.0
4;4300;ASH_COATED_OSMIUM;9997;13;9996;15;;;10007;28;10009;12;;;10002.0;0.0
4;4300;INTARIAN_PEPPER_ROOT;16999;9;;;;;17012;15;;;;;17006.0;0.0
4;4400;ASH_COATED_OSMIUM;9987;15;9986;12;;;10006;10;10009;14;;;9996.5;0.0
4;4400;INTARIAN_PEPPER_ROOT;16999;9;16998;8;;;17010;10;17011;10;;;17005.0;0.0
4;4500;ASH_COATED_OSMIUM;9988;24;9986;14;9984;10;10004;12;10006;14;10007;11;9996.0;0.0
4;4500;INTARIAN_PEPPER_ROOT;17000;8;16997;12;;;17012;10;17013;10;;;17006.0;0.0
4;4600;ASH_COATED_OSMIUM;9993;15;9990;13;;;10009;11;10010;13;;;10001.5;0.0
4;4600;INTARIAN_PEPPER_ROOT;16996;9;16993;10;;;17009;9;17011;8;;;17003.0;0.0
4;4700;ASH_COATED_OSMIUM;9991;21;9988;15;;;10012;14;10014;10;;;10001.5;0.0
4;4700;INTARIAN_PEPPER_ROOT;16998;9;16995;12;16993;8;17011;11;17014;8;17015;11;17004.5;0.0
4;4800;ASH_COATED_OSMIUM;9993;15;9992;11;;;10011;14;10014;11;;;10002.0;0.0
4;4800;INTARIAN_PEPPER_ROOT;16999;11;;;;;17011;11;;;;;17005.5;0.0
4;4900;ASH_COATED_OSMIUM;9991;20;9990;11;9988;11;10012;10;10015;30;10018;25;10002.0;0.0
4;4900;INTARIAN_PEPPER_ROOT;16995;10;16994;9;;;17008;10;17010;8;;;17002.0;0.0
4;5000;ASH_COATED_OSMIUM;9987;13;9986;20;9983;12;10006;24;10008;10;10009;14;9997.0;0.0
4;5000;INTARIAN_PEPPER_ROOT;17000;10;;;;;17015;18;;;;;17007.5;0.0
4;5100;ASH_COATED_OSMIUM;9997;10;;;;;10006;10;;;;;10001.5;0.0
4;5100;INTARIAN_PEPPER_ROOT;17003;8;17002;12;;;17015;21;17017;8;;;17009.0;0.0
4;5200;ASH_COATED_OSMIUM;9994;30;9991;13;;;10010;12;10013;24;;;10002.0;0.0
4;5200;INTARIAN_PEPPER_ROOT;16997;9;;;;;17009;12;;;;;17003.5;0.0
4;5300;ASH_COATED_OSMIUM;9993;10;9992;12;;;10009;12;10012;13;;;10001.5;0.0
4;5300;INTARIAN_PEPPER_ROOT;16997;12;16994;12;;;17009;9;17011;8;;;17003.5;0.0
4;5400;ASH_COATED_OSMIUM;9987;11;9986;10;;;10005;6;10008;13;;;9996.5;0.0
4;5400;INTARIAN_PEPPER_ROOT;16993;8;16991;10;;;17005;12;17006;9;;;16999.5;0.0
4;5500;ASH_COATED_OSMIUM;9988;13;9987;10;9985;15;10004;15;10006;13;10007;13;9996.5;0.0
4;5500;INTARIAN_PEPPER_ROOT;16998;8;16995;10;;;17013;10;17015;8;;;17006.0;0.0
4;5600;ASH_COATED_OSMIUM;9988;12;9986;15;9983;10;10004;11;10006;10;10008;15;9996.5;0.0
4;5600;INTARIAN_PEPPER_ROOT;16999;9;16997;10;;;17010;12;17013;8;;;17004.5;0.0
4;5700;ASH_COATED_OSMIUM;9988;10;9985;10;9983;13;10006;13;10007;21;10010;13;9997.0;0.0
4;5700;INTARIAN_PEPPER_ROOT;17000;24;16997;22;16994;18;17014;9;17015;10;17018;9;17007.5;0.0
4;5800;ASH_COATED_OSMIUM;9989;11;9987;11;9986;15;10005;14;10008;10;10011;14;9997.0;0.0
4;5800;INTARIAN_PEPPER_ROOT;16999;11;;;;;17010;11;;;;;17005.0;0.0
4;5900;ASH_COATED_OSMIUM;9993;13;9992;13;9990;15;10009;20;10012;11;10015;10;10001.5;0.0
4;5900;INTARIAN_PEPPER_ROOT;16996;9;;;;;17012;12;;;;;17004.5;0.0
4;6000;ASH_COATED_OSMIUM;9993;22;;;;;10000;14;;;;;9996.5;0.0
4;6000;INTARIAN_PEPPER_ROOT;17004;8;17002;12;;;17015;12;17017;11;;;17009.5;0.0
4;6100;ASH_COATED_OSMIUM;9994;10;;;;;10010;14;;;;;10002.0;0.0
4;6100;INTARIAN_PEPPER_ROOT;16998;8;;;;;17012;8;;;;;17005.0;0.0
4;6200;ASH_COATED_OSMIUM;9988;12;9987;4;;;10004;14;10006;5;;;9996.0;0.0
4;6200;INTARIAN_PEPPER_ROOT;16998;11;16995;9;16992;10;17014;9;17017;11;17018;12;17006.5;0.0
4;6300;ASH_COATED_OSMIUM;9988;14;9987;26;;;10004;11;10005;13;;;9996.0;0.0
4;6300;INTARIAN_PEPPER_ROOT;16996;10;16995;8;;;17010;5;17012;8;;;17003.5;0.0
4;6400;ASH_COATED_OSMIUM;9993;11;9990;13;9988;25;10009;14;10010;10;10011;14;10001.0;0.0
4;6400;INTARIAN_PEPPER_ROOT;17003;11;17002;11;17001;11;17016;12;17018;12;17019;9;17010.0;0.0
4;6500;ASH_COATED_OSMIUM;9988;13;;;;;10004;13;;;;;9996.0;0.0
4;6500;INTARIAN_PEPPER_ROOT;16998;9;16996;25;16993;12;17011;11;17014;12;17017;9;17004.5;0.0
4;6600;ASH_COATED_OSMIUM;9992;12;9989;11;;;9999;10;10002;29;;;9995.5;0.0
4;6600;INTARIAN_PEPPER_ROOT;17005;11;;;;;17019;12;;;;;17012.0;0.0
4;6700;ASH_COATED_OSMIUM;9984;13;9982;13;9980;15;10005;12;10008;14;10009;11;9995.0;0.0
4;6700;INTARIAN_PEPPER_ROOT;17001;12;;;;;17015;12;;;;;17008.0;0.0
4;6800;ASH_COATED_OSMIUM;9992;13;;;;;10008;10;;;;;10000.5;0.0
4;6800;INTARIAN_PEPPER_ROOT;17003;8;17000;9;16999;12;17015;9;17017;8;17020;9;17009.0;0.0
4;6900;ASH_COATED_OSMIUM;9987;10;;;;;10003;11;;;;;9995.0;0.0
4;6900;INTARIAN_PEPPER_ROOT;16998;12;;;;;17014;9;;;;;17006.5;0.0
4;7000;ASH_COATED_OSMIUM;9992;10;9989;29;9987;4;10008;13;10010;13;10013;10;10000.5;0.0
4;7000;INTARIAN_PEPPER_ROOT;16998;11;;;;;17010;8;;;;;17004.5;0.0
4;7100;ASH_COATED_OSMIUM;9986;11;9985;12;;;10002;15;10004;15;;;9994.0;0.0
4;7100;INTARIAN_PEPPER_ROOT;16998;8;;;;;17011;9;;;;;17004.5;0.0
4;7200;ASH_COATED_OSMIUM;9986;14;;;;;10002;30;;;;;9994.0;0.0
4;7200;INTARIAN_PEPPER_ROOT;16997;9;;;;;17009;11;;;;;17003.5;0.0
4;7300;ASH_COATED_OSMIUM;9985;12;9984;14;9982;15;10004;11;10006;15;10007;10;9994.5;0.0
4;7300;INTARIAN_PEPPER_ROOT;16999;5;16996;12;;;17010;12;17012;12;;;17004.5;0.0
4;7400;ASH_COATED_OSMIUM;9990;10;9987;27;;;10009;10;10012;10;;;10000.0;0.0
4;7400;INTARIAN_PEPPER_ROOT;17000;8;16998;12;;;17014;11;17017;8;;;17007.5;0.0
4;7500;ASH_COATED_OSMIUM;9985;10;9982;13;;;10004;13;10006;15;;;9994.5;0.0
4;7500;INTARIAN_PEPPER_ROOT;17001;18;16999;10;16996;8;17017;12;17019;10;17022;11;17009.5;0.0
4;7600;ASH_COATED_OSMIUM;9992;10;9990;14;9987;14;10008;11;10011;13;10012;12;10000.5;0.0
4;7600;INTARIAN_PEPPER_ROOT;17002;10;;;;;17016;8;;;;;17009.0;0.0
4;7700;ASH_COATED_OSMIUM;9986;10;9983;14;;;10002;12;10005;12;;;9994.0;0.0
4;7700;INTARIAN_PEPPER_ROOT;17002;11;;;;;17015;21;;;;;17009.0;0.0
4;7800;ASH_COATED_OSMIUM;9990;11;9988;27;;;10008;10;10010;20;;;9999.0;0.0
4;7800;INTARIAN_PEPPER_ROOT;16998;10;16996;11;;;17012;11;17015;9;;;17005.5;0.0
4;7900;ASH_COATED_OSMIUM;9991;22;;;;;10007;26;;;;;9999.0;0.0
4;7900;INTARIAN_PEPPER_ROOT;17002;12;17001;11;;;17015;10;17017;8;;;17008.5;0.0
4;8000;ASH_COATED_OSMIUM;9990;29;9989;14;;;10006;14;10007;11;;;9998.0;0.0
4;8000;INTARIAN_PEPPER_ROOT;16998;11;16997;10;16996;19;17013;11;17014;10;17015;9;17005.5;0.0
4;8100;ASH_COATED_OSMIUM;9984;12;9983;14;9982;10;10002;12;10003;25;10004;13;9993.0;0.0
4;8100;INTARIAN_PEPPER_ROOT;17002;9;16999;8;;;17018;8;17019;8;;;17010.5;0.0
4;8200;ASH_COATED_OSMIUM;9988;15;9986;11;;;10007;13;10009;10;;;9998.0;0.0
4;8200;INTARIAN_PEPPER_ROOT;17007;23;;;;;17011;10;;;;;17009.0;0.0
4;8300;ASH_COATED_OSMIUM;9990;12;;;;;10006;15;;;;;9998.5;0.0
4;8300;INTARIAN_PEPPER_ROOT;16999;12;16997;9;16996;12;17012;8;17014;9;17015;11;17006.0;0.0
4;8400;ASH_COATED_OSMIUM;9985;28;9983;13;;;10001;27;10004;11;;;9993.0;0.0
4;8400;INTARIAN_PEPPER_ROOT;17005;9;;;;;17017;11;;;;;17011.0;0.0
4;8500;ASH_COATED_OSMIUM;9989;13;;;;;10008;11;;;;;9998.5;0.0
4;8500;INTARIAN_PEPPER_ROOT;17002;22;17001;22;16999;9;17016;9;17017;9;17018;8;17009.5;0.0
4;8600;ASH_COATED_OSMIUM;9989;3;9987;10;;;10008;11;10010;10;;;9998.5;0.0
4;8600;INTARIAN_PEPPER_ROOT;17004;11;17003;10;17001;12;17014;16;17017;11;17019;22;17009.0;0.0
4;8700;ASH_COATED_OSMIUM;9990;10;;;;;10008;15;;;;;9999.0;0.0
4;8700;INTARIAN_PEPPER_ROOT;17001;8;16999;23;;;17018;10;17020;12;;;17009.5;0.0
4;8800;ASH_COATED_OSMIUM;9991;13;9990;15;;;10007;11;10010;22;;;9999.5;0.0
4;8800;INTARIAN_PEPPER_ROOT;17001;12;16999;10;;;17016;10;17018;17;;;17008.5;0.0
4;8900;ASH_COATED_OSMIUM;9984;26;;;;;10005;15;;;;;9994.5;0.0
4;8900;INTARIAN_PEPPER_ROOT;17001;12;16999;12;16996;16;17013;8;17014;12;17017;9;17007.0;0.0
4;9000;ASH_COATED_OSMIUM;9990;11;9989;24;;;10006;14;10007;11;;;9998.5;0.0
4;9000;INTARIAN_PEPPER_ROOT;17001;11;16998;10;;;17015;12;17018;22;;;17008.5;0.0
4;9100;ASH_COATED_OSMIUM;9986;11;;;;;10002;15;;;;;9994.0;0.0
4;9100;INTARIAN_PEPPER_ROOT;16999;12;16998;8;16995;8;17017;16;17018;12;17021;5;17008.5;0.0
4;9200;ASH_COATED_OSMIUM;9991;15;9989;23;;;10007;14;10009;15;;;9999.5;0.0
4;9200;INTARIAN_PEPPER_ROOT;16999;12;16996;10;;;17012;16;17013;8;;;17006.0;0.0
4;9300;ASH_COATED_OSMIUM;9984;13;;;;;10003;14;;;;;9994.0;0.0
4;9300;INTARIAN_PEPPER_ROOT;17004;3;17002;10;;;17015;9;17017;8;;;17009.5;0.0
4;9400;ASH_COATED_OSMIUM;9992;15;9989;23;9986;10;10008;14;10011;13;10012;10;10000.0;0.0
4;9400;INTARIAN_PEPPER_ROOT;17002;12;16999;12;16997;9;17016;9;17017;8;17019;17;17009.5;0.0
4;9500;ASH_COATED_OSMIUM;9986;12;;;;;10002;12;;;;;9994.5;0.0
4;9500;INTARIAN_PEPPER_ROOT;17003;25;17000;12;;;17017;9;17019;10;;;17010.0;0.0
4;9600;ASH_COATED_OSMIUM;9987;14;9984;30;9983;30;10003;29;10006;22;10007;10;9995.0;0.0
4;9600;INTARIAN_PEPPER_ROOT;17004;19;;;;;17017;8;;;;;17010.5;0.0
4;9700;ASH_COATED_OSMIUM;9991;11;9990;12;;;9998;14;9999;14;;;9995.0;0.0
4;9700;INTARIAN_PEPPER_ROOT;17001;9;;;;;17015;9;;;;;17008.5;0.0
4;9800;ASH_COATED_OSMIUM;9987;10;;;;;10003;15;;;;;9995.5;0.0
4;9800;INTARIAN_PEPPER_ROOT;17006;15;17004;12;17003;9;17017;21;17018;12;17021;10;17011.5;0.0
4;9900;ASH_COATED_OSMIUM;9992;12;9990;10;;;10008;12;10009;13;;;10000.5;0.0
4;9900;INTARIAN_PEPPER_ROOT;17003;12;;;;;17017;9;;;;;17010.5;0.0
4;10000;ASH_COATED_OSMIUM;9990;12;;;;;9999;10;;;;;9995.0;0.0
4;10000;INTARIAN_PEPPER_ROOT;17005;10;17003;10;;;17019;10;17022;12;;;17012.0;0.0
4;10100;ASH_COATED_OSMIUM;9985;4;;;;;10004;14;;;;;9995.0;0.0
4;10100;INTARIAN_PEPPER_ROOT;17004;12;17003;8;;;17017;17;17018;15;;;17011.0;0.0
4;10200;ASH_COATED_OSMIUM;9987;13;9986;28;;;10003;12;10005;13;;;9995.0;0.0
4;10200;INTARIAN_PEPPER_ROOT;17001;22;;;;;17014;12;;;;;17008.0;0.0
4;10300;ASH_COATED_OSMIUM;9986;4;;;;;10002;10;;;;;9994.5;0.0
4;10300;INTARIAN_PEPPER_ROOT;17005;8;;;;;17016;8;;;;;17010.5;0.0
4;10400;ASH_COATED_OSMIUM;9991;10;9988;15;9985;10;10007;14;10009;10;10011;12;9999.5;0.0
4;10400;INTARIAN_PEPPER_ROOT;17002;8;17000;8;16998;9;17018;23;17021;12;17023;8;17010.5;0.0
4;10500;ASH_COATED_OSMIUM;9990;12;9988;14;;;10009;12;10011;12;;;10000.0;0.0
4;10500;INTARIAN_PEPPER_ROOT;17001;11;16999;12;;;17015;8;17018;10;;;17008.5;0.0
4;10600;ASH_COATED_OSMIUM;9986;25;9983;25;9982;11;10002;25;10005;12;10006;13;9994.5;0.0
4;10600;INTARIAN_PEPPER_ROOT;17003;8;17000;12;;;17017;10;17020;10;;;17010.0;0.0
4;10700;ASH_COATED_OSMIUM;9995;14;;;;;10004;15;;;;;10000.0;0.0
4;10700;INTARIAN_PEPPER_ROOT;17001;12;;;;;17013;22;;;;;17007.0;0.0
4;10800;ASH_COATED_OSMIUM;9995;14;9993;14;;;10005;15;10006;12;;;10000.0;0.0
4;10800;INTARIAN_PEPPER_ROOT;17005;11;;;;;17018;9;;;;;17012.0;0.0
4;10900;ASH_COATED_OSMIUM;9992;15;;;;;10008;14;;;;;10000.0;0.0
4;10900;INTARIAN_PEPPER_ROOT;17005;8;17002;9;16999;9;17016;11;17019;11;17022;10;17010.5;0.0
4;11000;ASH_COATED_OSMIUM;9986;5;9984;14;;;10002;10;10005;15;;;9994.5;0.0
4;11000;INTARIAN_PEPPER_ROOT;17002;9;16999;12;;;17015;9;17018;24;;;17008.5;0.0
4;11100;ASH_COATED_OSMIUM;9992;10;9990;15;;;10008;11;10010;15;;;10000.5;0.0
4;11100;INTARIAN_PEPPER_ROOT;17006;24;17005;11;;;17017;8;17018;9;;;17012.0;0.0
4;11200;ASH_COATED_OSMIUM;9995;13;9994;23;;;10005;12;10006;29;;;10000.0;0.0
4;11200;INTARIAN_PEPPER_ROOT;17004;9;17001;22;16998;15;17017;11;17018;9;17020;23;17011.0;0.0
4;11300;ASH_COATED_OSMIUM;9992;13;9990;27;;;10008;15;10010;14;;;10000.0;0.0
4;11300;INTARIAN_PEPPER_ROOT;17005;11;17002;11;16999;10;17017;10;17018;11;17019;11;17011.0;0.0
4;11400;ASH_COATED_OSMIUM;9992;23;;;;;10008;12;;;;;10000.5;0.0
4;11400;INTARIAN_PEPPER_ROOT;17005;9;;;;;17017;11;;;;;17011.0;0.0
4;11500;ASH_COATED_OSMIUM;9986;12;;;;;10002;14;;;;;9994.5;0.0
4;11500;INTARIAN_PEPPER_ROOT;17007;10;17006;11;17004;11;17019;10;17021;11;17022;11;17013.0;0.0
4;11600;ASH_COATED_OSMIUM;9991;30;;;;;10007;15;;;;;9999.5;0.0
4;11600;INTARIAN_PEPPER_ROOT;17003;10;17000;11;;;17018;11;17020;9;;;17010.5;0.0
4;11700;ASH_COATED_OSMIUM;9988;13;9986;11;9984;29;9999;10;10001;12;10002;20;9994.0;0.0
4;11700;INTARIAN_PEPPER_ROOT;17009;9;17007;9;;;17021;10;17024;9;;;17015.0;0.0
4;11800;ASH_COATED_OSMIUM;9990;10;9987;14;9984;12;10008;3;10010;14;10013;11;9999.5;0.0
4;11800;INTARIAN_PEPPER_ROOT;17013;8;17011;9;17009;9;17016;9;17017;10;17020;8;17015.0;0.0
4;11900;ASH_COATED_OSMIUM;9989;25;9987;12;9985;14;9998;4;10001;10;10003;15;9993.5;0.0
4;11900;INTARIAN_PEPPER_ROOT;17008;9;;;;;17011;8;;;;;17010.0;0.0
4;12000;ASH_COATED_OSMIUM;9991;11;9989;14;9988;14;10008;23;10009;15;10010;21;9999.5;0.0
4;12000;INTARIAN_PEPPER_ROOT;17007;9;17006;11;17004;11;17020;17;17021;19;17022;11;17014.0;0.0
4;12100;ASH_COATED_OSMIUM;9990;14;;;;;10009;14;;;;;9999.5;0.0
4;12100;INTARIAN_PEPPER_ROOT;17007;9;17006;19;17004;12;17020;9;17021;9;17024;8;17014.0;0.0
4;12200;ASH_COATED_OSMIUM;9991;11;9988;15;9987;10;10007;29;10010;12;10013;12;9999.0;0.0
4;12200;INTARIAN_PEPPER_ROOT;17006;15;17005;11;17002;10;17023;11;17025;10;17028;9;17014.5;0.0
4;12300;ASH_COATED_OSMIUM;9986;12;9984;24;;;10002;15;10005;22;;;9994.0;0.0
4;12300;INTARIAN_PEPPER_ROOT;17009;11;;;;;17022;24;;;;;17016.0;0.0
4;12400;ASH_COATED_OSMIUM;9991;12;9988;12;9987;10;10007;14;10009;13;10011;12;9999.5;0.0
4;12400;INTARIAN_PEPPER_ROOT;17011;9;;;;;17024;22;;;;;17017.5;0.0
4;12500;ASH_COATED_OSMIUM;9992;15;;;;;10008;10;;;;;10000.0;0.0
4;12500;INTARIAN_PEPPER_ROOT;17006;11;17005;8;17002;18;17018;9;17021;11;17023;12;17012.5;0.0
4;12600;ASH_COATED_OSMIUM;9991;15;9990;6;9988;12;10007;28;10009;15;10010;13;9999.0;0.0
4;12600;INTARIAN_PEPPER_ROOT;17006;10;17004;10;;;17021;16;17023;8;;;17014.0;0.0
4;12700;ASH_COATED_OSMIUM;9992;14;9991;15;;;10008;12;10010;15;;;10000.0;0.0
4;12700;INTARIAN_PEPPER_ROOT;17005;8;17003;17;;;17018;9;17020;15;;;17011.5;0.0
4;12800;ASH_COATED_OSMIUM;9992;14;;;;;10008;14;;;;;10000.5;0.0
4;12800;INTARIAN_PEPPER_ROOT;17009;10;;;;;17017;18;;;;;17013.0;0.0
4;12900;ASH_COATED_OSMIUM;9992;13;9989;15;9988;13;10008;10;10009;14;10010;5;10000.5;0.0
4;12900;INTARIAN_PEPPER_ROOT;17006;8;17004;10;;;17018;17;17020;15;;;17012.0;0.0
4;13000;ASH_COATED_OSMIUM;9992;13;9990;23;;;10008;10;10010;12;;;10000.5;0.0
4;13000;INTARIAN_PEPPER_ROOT;17005;10;;;;;17017;11;;;;;17011.0;0.0
4;13100;ASH_COATED_OSMIUM;9987;13;9986;9;9984;10;10003;10;10005;14;10007;24;9995.5;0.0
4;13100;INTARIAN_PEPPER_ROOT;17007;10;17006;10;;;17019;12;17021;8;;;17013.5;0.0
4;13200;ASH_COATED_OSMIUM;9991;10;;;;;10009;12;;;;;10000.5;0.0
4;13200;INTARIAN_PEPPER_ROOT;17009;9;17007;8;;;17020;12;17023;8;;;17015.0;0.0
4;13300;ASH_COATED_OSMIUM;9985;20;;;;;10004;11;;;;;9994.5;0.0
4;13300;INTARIAN_PEPPER_ROOT;17007;10;17006;11;;;17019;8;17020;10;;;17013.5;0.0
4;13400;ASH_COATED_OSMIUM;9992;12;9991;12;;;10008;14;10010;14;;;10000.5;0.0
4;13400;INTARIAN_PEPPER_ROOT;17007;12;17005;11;;;17019;8;17020;12;;;17013.0;0.0
4;13500;ASH_COATED_OSMIUM;9986;15;9985;11;9982;15;10005;10;10008;10;10011;14;9995.5;0.0
4;13500;INTARIAN_PEPPER_ROOT;17006;16;17004;8;;;17019;11;17021;10;;;17012.5;0.0
4;13600;ASH_COATED_OSMIUM;9988;13;9987;10;;;10004;21;10007;8;;;9996.0;0.0
4;13600;INTARIAN_PEPPER_ROOT;17007;9;17004;12;;;17021;9;17023;11;;;17014.0;0.0
4;13700;ASH_COATED_OSMIUM;9994;13;;;;;10010;13;;;;;10002.0;0.0
4;13700;INTARIAN_PEPPER_ROOT;17007;11;17004;8;;;17020;9;17022;24;;;17014.0;0.0
4;13800;ASH_COATED_OSMIUM;9993;12;9991;12;;;10009;24;10010;14;;;10001.5;0.0
4;13800;INTARIAN_PEPPER_ROOT;17006;11;;;;;17020;9;;;;;17013.0;0.0
4;13900;ASH_COATED_OSMIUM;9988;15;;;;;10004;10;;;;;9996.5;0.0
4;13900;INTARIAN_PEPPER_ROOT;17008;8;;;;;17020;15;;;;;17014.5;0.0
4;14000;ASH_COATED_OSMIUM;9986;11;9984;12;9981;15;10005;11;10006;12;10008;15;9996.0;0.0
4;14000;INTARIAN_PEPPER_ROOT;17008;12;17007;10;;;17021;11;17023;10;;;17015.0;0.0
4;14100;ASH_COATED_OSMIUM;9987;14;9985;15;;;10003;12;10006;11;;;9995.5;0.0
4;14100;INTARIAN_PEPPER_ROOT;17008;12;;;;;17021;11;;;;;17015.0;0.0
4;14200;ASH_COATED_OSMIUM;9992;13;9989;15;;;9998;11;9999;25;;;9995.5;0.0
4;14200;INTARIAN_PEPPER_ROOT;17005;12;17004;9;17003;10;17019;12;17020;12;17021;10;17012.5;0.0
4;14300;ASH_COATED_OSMIUM;9988;11;9985;13;;;10004;15;10006;15;;;9996.0;0.0
4;14300;INTARIAN_PEPPER_ROOT;17005;8;17003;9;;;17025;23;17028;11;;;17015.0;0.0
4;14400;ASH_COATED_OSMIUM;9986;11;9984;14;;;10005;14;10006;13;;;9995.5;0.0
4;14400;INTARIAN_PEPPER_ROOT;17008;10;;;;;17019;10;;;;;17014.0;0.0
4;14500;ASH_COATED_OSMIUM;9988;15;9987;11;;;10004;11;10005;14;;;9996.0;0.0
4;14500;INTARIAN_PEPPER_ROOT;17007;12;17004;12;17003;12;17020;9;17022;9;17024;12;17014.0;0.0
4;14600;ASH_COATED_OSMIUM;9987;12;9986;14;9983;13;10003;12;10004;12;10006;12;9995.5;0.0
4;14600;INTARIAN_PEPPER_ROOT;17008;6;;;;;17020;10;;;;;17014.0;0.0
4;14700;ASH_COATED_OSMIUM;9987;12;9985;13;9983;12;10003;10;10006;11;10007;12;9995.5;0.0
4;14700;INTARIAN_PEPPER_ROOT;17004;10;17001;11;16999;11;17017;5;17018;8;17019;11;17010.5;0.0
4;14800;ASH_COATED_OSMIUM;9988;10;9986;11;;;10004;10;10007;13;;;9996.0;0.0
4;14800;INTARIAN_PEPPER_ROOT;17010;20;17008;12;17007;10;17022;12;17024;10;17025;9;17016.5;0.0
4;14900;ASH_COATED_OSMIUM;9993;10;;;;;10009;15;;;;;10001.0;0.0
4;14900;INTARIAN_PEPPER_ROOT;17006;12;17004;12;;;17019;10;17021;10;;;17013.0;0.0
4;15000;ASH_COATED_OSMIUM;9986;12;9985;15;;;10005;22;10007;10;;;9995.5;0.0
4;15000;INTARIAN_PEPPER_ROOT;17008;9;17005;10;;;17025;10;17026;9;;;17016.5;0.0
4;15100;ASH_COATED_OSMIUM;9992;14;;;;;10008;11;;;;;10000.5;0.0
4;15100;INTARIAN_PEPPER_ROOT;17010;21;17009;12;17006;8;17022;10;17023;11;17026;9;17016.5;0.0
4;15200;ASH_COATED_OSMIUM;9993;10;9991;10;;;10009;15;10012;14;;;10001.0;0.0
4;15200;INTARIAN_PEPPER_ROOT;17006;8;;;;;17022;20;;;;;17014.0;0.0
4;15300;ASH_COATED_OSMIUM;9999;13;9998;26;;;10005;14;10007;13;;;10002.0;0.0
4;15300;INTARIAN_PEPPER_ROOT;17008;9;17006;12;17004;20;17019;10;17021;10;17024;11;17013.5;0.0
4;15400;ASH_COATED_OSMIUM;9994;10;9993;15;;;9999;14;10001;13;;;9997.0;0.0
4;15400;INTARIAN_PEPPER_ROOT;17007;9;17005;9;;;17022;11;17024;24;;;17014.5;0.0
4;15500;ASH_COATED_OSMIUM;9992;14;9990;12;9987;13;10013;3;10016;12;10018;10;10002.5;0.0
4;15500;INTARIAN_PEPPER_ROOT;17010;11;17009;12;17007;9;17022;9;17024;10;17026;11;17016.0;0.0
4;15600;ASH_COATED_OSMIUM;9994;15;;;;;10010;12;;;;;10002.5;0.0
4;15600;INTARIAN_PEPPER_ROOT;17007;7;17004;9;;;17018;15;17020;11;;;17012.5;0.0
4;15700;ASH_COATED_OSMIUM;9989;12;9988;21;9987;10;10005;2;10006;13;10008;14;9997.0;0.0
4;15700;INTARIAN_PEPPER_ROOT;17011;16;;;;;17030;9;;;;;17020.5;0.0
4;15800;ASH_COATED_OSMIUM;9989;15;9986;26;;;10005;12;10008;28;;;9997.5;0.0
4;15800;INTARIAN_PEPPER_ROOT;17009;10;;;;;17026;11;;;;;17017.5;0.0
4;15900;ASH_COATED_OSMIUM;9994;28;9992;11;;;10012;25;10013;20;;;10003.0;0.0
4;15900;INTARIAN_PEPPER_ROOT;17007;8;17004;11;;;17021;8;17024;8;;;17014.5;0.0
4;16000;ASH_COATED_OSMIUM;9995;14;9994;11;;;10001;30;10002;14;;;9998.0;0.0
4;16000;INTARIAN_PEPPER_ROOT;17014;24;17013;11;17011;9;17026;12;17028;12;17030;9;17020.0;0.0
4;16100;ASH_COATED_OSMIUM;9995;21;9994;24;;;10011;12;10013;10;;;10003.5;0.0
4;16100;INTARIAN_PEPPER_ROOT;17007;12;17005;11;;;17022;8;17024;12;;;17015.0;0.0
4;16200;ASH_COATED_OSMIUM;9989;13;9988;14;;;10007;14;10008;12;;;9998.5;0.0
4;16200;INTARIAN_PEPPER_ROOT;17008;12;17006;11;;;17025;16;17028;12;;;17016.5;0.0
4;16300;ASH_COATED_OSMIUM;9995;15;;;;;10011;15;;;;;10003.5;0.0
4;16300;INTARIAN_PEPPER_ROOT;17007;10;17005;12;17002;12;17023;11;17024;9;17027;11;17015.0;0.0
4;16400;ASH_COATED_OSMIUM;9995;11;9992;28;;;10011;21;10013;14;;;10003.0;0.0
4;16400;INTARIAN_PEPPER_ROOT;17008;10;17005;10;17003;9;17024;11;17026;8;17027;12;17016.0;0.0
4;16500;ASH_COATED_OSMIUM;9995;12;9994;10;;;10011;14;10013;20;;;10003.0;0.0
4;16500;INTARIAN_PEPPER_ROOT;17007;15;17005;11;17004;10;17021;9;17023;23;17025;9;17014.0;0.0
4;16600;ASH_COATED_OSMIUM;9998;13;9995;10;;;10007;21;10008;13;;;10003.0;0.0
4;16600;INTARIAN_PEPPER_ROOT;17009;9;17007;22;17005;9;17022;11;17023;9;17026;9;17016.0;0.0
4;16700;ASH_COATED_OSMIUM;9989;15;9987;11;9986;3;10005;15;10006;12;10009;12;9997.5;0.0
4;16700;INTARIAN_PEPPER_ROOT;17013;21;17010;8;;;17016;9;17017;11;;;17015.0;0.0
4;16800;ASH_COATED_OSMIUM;9989;25;9988;10;9987;21;10005;12;10006;15;10009;10;9997.0;0.0
4;16800;INTARIAN_PEPPER_ROOT;17007;8;17004;9;17001;8;17020;12;17023;9;17026;10;17014.0;0.0
4;16900;ASH_COATED_OSMIUM;9993;3;9992;14;9989;21;10011;12;10014;15;10017;10;10002.5;0.0
4;16900;INTARIAN_PEPPER_ROOT;17011;8;17010;9;17008;8;17024;21;17027;6;17028;11;17017.5;0.0
4;17000;ASH_COATED_OSMIUM;9993;14;9990;20;;;10011;12;10012;24;;;10002.0;0.0
4;17000;INTARIAN_PEPPER_ROOT;17008;15;17005;12;;;17021;9;17023;11;;;17015.0;0.0
4;17100;ASH_COATED_OSMIUM;9988;3;;;;;10006;11;;;;;9997.0;0.0
4;17100;INTARIAN_PEPPER_ROOT;17012;11;17009;11;;;17025;10;17027;9;;;17018.5;0.0
4;17200;ASH_COATED_OSMIUM;9998;30;9997;12;;;10007;15;10009;11;;;10002.5;0.0
4;17200;INTARIAN_PEPPER_ROOT;17011;10;;;;;17024;10;;;;;17018.0;0.0
4;17300;ASH_COATED_OSMIUM;9989;11;;;;;10005;13;;;;;9997.0;0.0
4;17300;INTARIAN_PEPPER_ROOT;17014;11;17013;25;;;17027;8;17028;19;;;17021.0;0.0
4;17400;ASH_COATED_OSMIUM;9994;12;9991;11;9990;11;10010;25;10011;23;10013;5;10002.5;0.0
4;17400;INTARIAN_PEPPER_ROOT;17004;8;17002;12;17000;10;17018;11;17020;9;17023;23;17011.0;0.0
4;17500;ASH_COATED_OSMIUM;9987;25;9984;10;9983;24;10006;12;10007;13;10009;14;9996.5;0.0
4;17500;INTARIAN_PEPPER_ROOT;17011;19;17008;11;;;17023;19;17026;9;;;17017.0;0.0
4;17600;ASH_COATED_OSMIUM;9988;26;9986;12;;;10004;15;10005;15;;;9996.5;0.0
4;17600;INTARIAN_PEPPER_ROOT;17009;22;17008;12;17006;9;17024;11;17027;8;17029;9;17016.5;0.0
4;17700;ASH_COATED_OSMIUM;9993;14;9991;10;;;10009;13;10011;15;;;10001.5;0.0
4;17700;INTARIAN_PEPPER_ROOT;17011;8;17010;10;;;17028;12;17029;11;;;17019.5;0.0
4;17800;ASH_COATED_OSMIUM;9988;26;9986;15;;;10004;28;10006;15;;;9996.5;0.0
4;17800;INTARIAN_PEPPER_ROOT;17003;10;17002;11;17001;10;17016;9;17019;12;17020;10;17010.0;0.0
4;17900;ASH_COATED_OSMIUM;9994;11;9993;11;;;10010;11;10012;10;;;10002.0;0.0
4;17900;INTARIAN_PEPPER_ROOT;17009;11;17007;8;;;17023;10;17024;8;;;17016.5;0.0
4;18000;ASH_COATED_OSMIUM;9993;12;;;;;10011;12;;;;;10002.0;0.0
4;18000;INTARIAN_PEPPER_ROOT;17011;10;17009;8;;;17025;10;17026;8;;;17018.5;0.0
4;18100;ASH_COATED_OSMIUM;9986;25;9985;14;9982;14;10007;12;10009;11;10010;2;9997.0;0.0
4;18100;INTARIAN_PEPPER_ROOT;17014;12;17013;8;;;17028;15;17030;9;;;17021.5;0.0
4;18200;ASH_COATED_OSMIUM;9993;15;9990;10;;;10012;11;10014;7;;;10002.5;0.0
4;18200;INTARIAN_PEPPER_ROOT;17011;10;17009;16;;;17023;10;17024;9;;;17017.5;0.0
4;18300;ASH_COATED_OSMIUM;9988;11;9987;4;;;10004;14;10006;13;;;9996.5;0.0
4;18300;INTARIAN_PEPPER_ROOT;17012;20;17009;12;17008;12;17025;11;17028;9;17029;5;17018.5;0.0
4;18400;ASH_COATED_OSMIUM;9992;26;9990;10;9988;11;10011;11;10012;13;10014;10;10002.0;0.0
4;18400;INTARIAN_PEPPER_ROOT;17017;10;17014;11;;;17020;12;17023;10;;;17019.0;0.0
4;18500;ASH_COATED_OSMIUM;9988;25;;;;;10004;10;;;;;9996.5;0.0
4;18500;INTARIAN_PEPPER_ROOT;17009;25;;;;;17029;12;;;;;17019.0;0.0
4;18600;ASH_COATED_OSMIUM;9988;11;9985;2;9983;10;10004;14;10006;10;10009;22;9996.5;0.0
4;18600;INTARIAN_PEPPER_ROOT;17012;4;;;;;17023;23;;;;;17017.5;0.0
4;18700;ASH_COATED_OSMIUM;9992;11;;;;;10010;15;;;;;10001.5;0.0
4;18700;INTARIAN_PEPPER_ROOT;17007;10;;;;;17020;11;;;;;17014.0;0.0
4;18800;ASH_COATED_OSMIUM;9991;12;9988;24;;;10001;14;10003;12;;;9996.0;0.0
4;18800;INTARIAN_PEPPER_ROOT;17013;9;;;;;17024;10;;;;;17019.0;0.0
4;18900;ASH_COATED_OSMIUM;9988;20;9986;12;;;10004;11;10006;25;;;9996.5;0.0
4;18900;INTARIAN_PEPPER_ROOT;17013;10;;;;;17027;8;;;;;17020.0;0.0
4;19000;ASH_COATED_OSMIUM;9988;11;;;;;10004;12;;;;;9996.5;0.0
4;19000;INTARIAN_PEPPER_ROOT;17010;10;17009;8;17007;12;17026;10;17028;10;17031;11;17018.5;0.0
4;19100;ASH_COATED_OSMIUM;9993;14;9990;15;;;10009;10;10010;14;;;10001.5;0.0
4;19100;INTARIAN_PEPPER_ROOT;17016;9;;;;;17027;19;;;;;17021.5;0.0
4;19200;ASH_COATED_OSMIUM;9994;12;9992;3;;;10010;14;10013;14;;;10002.0;0.0
4;19200;INTARIAN_PEPPER_ROOT;17020;12;17019;9;17018;10;17030;23;17032;18;17034;10;17025.5;0.0
4;19300;ASH_COATED_OSMIUM;9993;10;9991;11;;;10009;13;10010;12;;;10001.5;0.0
4;19300;INTARIAN_PEPPER_ROOT;17015;12;17013;24;17011;10;17028;9;17030;21;17032;24;17021.5;0.0
4;19400;ASH_COATED_OSMIUM;9988;14;;;;;10004;12;;;;;9996.5;0.0
4;19400;INTARIAN_PEPPER_ROOT;17016;8;17013;11;;;17029;12;17030;10;;;17022.5;0.0
4;19500;ASH_COATED_OSMIUM;9993;11;;;;;10009;10;;;;;10001.5;0.0
4;19500;INTARIAN_PEPPER_ROOT;17016;23;17014;8;;;17028;11;17030;12;;;17022.5;0.0
4;19600;ASH_COATED_OSMIUM;9987;14;;;;;10005;13;;;;;9996.5;0.0
4;19600;INTARIAN_PEPPER_ROOT;17012;12;17011;8;;;17024;12;17025;12;;;17018.0;0.0
4;19700;ASH_COATED_OSMIUM;9993;26;;;;;10009;12;;;;;10001.5;0.0
4;19700;INTARIAN_PEPPER_ROOT;17014;9;17011;8;;;17025;8;17028;10;;;17020.0;0.0
4;19800;ASH_COATED_OSMIUM;9988;10;;;;;10004;22;;;;;9996.5;0.0
4;19800;INTARIAN_PEPPER_ROOT;17012;9;17009;12;17006;8;17024;10;17025;12;17026;10;17018.0;0.0
4;19900;ASH_COATED_OSMIUM;9992;10;9990;15;;;10011;15;10013;21;;;10002.0;0.0
4;19900;INTARIAN_PEPPER_ROOT;17012;12;17010;11;17008;11;17024;12;17025;12;17026;11;17018.5;0.0
4;20000;ASH_COATED_OSMIUM;9994;11;;;;;10010;13;;;;;10002.0;0.0
4;20000;INTARIAN_PEPPER_ROOT;17013;12;17011;11;;;17025;8;17027;4;;;17019.5;0.0
4;20100;ASH_COATED_OSMIUM;9995;14;9993;15;;;10011;14;10013;11;;;10003.0;0.0
4;20100;INTARIAN_PEPPER_ROOT;17010;10;17007;12;17005;11;17027;12;17029;23;17032;10;17019.0;0.0
4;20200;ASH_COATED_OSMIUM;9993;26;;;;;10012;13;;;;;10003.0;0.0
4;20200;INTARIAN_PEPPER_ROOT;17014;9;;;;;17026;4;;;;;17020.0;0.0
4;20300;ASH_COATED_OSMIUM;9995;15;9992;29;9991;10;10011;13;10013;14;10015;15;10003.0;0.0
4;20300;INTARIAN_PEPPER_ROOT;17011;12;17009;10;;;17024;9;17025;25;;;17018.0;0.0
4;20400;ASH_COATED_OSMIUM;9988;14;;;;;10007;12;;;;;9997.5;0.0
4;20400;INTARIAN_PEPPER_ROOT;17016;9;17014;9;;;17028;10;17030;9;;;17022.5;0.0
4;20500;ASH_COATED_OSMIUM;9989;14;9987;10;;;10005;10;10007;14;;;9997.5;0.0
4;20500;INTARIAN_PEPPER_ROOT;17013;11;;;;;17015;9;;;;;17014.5;0.0
4;20600;ASH_COATED_OSMIUM;9989;14;9988;10;;;10005;15;10008;12;;;9997.5;0.0
4;20600;INTARIAN_PEPPER_ROOT;17011;10;17009;9;;;17031;11;17033;8;;;17021.0;0.0
4;20700;ASH_COATED_OSMIUM;9989;10;;;;;10005;25;;;;;9997.5;0.0
4;20700;INTARIAN_PEPPER_ROOT;17017;8;17015;9;;;17028;11;17029;12;;;17023.0;0.0
4;20800;ASH_COATED_OSMIUM;9997;11;9995;12;9992;25;10008;13;10010;13;10013;3;10002.5;0.0
4;20800;INTARIAN_PEPPER_ROOT;17017;8;17015;10;;;17030;12;17031;10;;;17024.0;0.0
4;20900;ASH_COATED_OSMIUM;9995;25;9994;11;9991;29;10011;11;10012;14;10015;14;10003.0;0.0
4;20900;INTARIAN_PEPPER_ROOT;17013;9;17010;17;17009;9;17032;21;17035;8;17036;12;17022.5;0.0
4;21000;ASH_COATED_OSMIUM;9995;12;9994;12;;;10011;14;10014;4;;;10003.0;0.0
4;21000;INTARIAN_PEPPER_ROOT;17014;12;17011;12;;;17027;12;17030;10;;;17021.0;0.0
4;21100;ASH_COATED_OSMIUM;9995;9;9992;11;;;10011;27;10014;9;;;10003.0;0.0
4;21100;INTARIAN_PEPPER_ROOT;17011;9;17010;11;17008;25;17024;17;17025;12;17026;12;17017.5;0.0
4;21200;ASH_COATED_OSMIUM;9990;13;;;;;10006;10;;;;;9998.0;0.0
4;21200;INTARIAN_PEPPER_ROOT;17018;12;;;;;17031;12;;;;;17024.5;0.0
4;21300;ASH_COATED_OSMIUM;9995;13;9993;10;;;10000;13;10001;12;;;9997.5;0.0
4;21300;INTARIAN_PEPPER_ROOT;17014;11;17012;24;;;17027;9;17029;11;;;17021.0;0.0
4;21400;ASH_COATED_OSMIUM;9994;14;9993;26;;;10010;14;10012;15;;;10002.5;0.0
4;21400;INTARIAN_PEPPER_ROOT;17016;11;17014;25;17013;11;17018;9;17021;9;17023;8;17017.5;0.0
4;21500;ASH_COATED_OSMIUM;9994;10;9991;10;9989;10;10010;28;10012;12;10014;12;10002.5;0.0
4;21500;INTARIAN_PEPPER_ROOT;17023;10;;;;;17035;11;;;;;17029.5;0.0
4;21600;ASH_COATED_OSMIUM;9987;14;9984;12;;;10006;15;10008;27;;;9997.0;0.0
4;21600;INTARIAN_PEPPER_ROOT;17021;12;;;;;17024;12;;;;;17022.5;0.0
4;21700;ASH_COATED_OSMIUM;9989;20;;;;;10005;13;;;;;9997.5;0.0
4;21700;INTARIAN_PEPPER_ROOT;17019;10;17017;11;;;17031;11;17032;16;;;17025.5;0.0
4;21800;ASH_COATED_OSMIUM;9995;11;9993;30;9990;10;10011;20;10013;12;10015;12;10003.0;0.0
4;21800;INTARIAN_PEPPER_ROOT;17017;8;17016;12;;;17031;8;17033;11;;;17024.5;0.0
4;21900;ASH_COATED_OSMIUM;9989;2;9986;10;;;10008;11;10009;26;;;9998.5;0.0
4;21900;INTARIAN_PEPPER_ROOT;17020;9;17019;9;;;17031;8;17032;10;;;17025.5;0.0
4;22000;ASH_COATED_OSMIUM;9990;11;9987;12;9985;11;10006;25;10008;12;10010;12;9998.5;0.0
4;22000;INTARIAN_PEPPER_ROOT;17018;9;;;;;17032;12;;;;;17025.5;0.0
4;22100;ASH_COATED_OSMIUM;9996;14;9995;24;9993;12;10012;24;10014;14;10016;10;10004.0;0.0
4;22100;INTARIAN_PEPPER_ROOT;17013;18;17011;9;;;17025;20;17027;8;;;17019.5;0.0
4;22200;ASH_COATED_OSMIUM;9996;14;9993;23;;;10012;11;10013;11;;;10004.5;0.0
4;22200;INTARIAN_PEPPER_ROOT;17014;11;;;;;17028;10;;;;;17021.5;0.0
4;22300;ASH_COATED_OSMIUM;9990;25;9987;14;;;10009;13;10011;12;;;9999.5;0.0
4;22300;INTARIAN_PEPPER_ROOT;17022;10;17020;10;;;17034;11;17036;11;;;17028.0;0.0
4;22400;ASH_COATED_OSMIUM;9994;11;9992;12;9991;15;10003;11;10004;12;10005;14;9999.0;0.0
4;22400;INTARIAN_PEPPER_ROOT;17016;11;17014;10;;;17027;19;17028;12;;;17022.0;0.0
4;22500;ASH_COATED_OSMIUM;9995;5;9994;15;;;10014;11;10016;12;;;10004.5;0.0
4;22500;INTARIAN_PEPPER_ROOT;17022;10;17019;11;;;17024;9;17026;9;;;17023.0;0.0
4;22600;ASH_COATED_OSMIUM;9991;22;9989;13;9987;11;10007;11;10008;13;10009;11;9999.5;0.0
4;22600;INTARIAN_PEPPER_ROOT;17019;10;;;;;17031;12;;;;;17025.0;0.0
4;22700;ASH_COATED_OSMIUM;9991;20;9989;5;9988;14;10007;13;10010;11;10012;14;9999.5;0.0
4;22700;INTARIAN_PEPPER_ROOT;17019;9;17016;22;17015;11;17032;12;17033;9;17035;10;17026.0;0.0
4;22800;ASH_COATED_OSMIUM;9996;13;9994;2;9993;13;10012;12;10015;15;10018;15;10004.0;0.0
4;22800;INTARIAN_PEPPER_ROOT;17012;12;17010;15;;;17031;19;17033;9;;;17021.5;0.0
4;22900;ASH_COATED_OSMIUM;9996;22;9994;11;9991;4;10001;15;10002;15;10005;13;9998.5;0.0
4;22900;INTARIAN_PEPPER_ROOT;17016;21;17015;10;17012;10;17029;8;17031;12;17034;8;17022.5;0.0
4;23000;ASH_COATED_OSMIUM;9991;14;;;;;10007;27;;;;;9999.0;0.0
4;23000;INTARIAN_PEPPER_ROOT;17017;25;;;;;17031;8;;;;;17024.0;0.0
4;23100;ASH_COATED_OSMIUM;9991;11;9989;13;;;10007;14;10008;25;;;9999.0;0.0
4;23100;INTARIAN_PEPPER_ROOT;17015;10;17013;12;;;17028;10;17030;18;;;17021.5;0.0
4;23200;ASH_COATED_OSMIUM;9991;15;9988;13;;;10007;13;10010;12;;;9999.0;0.0
4;23200;INTARIAN_PEPPER_ROOT;17013;10;17010;12;;;17029;11;17031;23;;;17021.5;0.0
4;23300;ASH_COATED_OSMIUM;9996;12;9993;11;9990;15;10012;10;10015;13;10016;15;10004.0;0.0
4;23300;INTARIAN_PEPPER_ROOT;17014;11;;;;;17031;8;;;;;17023.0;0.0
4;23400;ASH_COATED_OSMIUM;9990;15;;;;;10006;15;;;;;9998.5;0.0
4;23400;INTARIAN_PEPPER_ROOT;17016;9;17013;22;17010;10;17030;11;17033;9;17036;25;17023.0;0.0
4;23500;ASH_COATED_OSMIUM;9989;13;9987;15;;;10007;10;10010;11;;;9998.5;0.0
4;23500;INTARIAN_PEPPER_ROOT;17017;9;;;;;17029;8;;;;;17023.0;0.0
4;23600;ASH_COATED_OSMIUM;9990;14;;;;;10009;10;;;;;9999.5;0.0
4;23600;INTARIAN_PEPPER_ROOT;17016;10;17013;12;17010;8;17029;8;17030;11;17031;8;17022.5;0.0
4;23700;ASH_COATED_OSMIUM;9997;10;9995;13;;;10013;15;10014;28;;;10005.0;0.0
4;23700;INTARIAN_PEPPER_ROOT;17014;12;17012;20;17011;9;17027;9;17029;8;17031;11;17020.5;0.0
4;23800;ASH_COATED_OSMIUM;9997;11;9996;11;9994;14;10003;12;10004;12;10007;15;10000.0;0.0
4;23800;INTARIAN_PEPPER_ROOT;17016;10;17015;15;;;17028;25;17029;9;;;17022.0;0.0
4;23900;ASH_COATED_OSMIUM;9991;14;;;;;10007;12;;;;;9999.0;0.0
4;23900;INTARIAN_PEPPER_ROOT;17015;11;;;;;17029;8;;;;;17022.0;0.0
4;24000;ASH_COATED_OSMIUM;9991;10;9990;11;;;10007;11;10009;12;;;9999.0;0.0
4;24000;INTARIAN_PEPPER_ROOT;17019;9;;;;;17023;8;;;;;17021.0;0.0
4;24100;ASH_COATED_OSMIUM;9996;13;9995;14;9994;14;10012;13;10014;12;10016;14;10004.0;0.0
4;24100;INTARIAN_PEPPER_ROOT;17018;17;17016;10;;;17032;9;17034;16;;;17025.5;0.0
4;24200;ASH_COATED_OSMIUM;9996;14;9993;11;;;10012;15;10013;10;;;10004.0;0.0
4;24200;INTARIAN_PEPPER_ROOT;17018;24;17015;10;17014;12;17032;24;17033;8;17034;11;17025.0;0.0
4;24300;ASH_COATED_OSMIUM;10001;13;;;;;10007;15;;;;;10004.0;0.0
4;24300;INTARIAN_PEPPER_ROOT;17016;11;17015;20;17013;10;17029;5;17031;12;17032;9;17023.0;0.0
4;24400;ASH_COATED_OSMIUM;9994;11;9992;15;;;10013;24;10015;13;;;10004.0;0.0
4;24400;INTARIAN_PEPPER_ROOT;17018;9;17017;9;17015;12;17029;11;17030;8;17032;8;17024.0;0.0
4;24500;ASH_COATED_OSMIUM;9990;12;9987;12;9984;13;10006;10;10007;13;10009;14;9998.5;0.0
4;24500;INTARIAN_PEPPER_ROOT;17015;12;17014;8;;;17032;19;17034;24;;;17024.0;0.0
4;24600;ASH_COATED_OSMIUM;9996;13;9995;2;9992;12;10012;10;10014;6;10017;13;10004.0;0.0
4;24600;INTARIAN_PEPPER_ROOT;17018;8;17017;8;;;17031;9;17032;9;;;17024.5;0.0
4;24700;ASH_COATED_OSMIUM;9990;12;;;;;10008;26;;;;;9999.5;0.0
4;24700;INTARIAN_PEPPER_ROOT;17016;10;;;;;17029;10;;;;;17022.5;0.0
4;24800;ASH_COATED_OSMIUM;9995;4;9993;14;9992;10;10013;11;10014;12;10016;10;10004.5;0.0
4;24800;INTARIAN_PEPPER_ROOT;17015;11;17014;10;17013;11;17028;21;17029;11;17030;11;17022.0;0.0
4;24900;ASH_COATED_OSMIUM;9996;11;;;;;10012;11;;;;;10004.0;0.0
4;24900;INTARIAN_PEPPER_ROOT;17019;12;;;;;17031;12;;;;;17025.0;0.0
4;25000;ASH_COATED_OSMIUM;9990;15;9988;14;9985;15;10008;13;10011;13;10013;14;9999.5;0.0
4;25000;INTARIAN_PEPPER_ROOT;17018;24;17017;23;17016;10;17032;11;17035;19;17036;9;17025.0;0.0
4;25100;ASH_COATED_OSMIUM;9990;12;9988;15;;;10008;15;10011;27;;;9999.0;0.0
4;25100;INTARIAN_PEPPER_ROOT;17018;12;17015;12;;;17032;12;17033;12;;;17025.5;0.0
4;25200;ASH_COATED_OSMIUM;9989;10;9988;14;9986;3;10008;24;10010;23;10011;12;9999.0;0.0
4;25200;INTARIAN_PEPPER_ROOT;17020;12;17019;23;;;17031;12;17033;12;;;17025.5;0.0
4;25300;ASH_COATED_OSMIUM;9989;15;9986;30;;;10008;25;10010;21;;;9998.5;0.0
4;25300;INTARIAN_PEPPER_ROOT;17017;23;17015;9;;;17034;9;17036;11;;;17025.5;0.0
4;25400;ASH_COATED_OSMIUM;9991;14;9988;14;9986;29;10007;10;10009;15;10011;14;9999.0;0.0
4;25400;INTARIAN_PEPPER_ROOT;17016;15;17015;12;;;17032;10;17034;11;;;17024.5;0.0
4;25500;ASH_COATED_OSMIUM;9991;22;9988;10;;;10007;14;10009;14;;;9999.0;0.0
4;25500;INTARIAN_PEPPER_ROOT;17017;15;17016;11;;;17030;12;17031;10;;;17024.0;0.0
4;25600;ASH_COATED_OSMIUM;9989;11;9986;11;;;10008;13;10009;10;;;9998.5;0.0
4;25600;INTARIAN_PEPPER_ROOT;17019;10;17017;12;17015;8;17031;8;17032;8;17033;19;17025.0;0.0
4;25700;ASH_COATED_OSMIUM;9996;15;9994;13;9991;13;10012;15;10013;11;10014;14;10004.0;0.0
4;25700;INTARIAN_PEPPER_ROOT;17024;9;17022;10;17019;10;17035;10;17036;12;17039;12;17029.5;0.0
4;25800;ASH_COATED_OSMIUM;9991;15;9989;15;;;10007;14;10009;13;;;9999.5;0.0
4;25800;INTARIAN_PEPPER_ROOT;17017;10;17014;9;;;17030;10;17032;12;;;17023.5;0.0
4;25900;ASH_COATED_OSMIUM;9992;10;9989;24;;;10008;5;10010;11;;;10000.0;0.0
4;25900;INTARIAN_PEPPER_ROOT;17023;10;;;;;17034;12;;;;;17029.0;0.0
4;26000;ASH_COATED_OSMIUM;9997;11;9995;13;;;10013;12;10016;10;;;10005.0;0.0
4;26000;INTARIAN_PEPPER_ROOT;17017;11;;;;;17032;10;;;;;17025.0;0.0
4;26100;ASH_COATED_OSMIUM;9997;12;9994;29;;;10013;20;10015;20;;;10005.5;0.0
4;26100;INTARIAN_PEPPER_ROOT;17021;9;;;;;17032;19;;;;;17027.0;0.0
4;26200;ASH_COATED_OSMIUM;9996;14;;;;;10015;10;;;;;10005.5;0.0
4;26200;INTARIAN_PEPPER_ROOT;17028;10;17025;12;;;17039;10;17042;10;;;17033.5;0.0
4;26300;ASH_COATED_OSMIUM;9992;30;9990;15;;;10008;15;10011;15;;;10000.5;0.0
4;26300;INTARIAN_PEPPER_ROOT;17018;18;17015;9;;;17030;10;17033;9;;;17024.0;0.0
4;26400;ASH_COATED_OSMIUM;9996;13;9995;10;9992;15;10015;12;10016;12;10018;11;10005.5;0.0
4;26400;INTARIAN_PEPPER_ROOT;17021;9;17019;9;;;17033;12;17034;12;;;17027.0;0.0
4;26500;ASH_COATED_OSMIUM;9997;10;9995;15;9993;11;10013;13;10015;25;10018;12;10005.0;0.0
4;26500;INTARIAN_PEPPER_ROOT;17015;10;;;;;17027;11;;;;;17021.0;0.0
4;26600;ASH_COATED_OSMIUM;9996;13;9995;15;9993;12;10015;11;10016;14;10017;28;10006.0;0.0
4;26600;INTARIAN_PEPPER_ROOT;17018;9;17017;8;;;17031;10;17034;8;;;17024.5;0.0
4;26700;ASH_COATED_OSMIUM;9993;11;;;;;10009;12;;;;;10001.0;0.0
4;26700;INTARIAN_PEPPER_ROOT;17021;12;17018;10;;;17033;11;17034;11;;;17027.0;0.0
4;26800;ASH_COATED_OSMIUM;9998;13;9995;10;9993;22;10014;14;10016;10;10018;27;10006.0;0.0
4;26800;INTARIAN_PEPPER_ROOT;17014;12;17012;23;;;17026;8;17027;8;;;17020.5;0.0
4;26900;ASH_COATED_OSMIUM;9997;14;;;;;10013;11;;;;;10005.0;0.0
4;26900;INTARIAN_PEPPER_ROOT;17021;10;17019;11;;;17036;8;17038;12;;;17028.5;0.0
4;27000;ASH_COATED_OSMIUM;9991;15;9988;14;;;10007;10;10009;12;;;9999.5;0.0
4;27000;INTARIAN_PEPPER_ROOT;17019;22;17016;11;;;17031;12;17034;15;;;17025.0;0.0
4;27100;ASH_COATED_OSMIUM;9997;14;9994;12;;;10013;24;10016;15;;;10005.0;0.0
4;27100;INTARIAN_PEPPER_ROOT;17019;8;17016;11;;;17034;8;17037;8;;;17027.0;0.0
4;27200;ASH_COATED_OSMIUM;9990;13;;;;;10006;27;;;;;9998.5;0.0
4;27200;INTARIAN_PEPPER_ROOT;17023;10;;;;;17040;10;;;;;17031.5;0.0
4;27300;ASH_COATED_OSMIUM;9989;14;9988;13;;;10008;14;10011;11;;;9998.5;0.0
4;27300;INTARIAN_PEPPER_ROOT;17020;12;17017;12;17016;12;17033;19;17035;10;17036;11;17026.5;0.0
4;27400;ASH_COATED_OSMIUM;9989;5;9986;10;;;10007;12;10009;10;;;9998.5;0.0
4;27400;INTARIAN_PEPPER_ROOT;17018;17;;;;;17033;9;;;;;17026.0;0.0
4;27500;ASH_COATED_OSMIUM;9989;11;9986;25;;;10008;26;10010;25;;;9999.0;0.0
4;27500;INTARIAN_PEPPER_ROOT;17021;10;17019;11;17016;24;17034;9;17035;12;17037;24;17028.0;0.0
4;27600;ASH_COATED_OSMIUM;9991;11;9988;14;;;10007;26;10008;21;;;9999.0;0.0
4;27600;INTARIAN_PEPPER_ROOT;17019;12;17016;20;17014;9;17034;9;17037;8;17039;17;17027.0;0.0
4;27700;ASH_COATED_OSMIUM;9996;25;;;;;10012;15;;;;;10004.0;0.0
4;27700;INTARIAN_PEPPER_ROOT;17021;12;17020;9;17018;17;17036;10;17039;16;17042;8;17029.0;0.0
4;27800;ASH_COATED_OSMIUM;9994;14;9993;14;;;10013;15;10015;15;;;10004.0;0.0
4;27800;INTARIAN_PEPPER_ROOT;17019;7;17018;10;;;17032;12;17034;9;;;17026.0;0.0
4;27900;ASH_COATED_OSMIUM;9990;13;;;;;10006;28;;;;;9998.5;0.0
4;27900;INTARIAN_PEPPER_ROOT;17022;11;17021;9;17020;9;17034;9;17036;12;17037;8;17028.0;0.0
4;28000;ASH_COATED_OSMIUM;9990;15;;;;;10006;15;;;;;9998.0;0.0
4;28000;INTARIAN_PEPPER_ROOT;17020;12;17018;9;17017;9;17036;10;17039;8;17042;9;17028.5;0.0
4;28100;ASH_COATED_OSMIUM;9990;14;9988;11;;;10006;10;10007;13;;;9998.0;0.0
4;28100;INTARIAN_PEPPER_ROOT;17023;9;17022;12;;;17027;22;17029;8;;;17025.0;0.0
4;28200;ASH_COATED_OSMIUM;9994;25;9991;12;;;10010;14;10011;14;;;10002.5;0.0
4;28200;INTARIAN_PEPPER_ROOT;17020;11;17017;12;;;17031;8;17033;12;;;17025.5;0.0
4;28300;ASH_COATED_OSMIUM;9986;10;9985;13;9982;28;10007;13;10010;11;10013;12;9997.0;0.0
4;28300;INTARIAN_PEPPER_ROOT;17009;10;17007;11;17006;8;17029;8;17032;8;17033;8;17019.5;0.0
4;28400;ASH_COATED_OSMIUM;9994;14;9992;20;9991;10;10010;15;10011;11;10014;13;10002.0;0.0
4;28400;INTARIAN_PEPPER_ROOT;17022;12;;;;;17036;12;;;;;17029.0;0.0
4;28500;ASH_COATED_OSMIUM;9991;11;9988;15;;;10001;15;10004;14;;;9996.5;0.0
4;28500;INTARIAN_PEPPER_ROOT;17022;9;17020;8;17019;12;17037;10;17038;8;17041;11;17030.0;0.0
4;28600;ASH_COATED_OSMIUM;9988;13;;;;;10004;13;;;;;9996.0;0.0
4;28600;INTARIAN_PEPPER_ROOT;17021;11;;;;;17035;11;;;;;17028.5;0.0
4;28700;ASH_COATED_OSMIUM;9987;12;9984;13;9981;15;10005;14;10007;12;10008;13;9996.5;0.0
4;28700;INTARIAN_PEPPER_ROOT;17022;10;17019;12;;;17034;8;17037;9;;;17028.0;0.0
4;28800;ASH_COATED_OSMIUM;9993;10;9992;13;9990;13;10009;13;10011;14;10012;15;10001.5;0.0
4;28800;INTARIAN_PEPPER_ROOT;17022;10;17020;10;;;17034;10;17036;12;;;17028.5;0.0
4;28900;ASH_COATED_OSMIUM;9988;20;9987;13;;;10004;15;10005;14;;;9996.5;0.0
4;28900;INTARIAN_PEPPER_ROOT;17022;8;17019;12;;;17034;9;17036;9;;;17028.5;0.0
4;29000;ASH_COATED_OSMIUM;9993;24;;;;;10009;26;;;;;10001.5;0.0
4;29000;INTARIAN_PEPPER_ROOT;17020;9;;;;;17031;11;;;;;17025.5;0.0
4;29100;ASH_COATED_OSMIUM;9987;26;9985;28;9982;29;10005;14;10007;15;10010;14;9996.5;0.0
4;29100;INTARIAN_PEPPER_ROOT;17024;9;17022;10;;;17038;9;17041;12;;;17031.5;0.0
4;29200;ASH_COATED_OSMIUM;9994;11;9991;10;;;10010;12;10012;12;;;10002.0;0.0
4;29200;INTARIAN_PEPPER_ROOT;17023;20;17020;8;;;17036;9;17037;23;;;17030.0;0.0
4;29300;ASH_COATED_OSMIUM;9992;2;9991;14;;;10002;25;10004;15;;;9997.0;0.0
4;29300;INTARIAN_PEPPER_ROOT;17018;11;17017;11;;;17035;17;17036;10;;;17026.5;0.0
4;29400;ASH_COATED_OSMIUM;9993;13;;;;;10011;10;;;;;10002.5;0.0
4;29400;INTARIAN_PEPPER_ROOT;17022;9;;;;;17036;10;;;;;17029.0;0.0
4;29500;ASH_COATED_OSMIUM;9993;14;9991;28;9989;10;10012;27;10014;12;10016;30;10003.0;0.0
4;29500;INTARIAN_PEPPER_ROOT;17023;12;17022;22;;;17035;12;17038;8;;;17029.0;0.0
4;29600;ASH_COATED_OSMIUM;9993;11;;;;;10012;13;;;;;10003.0;0.0
4;29600;INTARIAN_PEPPER_ROOT;17024;5;17023;12;;;17035;12;17038;10;;;17029.5;0.0
4;29700;ASH_COATED_OSMIUM;9993;30;9992;11;9989;14;10014;12;10017;22;10020;12;10004.0;0.0
4;29700;INTARIAN_PEPPER_ROOT;17024;15;17022;10;;;17037;12;17038;17;;;17031.0;0.0
4;29800;ASH_COATED_OSMIUM;9991;10;;;;;10007;12;;;;;9999.0;0.0
4;29800;INTARIAN_PEPPER_ROOT;17026;19;;;;;17037;9;;;;;17032.0;0.0
4;29900;ASH_COATED_OSMIUM;9996;14;9994;11;9993;26;10012;14;10015;11;10017;4;10004.0;0.0
4;29900;INTARIAN_PEPPER_ROOT;17023;21;17022;10;;;17035;12;17037;6;;;17029.5;0.0
4;30000;ASH_COATED_OSMIUM;9991;15;9990;11;;;10007;28;10010;4;;;9999.5;0.0
4;30000;INTARIAN_PEPPER_ROOT;17021;8;;;;;17035;10;;;;;17028.5;0.0
4;30100;ASH_COATED_OSMIUM;9991;10;;;;;10007;15;;;;;9999.5;0.0
4;30100;INTARIAN_PEPPER_ROOT;17024;10;17021;11;;;17040;9;17042;8;;;17032.5;0.0
4;30200;ASH_COATED_OSMIUM;10001;10;9999;11;;;10010;15;10011;14;;;10005.5;0.0
4;30200;INTARIAN_PEPPER_ROOT;17021;10;17018;11;17015;11;17033;11;17035;12;17037;24;17027.5;0.0
4;30300;ASH_COATED_OSMIUM;9996;11;9994;14;;;10015;10;10017;12;;;10006.0;0.0
4;30300;INTARIAN_PEPPER_ROOT;17026;11;17025;10;17024;9;17037;11;17039;16;17040;8;17032.0;0.0
4;30400;ASH_COATED_OSMIUM;9995;10;9994;12;;;10006;10;10008;14;;;10001.0;0.0
4;30400;INTARIAN_PEPPER_ROOT;17027;11;17026;12;17025;11;17039;8;17041;11;17043;8;17033.5;0.0
4;30500;ASH_COATED_OSMIUM;9996;6;;;;;10014;13;;;;;10005.5;0.0
4;30500;INTARIAN_PEPPER_ROOT;17025;11;;;;;17040;8;;;;;17032.5;0.0
4;30600;ASH_COATED_OSMIUM;9997;11;;;;;10013;12;;;;;10005.5;0.0
4;30600;INTARIAN_PEPPER_ROOT;17022;10;17019;19;17018;10;17035;12;17036;15;17038;17;17029.0;0.0
4;30700;ASH_COATED_OSMIUM;10001;13;10000;11;9999;10;10009;22;10010;28;10011;11;10005.5;0.0
4;30700;INTARIAN_PEPPER_ROOT;17028;12;17027;8;;;17039;11;17041;9;;;17033.5;0.0
4;30800;ASH_COATED_OSMIUM;9991;14;9990;12;;;10010;22;10013;22;;;10000.5;0.0
4;30800;INTARIAN_PEPPER_ROOT;17024;12;17023;10;17020;9;17037;8;17039;10;17042;8;17031.0;0.0
4;30900;ASH_COATED_OSMIUM;9995;12;9993;13;9990;11;10006;29;10008;30;10009;14;10001.0;0.0
4;30900;INTARIAN_PEPPER_ROOT;17026;12;17023;22;;;17039;10;17041;9;;;17032.5;0.0
4;31000;ASH_COATED_OSMIUM;9992;10;;;;;10008;26;;;;;10000.5;0.0
4;31000;INTARIAN_PEPPER_ROOT;17027;7;17025;9;17024;12;17039;11;17042;12;17043;9;17033.0;0.0
4;31100;ASH_COATED_OSMIUM;9993;15;;;;;10009;13;;;;;10001.5;0.0
4;31100;INTARIAN_PEPPER_ROOT;17026;11;17024;21;17023;11;17041;10;17042;9;17044;12;17034.0;0.0
4;31200;ASH_COATED_OSMIUM;9993;14;9991;11;;;10009;12;10012;11;;;10001.5;0.0
4;31200;INTARIAN_PEPPER_ROOT;17024;11;17021;17;17019;8;17038;8;17040;8;17043;21;17031.0;0.0
4;31300;ASH_COATED_OSMIUM;9994;12;9991;12;;;10010;15;10013;11;;;10002.0;0.0
4;31300;INTARIAN_PEPPER_ROOT;17024;12;17022;11;17019;16;17040;8;17043;10;17045;11;17032.0;0.0
4;31400;ASH_COATED_OSMIUM;9998;15;9995;12;;;10014;10;10015;12;;;10006.5;0.0
4;31400;INTARIAN_PEPPER_ROOT;17026;21;;;;;17039;9;;;;;17033.0;0.0
4;31500;ASH_COATED_OSMIUM;9997;10;;;;;10015;14;;;;;10006.5;0.0
4;31500;INTARIAN_PEPPER_ROOT;17026;10;17024;9;;;17038;10;17040;12;;;17032.0;0.0
4;31600;ASH_COATED_OSMIUM;9991;14;;;;;10010;20;;;;;10001.0;0.0
4;31600;INTARIAN_PEPPER_ROOT;17023;10;17022;15;;;17035;10;17037;10;;;17029.5;0.0
4;31700;ASH_COATED_OSMIUM;9998;13;9995;14;;;10014;11;10015;15;;;10006.5;0.0
4;31700;INTARIAN_PEPPER_ROOT;17026;10;;;;;17043;9;;;;;17035.0;0.0
4;31800;ASH_COATED_OSMIUM;9993;14;9991;28;;;10009;15;10012;12;;;10001.5;0.0
4;31800;INTARIAN_PEPPER_ROOT;17027;8;17025;9;;;17041;12;17044;8;;;17034.5;0.0
4;31900;ASH_COATED_OSMIUM;9993;2;9992;12;9989;12;10011;13;10013;13;10016;27;10002.0;0.0
4;31900;INTARIAN_PEPPER_ROOT;17022;12;;;;;17034;23;;;;;17028.0;0.0
4;32000;ASH_COATED_OSMIUM;9992;15;;;;;10011;11;;;;;10002.0;0.0
4;32000;INTARIAN_PEPPER_ROOT;17025;11;17022;16;;;17038;12;17041;10;;;17031.5;0.0
4;32100;ASH_COATED_OSMIUM;10000;14;9998;12;;;10016;4;10019;10;;;10008.0;0.0
4;32100;INTARIAN_PEPPER_ROOT;17021;23;17020;15;17017;21;17032;11;17033;23;17035;20;17027.0;0.0
4;32200;ASH_COATED_OSMIUM;9993;10;;;;;10012;27;;;;;10002.5;0.0
4;32200;INTARIAN_PEPPER_ROOT;17021;8;17018;10;;;17034;11;17037;11;;;17028.0;0.0
4;32300;ASH_COATED_OSMIUM;9996;15;9995;13;;;10009;14;10012;13;;;10003.0;0.0
4;32300;INTARIAN_PEPPER_ROOT;17027;8;17025;11;;;17044;19;17045;6;;;17035.5;0.0
4;32400;ASH_COATED_OSMIUM;9995;2;9994;12;;;10011;14;10012;14;;;10003.0;0.0
4;32400;INTARIAN_PEPPER_ROOT;17024;11;;;;;17037;6;;;;;17030.5;0.0
4;32500;ASH_COATED_OSMIUM;9995;10;;;;;10011;14;;;;;10003.0;0.0
4;32500;INTARIAN_PEPPER_ROOT;17022;8;17020;8;;;17037;8;17038;10;;;17029.5;0.0
4;32600;ASH_COATED_OSMIUM;9994;12;9992;11;;;10010;22;10013;12;;;10002.5;0.0
4;32600;INTARIAN_PEPPER_ROOT;17027;18;;;;;17039;12;;;;;17033.0;0.0
4;32700;ASH_COATED_OSMIUM;9995;26;;;;;10011;12;;;;;10003.0;0.0
4;32700;INTARIAN_PEPPER_ROOT;17025;11;17024;8;;;17037;11;17040;9;;;17031.5;0.0
4;32800;ASH_COATED_OSMIUM;9999;13;9996;12;;;10015;11;10018;10;;;10007.5;0.0
4;32800;INTARIAN_PEPPER_ROOT;17027;10;17025;12;17024;12;17038;8;17040;11;17041;9;17032.5;0.0
4;32900;ASH_COATED_OSMIUM;9999;15;9998;10;9996;11;10016;10;10019;15;10021;13;10007.5;0.0
4;32900;INTARIAN_PEPPER_ROOT;17031;11;17030;11;;;17048;12;17050;15;;;17039.5;0.0
4;33000;ASH_COATED_OSMIUM;9994;11;9991;13;9988;14;10010;26;10011;6;10014;14;10002.5;0.0
4;33000;INTARIAN_PEPPER_ROOT;17033;9;;;;;17035;8;;;;;17034.0;0.0
4;33100;ASH_COATED_OSMIUM;10000;13;9998;13;9996;13;10016;11;10019;15;10020;13;10008.0;0.0
4;33100;INTARIAN_PEPPER_ROOT;17029;12;17027;8;17024;8;17041;9;17042;18;17045;10;17035.0;0.0
4;33200;ASH_COATED_OSMIUM;9997;12;9994;11;9992;14;10007;13;10009;23;10010;11;10002.5;0.0
4;33200;INTARIAN_PEPPER_ROOT;17029;11;17027;11;;;17041;9;17044;10;;;17035.0;0.0
4;33300;ASH_COATED_OSMIUM;9993;29;;;;;10011;10;;;;;10002.5;0.0
4;33300;INTARIAN_PEPPER_ROOT;17021;11;17018;20;;;17033;12;17034;11;;;17027.0;0.0
4;33400;ASH_COATED_OSMIUM;9998;13;9997;10;9994;12;10016;14;10017;11;10019;14;10007.5;0.0
4;33400;INTARIAN_PEPPER_ROOT;17024;10;17021;8;;;17041;12;17042;12;;;17033.0;0.0
4;33500;ASH_COATED_OSMIUM;10003;29;10001;13;10000;25;10012;10;10015;15;10017;26;10007.5;0.0
4;33500;INTARIAN_PEPPER_ROOT;17027;10;;;;;17040;8;;;;;17033.5;0.0
4;33600;ASH_COATED_OSMIUM;9994;10;9991;5;9989;29;10010;14;10011;11;10013;27;10002.0;0.0
4;33600;INTARIAN_PEPPER_ROOT;17027;19;17025;11;;;17040;9;17041;11;;;17033.5;0.0
4;33700;ASH_COATED_OSMIUM;9994;11;9991;13;9990;14;10010;10;10012;14;10013;10;10002.0;0.0
4;33700;INTARIAN_PEPPER_ROOT;17027;10;17025;12;17022;19;17039;21;17040;11;17043;12;17033.5;0.0
4;33800;ASH_COATED_OSMIUM;9998;3;9995;24;;;10016;15;10018;14;;;10007.5;0.0
4;33800;INTARIAN_PEPPER_ROOT;17026;7;17025;11;;;17040;9;17043;10;;;17033.5;0.0
4;33900;ASH_COATED_OSMIUM;9993;25;9991;11;;;10011;26;10013;10;;;10002.0;0.0
4;33900;INTARIAN_PEPPER_ROOT;17028;23;;;;;17039;10;;;;;17033.5;0.0
4;34000;ASH_COATED_OSMIUM;9999;11;9997;23;9994;11;10015;13;10017;12;10019;11;10007.0;0.0
4;34000;INTARIAN_PEPPER_ROOT;17028;10;17026;6;17025;11;17042;16;17043;9;17045;20;17035.0;0.0
4;34100;ASH_COATED_OSMIUM;9998;11;;;;;10014;15;;;;;10006.5;0.0
4;34100;INTARIAN_PEPPER_ROOT;17023;11;;;;;17037;12;;;;;17030.5;0.0
4;34200;ASH_COATED_OSMIUM;9993;15;9991;5;;;10009;20;10011;11;;;10001.5;0.0
4;34200;INTARIAN_PEPPER_ROOT;17030;10;17028;12;17026;10;17043;10;17044;8;17045;10;17037.0;0.0
4;34300;ASH_COATED_OSMIUM;9993;10;;;;;10012;12;;;;;10002.5;0.0
4;34300;INTARIAN_PEPPER_ROOT;17028;25;17026;11;;;17040;24;17041;21;;;17034.5;0.0
4;34400;ASH_COATED_OSMIUM;9999;13;9996;14;;;10015;13;10018;23;;;10007.5;0.0
4;34400;INTARIAN_PEPPER_ROOT;17028;6;17026;9;;;17040;9;17041;10;;;17034.0;0.0
4;34500;ASH_COATED_OSMIUM;9994;15;9992;13;;;10010;15;10012;6;;;10002.0;0.0
4;34500;INTARIAN_PEPPER_ROOT;17027;10;17026;8;;;17043;22;17045;10;;;17035.0;0.0
4;34600;ASH_COATED_OSMIUM;9994;11;9991;11;;;10010;20;10013;10;;;10002.5;0.0
4;34600;INTARIAN_PEPPER_ROOT;17026;12;17023;11;;;17043;7;17046;8;;;17034.5;0.0
4;34700;ASH_COATED_OSMIUM;10000;10;9998;12;;;10016;11;10019;11;;;10008.0;0.0
4;34700;INTARIAN_PEPPER_ROOT;17027;25;17025;12;;;17038;18;17039;12;;;17032.5;0.0
4;34800;ASH_COATED_OSMIUM;10000;11;9998;10;;;10016;12;10017;15;;;10008.0;0.0
4;34800;INTARIAN_PEPPER_ROOT;17029;11;17027;16;17024;10;17043;11;17044;10;17046;8;17036.5;0.0
4;34900;ASH_COATED_OSMIUM;9994;30;;;;;10012;15;;;;;10003.5;0.0
4;34900;INTARIAN_PEPPER_ROOT;17030;9;17027;12;17026;8;17042;8;17045;8;17048;11;17036.5;0.0
4;35000;ASH_COATED_OSMIUM;10001;12;9999;12;;;10017;26;10018;13;;;10009.0;0.0
4;35000;INTARIAN_PEPPER_ROOT;17022;12;;;;;17035;8;;;;;17028.5;0.0
4;35100;ASH_COATED_OSMIUM;9995;14;9994;3;9993;13;10011;12;10012;15;10015;5;10003.5;0.0
4;35100;INTARIAN_PEPPER_ROOT;17027;8;;;;;17044;8;;;;;17036.0;0.0
4;35200;ASH_COATED_OSMIUM;9998;13;9996;13;9993;15;10019;23;10020;13;10023;10;10008.5;0.0
4;35200;INTARIAN_PEPPER_ROOT;17027;23;;;;;17041;9;;;;;17034.5;0.0
4;35300;ASH_COATED_OSMIUM;9999;10;9998;15;;;10018;13;10019;15;;;10008.5;0.0
4;35300;INTARIAN_PEPPER_ROOT;17028;11;;;;;17040;8;;;;;17034.5;0.0
4;35400;ASH_COATED_OSMIUM;9994;14;9993;11;;;10012;14;10015;15;;;10003.5;0.0
4;35400;INTARIAN_PEPPER_ROOT;17028;10;17025;9;17022;11;17040;23;17041;17;17043;12;17034.0;0.0
4;35500;ASH_COATED_OSMIUM;9999;13;9998;10;9995;11;10008;13;10011;15;10013;12;10003.5;0.0
4;35500;INTARIAN_PEPPER_ROOT;17039;8;17036;8;17033;10;17055;11;17056;12;17057;12;17047.0;0.0
4;35600;ASH_COATED_OSMIUM;10000;15;9999;11;;;10016;12;10019;13;;;10008.5;0.0
4;35600;INTARIAN_PEPPER_ROOT;17026;10;;;;;17039;10;;;;;17032.5;0.0
4;35700;ASH_COATED_OSMIUM;9995;12;;;;;10011;10;;;;;10003.0;0.0
4;35700;INTARIAN_PEPPER_ROOT;17028;12;17026;9;17024;20;17042;10;17045;8;17046;9;17035.5;0.0
4;35800;ASH_COATED_OSMIUM;9994;14;9992;14;;;10010;23;10012;14;;;10002.5;0.0
4;35800;INTARIAN_PEPPER_ROOT;17027;12;;;;;17043;8;;;;;17035.5;0.0
4;35900;ASH_COATED_OSMIUM;9994;13;9992;13;;;10010;10;10011;14;;;10002.5;0.0
4;35900;INTARIAN_PEPPER_ROOT;17029;16;;;;;17041;8;;;;;17035.5;0.0
4;36000;ASH_COATED_OSMIUM;10000;10;9997;14;;;10016;15;10017;12;;;10008.0;0.0
4;36000;INTARIAN_PEPPER_ROOT;17032;9;17029;9;17027;12;17044;12;17045;10;17047;8;17038.5;0.0
4;36100;ASH_COATED_OSMIUM;9998;15;9996;28;9995;12;10008;14;10009;14;10010;11;10003.0;0.0
4;36100;INTARIAN_PEPPER_ROOT;17035;20;17033;23;17031;10;17038;10;17041;9;17042;8;17036.5;0.0
4;36200;ASH_COATED_OSMIUM;9998;23;9995;15;;;10014;15;10016;10;;;10006.5;0.0
4;36200;INTARIAN_PEPPER_ROOT;17028;11;;;;;17040;12;;;;;17034.5;0.0
4;36300;ASH_COATED_OSMIUM;9998;12;9997;10;9994;12;10016;14;10018;30;10021;11;10007.0;0.0
4;36300;INTARIAN_PEPPER_ROOT;17031;11;;;;;17043;9;;;;;17037.0;0.0
4;36400;ASH_COATED_OSMIUM;9998;15;9996;14;9993;13;10014;11;10017;13;10019;10;10006.5;0.0
4;36400;INTARIAN_PEPPER_ROOT;17031;12;;;;;17045;9;;;;;17038.0;0.0
4;36500;ASH_COATED_OSMIUM;9999;10;9998;12;;;10015;30;10016;15;;;10007.0;0.0
4;36500;INTARIAN_PEPPER_ROOT;17031;15;;;;;17040;10;;;;;17035.5;0.0
4;36600;ASH_COATED_OSMIUM;9998;15;;;;;10014;10;;;;;10006.5;0.0
4;36600;INTARIAN_PEPPER_ROOT;17030;12;17028;8;;;17044;9;17047;22;;;17037.0;0.0
4;36700;ASH_COATED_OSMIUM;9999;15;9998;15;;;10015;14;10016;10;;;10007.0;0.0
4;36700;INTARIAN_PEPPER_ROOT;17032;9;17030;11;;;17036;10;17037;8;;;17034.5;0.0
4;36800;ASH_COATED_OSMIUM;9993;14;;;;;10009;10;;;;;10001.5;0.0
4;36800;INTARIAN_PEPPER_ROOT;17033;12;17031;18;;;17045;8;17047;8;;;17039.0;0.0
4;36900;ASH_COATED_OSMIUM;9999;12;9997;11;;;10015;13;10018;28;;;10007.0;0.0
4;36900;INTARIAN_PEPPER_ROOT;17031;10;17029;8;17028;9;17045;12;17046;8;17048;9;17038.0;0.0
4;37000;ASH_COATED_OSMIUM;9999;25;9996;10;;;10015;14;10016;12;;;10007.0;0.0
4;37000;INTARIAN_PEPPER_ROOT;17030;9;17028;9;17025;10;17045;25;17046;5;17047;12;17037.5;0.0
4;37100;ASH_COATED_OSMIUM;9992;15;9989;10;;;10010;12;10012;12;;;10001.5;0.0
4;37100;INTARIAN_PEPPER_ROOT;17026;10;17023;12;17020;10;17043;9;17046;11;17047;11;17034.5;0.0
4;37200;ASH_COATED_OSMIUM;9993;14;;;;;10009;15;;;;;10001.5;0.0
4;37200;INTARIAN_PEPPER_ROOT;17037;11;;;;;17040;11;;;;;17039.0;0.0
4;37300;ASH_COATED_OSMIUM;9997;13;9996;12;;;10016;11;10019;13;;;10006.5;0.0
4;37300;INTARIAN_PEPPER_ROOT;17031;9;17030;18;17029;11;17046;11;17047;25;17048;10;17039.0;0.0
4;37400;ASH_COATED_OSMIUM;9991;26;9988;27;;;10010;12;10011;12;;;10001.0;0.0
4;37400;INTARIAN_PEPPER_ROOT;17031;8;17029;10;;;17044;15;17046;15;;;17038.0;0.0
4;37500;ASH_COATED_OSMIUM;9991;12;9989;13;9988;10;10010;20;10013;10;10016;13;10001.0;0.0
4;37500;INTARIAN_PEPPER_ROOT;17031;8;17029;12;;;17045;8;17048;11;;;17038.5;0.0
4;37600;ASH_COATED_OSMIUM;9998;12;;;;;10016;12;;;;;10007.0;0.0
4;37600;INTARIAN_PEPPER_ROOT;17031;9;17028;11;;;17045;25;17047;10;;;17038.5;0.0
4;37700;ASH_COATED_OSMIUM;9999;11;9996;12;9993;11;10015;15;10017;12;10018;22;10007.0;0.0
4;37700;INTARIAN_PEPPER_ROOT;17030;8;17029;11;17028;25;17043;8;17046;11;17049;8;17036.5;0.0
4;37800;ASH_COATED_OSMIUM;9999;10;9997;15;9995;13;10015;14;10017;5;10019;23;10007.0;0.0
4;37800;INTARIAN_PEPPER_ROOT;17032;17;17029;11;17026;9;17044;10;17047;9;17049;12;17038.0;0.0
4;37900;ASH_COATED_OSMIUM;9993;13;9990;14;;;10009;13;10011;5;;;10001.5;0.0
4;37900;INTARIAN_PEPPER_ROOT;17035;15;;;;;17048;12;;;;;17042.0;0.0
4;38000;ASH_COATED_OSMIUM;9993;11;9991;20;9990;13;10009;14;10011;12;10013;11;10001.5;0.0
4;38000;INTARIAN_PEPPER_ROOT;17030;12;;;;;17043;11;;;;;17036.5;0.0
4;38100;ASH_COATED_OSMIUM;9999;15;9996;12;9995;4;10015;10;10017;13;10020;13;10007.5;0.0
4;38100;INTARIAN_PEPPER_ROOT;17031;12;17028;12;;;17045;12;17048;9;;;17038.5;0.0
4;38200;ASH_COATED_OSMIUM;9998;12;9995;22;;;10016;25;10019;13;;;10007.5;0.0
4;38200;INTARIAN_PEPPER_ROOT;17030;11;17028;8;17025;8;17045;10;17048;10;17049;12;17038.0;0.0
4;38300;ASH_COATED_OSMIUM;9999;12;;;;;10015;10;;;;;10007.5;0.0
4;38300;INTARIAN_PEPPER_ROOT;17030;11;17029;11;;;17042;8;17044;9;;;17036.0;0.0
4;38400;ASH_COATED_OSMIUM;10005;13;10002;10;;;10010;11;10013;10;;;10007.5;0.0
4;38400;INTARIAN_PEPPER_ROOT;17031;11;;;;;17044;9;;;;;17037.5;0.0
4;38500;ASH_COATED_OSMIUM;9994;12;9993;11;9990;11;10010;11;10011;11;10013;11;10002.5;0.0
4;38500;INTARIAN_PEPPER_ROOT;17031;12;;;;;17043;12;;;;;17037.5;0.0
4;38600;ASH_COATED_OSMIUM;9994;15;;;;;10010;22;;;;;10002.5;0.0
4;38600;INTARIAN_PEPPER_ROOT;17033;19;17032;8;;;17045;11;17047;10;;;17039.0;0.0
4;38700;ASH_COATED_OSMIUM;9994;10;9991;11;;;10010;13;10012;12;;;10002.5;0.0
4;38700;INTARIAN_PEPPER_ROOT;17032;10;17029;8;;;17043;11;17044;11;;;17038.0;0.0
4;38800;ASH_COATED_OSMIUM;9999;30;9996;10;9993;13;10015;13;10016;14;10018;10;10007.0;0.0
4;38800;INTARIAN_PEPPER_ROOT;17035;12;17034;10;17032;8;17046;10;17047;11;17049;23;17040.5;0.0
4;38900;ASH_COATED_OSMIUM;9993;12;9992;11;9990;13;10009;11;10012;12;10014;11;10001.5;0.0
4;38900;INTARIAN_PEPPER_ROOT;17032;11;17029;9;;;17047;8;17049;10;;;17039.5;0.0
4;39000;ASH_COATED_OSMIUM;9995;11;9994;15;;;10011;12;10012;10;;;10003.5;0.0
4;39000;INTARIAN_PEPPER_ROOT;17033;11;;;;;17047;15;;;;;17040.0;0.0
4;39100;ASH_COATED_OSMIUM;10001;15;9998;10;9995;13;10017;11;10018;11;10021;25;10009.0;0.0
4;39100;INTARIAN_PEPPER_ROOT;17032;10;17031;10;;;17043;12;17044;12;;;17038.0;0.0
4;39200;ASH_COATED_OSMIUM;10000;15;9997;10;;;10016;2;10017;2;;;10008.5;0.0
4;39200;INTARIAN_PEPPER_ROOT;17034;12;;;;;17047;12;;;;;17040.5;0.0
4;39300;ASH_COATED_OSMIUM;9995;11;9992;13;;;10011;13;10012;28;;;10003.0;0.0
4;39300;INTARIAN_PEPPER_ROOT;17033;10;;;;;17044;9;;;;;17038.5;0.0
4;39400;ASH_COATED_OSMIUM;9999;14;;;;;10017;11;;;;;10008.5;0.0
4;39400;INTARIAN_PEPPER_ROOT;17031;9;17029;8;17026;9;17044;9;17046;21;17048;20;17037.5;0.0
4;39500;ASH_COATED_OSMIUM;10000;11;9997;14;;;10016;23;10018;12;;;10008.0;0.0
4;39500;INTARIAN_PEPPER_ROOT;17030;12;;;;;17046;3;;;;;17038.5;0.0
4;39600;ASH_COATED_OSMIUM;9995;12;9993;15;9990;13;10011;13;10014;5;10015;11;10003.5;0.0
4;39600;INTARIAN_PEPPER_ROOT;17030;20;17027;10;;;17046;9;17049;9;;;17038.5;0.0
4;39700;ASH_COATED_OSMIUM;9994;11;9991;15;9988;10;10010;14;10013;11;10016;15;10002.5;0.0
4;39700;INTARIAN_PEPPER_ROOT;17032;11;17030;10;;;17048;9;17049;8;;;17040.5;0.0
4;39800;ASH_COATED_OSMIUM;9994;2;9991;15;;;10010;12;10011;10;;;10002.0;0.0
4;39800;INTARIAN_PEPPER_ROOT;17032;21;17031;8;;;17045;10;17047;9;;;17039.0;0.0
4;39900;ASH_COATED_OSMIUM;9999;28;9996;14;9993;12;10015;10;10018;12;10019;10;10007.0;0.0
4;39900;INTARIAN_PEPPER_ROOT;17034;8;17031;17;;;17046;12;17047;12;;;17040.0;0.0
4;40000;ASH_COATED_OSMIUM;10001;14;;;;;10012;14;;;;;10007.0;0.0
4;40000;INTARIAN_PEPPER_ROOT;17032;12;17030;8;;;17045;8;17048;8;;;17039.0;0.0
4;40100;ASH_COATED_OSMIUM;9994;5;;;;;10010;12;;;;;10002.0;0.0
4;40100;INTARIAN_PEPPER_ROOT;17033;21;17030;12;17028;9;17047;12;17048;20;17049;9;17040.5;0.0
4;40200;ASH_COATED_OSMIUM;9999;11;9998;3;;;10015;21;10016;25;;;10007.5;0.0
4;40200;INTARIAN_PEPPER_ROOT;17033;11;;;;;17047;12;;;;;17040.5;0.0
4;40300;ASH_COATED_OSMIUM;9994;13;9992;13;;;10010;29;10012;12;;;10002.5;0.0
4;40300;INTARIAN_PEPPER_ROOT;17035;11;17033;8;17032;12;17046;8;17047;25;17049;12;17040.5;0.0
4;40400;ASH_COATED_OSMIUM;9994;10;9992;10;9991;25;10010;15;10011;10;10014;10;10002.5;0.0
4;40400;INTARIAN_PEPPER_ROOT;17033;8;17030;24;;;17049;11;17051;10;;;17041.5;0.0
4;40500;ASH_COATED_OSMIUM;9998;11;;;;;10017;14;;;;;10008.0;0.0
4;40500;INTARIAN_PEPPER_ROOT;17034;11;;;;;17050;11;;;;;17042.0;0.0
4;40600;ASH_COATED_OSMIUM;9995;14;;;;;10011;14;;;;;10003.0;0.0
4;40600;INTARIAN_PEPPER_ROOT;17032;8;17029;12;17026;9;17044;11;17046;9;17049;8;17038.0;0.0
4;40700;ASH_COATED_OSMIUM;10000;13;9998;15;9997;11;10016;13;10018;14;10019;2;10008.0;0.0
4;40700;INTARIAN_PEPPER_ROOT;17034;9;;;;;17047;10;;;;;17040.5;0.0
4;40800;ASH_COATED_OSMIUM;10000;12;;;;;10016;14;;;;;10008.0;0.0
4;40800;INTARIAN_PEPPER_ROOT;17030;19;17028;10;17025;10;17046;8;17047;12;17048;16;17038.0;0.0
4;40900;ASH_COATED_OSMIUM;10000;13;9997;10;;;10016;11;10019;14;;;10008.5;0.0
4;40900;INTARIAN_PEPPER_ROOT;17033;10;17032;8;17029;10;17045;8;17046;11;17049;9;17039.0;0.0
4;41000;ASH_COATED_OSMIUM;9995;13;9992;11;9991;15;10011;12;10013;12;10015;13;10003.5;0.0
4;41000;INTARIAN_PEPPER_ROOT;17034;23;;;;;17050;10;;;;;17042.5;0.0
4;41100;ASH_COATED_OSMIUM;10000;13;9997;14;;;10016;24;10017;11;;;10008.5;0.0
4;41100;INTARIAN_PEPPER_ROOT;17032;8;;;;;17049;10;;;;;17041.0;0.0
4;41200;ASH_COATED_OSMIUM;10004;20;10003;12;10000;15;10014;26;10015;14;10017;13;10009.0;0.0
4;41200;INTARIAN_PEPPER_ROOT;17035;23;;;;;17046;15;;;;;17041.0;0.0
4;41300;ASH_COATED_OSMIUM;10001;10;;;;;10017;11;;;;;10009.0;0.0
4;41300;INTARIAN_PEPPER_ROOT;17035;22;17033;9;17031;25;17053;10;17056;5;17057;25;17044.0;0.0
4;41400;ASH_COATED_OSMIUM;9995;10;;;;;10011;12;;;;;10003.5;0.0
4;41400;INTARIAN_PEPPER_ROOT;17031;11;17029;10;;;17046;11;17049;12;;;17038.5;0.0
4;41500;ASH_COATED_OSMIUM;10000;26;9998;10;;;10016;13;10018;14;;;10008.5;0.0
4;41500;INTARIAN_PEPPER_ROOT;17034;17;17033;22;17032;25;17045;9;17048;10;17051;9;17039.5;0.0
4;41600;ASH_COATED_OSMIUM;9995;30;9993;14;;;10011;11;10013;12;;;10003.0;0.0
4;41600;INTARIAN_PEPPER_ROOT;17033;9;17031;12;17028;9;17047;9;17049;8;17052;11;17040.0;0.0
4;41700;ASH_COATED_OSMIUM;9995;14;9993;13;;;10011;13;10013;13;;;10003.5;0.0
4;41700;INTARIAN_PEPPER_ROOT;17035;11;17033;20;17030;11;17051;10;17054;11;17057;10;17043.0;0.0
4;41800;ASH_COATED_OSMIUM;10000;24;;;;;10018;10;;;;;10009.0;0.0
4;41800;INTARIAN_PEPPER_ROOT;17036;8;17033;23;17031;10;17049;21;17052;11;17054;11;17043.0;0.0
4;41900;ASH_COATED_OSMIUM;10006;15;;;;;10012;26;;;;;10009.0;0.0
4;41900;INTARIAN_PEPPER_ROOT;17035;9;17032;9;;;17047;19;17049;6;;;17041.5;0.0
4;42000;ASH_COATED_OSMIUM;10001;27;10000;10;9998;21;10017;13;10018;14;10021;14;10009.0;0.0
4;42000;INTARIAN_PEPPER_ROOT;17034;9;17032;10;;;17047;11;17049;20;;;17041.0;0.0
4;42100;ASH_COATED_OSMIUM;10001;12;10000;14;;;10017;15;10018;13;;;10009.0;0.0
4;42100;INTARIAN_PEPPER_ROOT;17036;8;17034;11;;;17049;24;17052;8;;;17042.5;0.0
4;42200;ASH_COATED_OSMIUM;9996;13;9995;10;9992;11;10012;12;10014;10;10016;22;10004.0;0.0
4;42200;INTARIAN_PEPPER_ROOT;17036;8;;;;;17049;9;;;;;17042.5;0.0
4;42300;ASH_COATED_OSMIUM;9999;10;9997;15;;;10018;11;10019;10;;;10009.0;0.0
4;42300;INTARIAN_PEPPER_ROOT;17032;8;;;;;17049;9;;;;;17040.5;0.0
4;42400;ASH_COATED_OSMIUM;10000;27;9998;2;9996;10;10019;15;10021;15;10023;25;10009.5;0.0
4;42400;INTARIAN_PEPPER_ROOT;17037;11;17034;8;17031;10;17052;19;17053;11;17056;12;17045.0;0.0
4;42500;ASH_COATED_OSMIUM;9995;14;9993;20;;;10013;13;10016;11;;;10004.0;0.0
4;42500;INTARIAN_PEPPER_ROOT;17032;12;;;;;17044;17;;;;;17038.0;0.0
4;42600;ASH_COATED_OSMIUM;10001;24;9998;11;;;10017;2;10018;14;;;10009.0;0.0
4;42600;INTARIAN_PEPPER_ROOT;17034;11;;;;;17047;8;;;;;17041.0;0.0
4;42700;ASH_COATED_OSMIUM;9993;20;9990;13;9987;10;10014;13;10015;11;10017;10;10003.5;0.0
4;42700;INTARIAN_PEPPER_ROOT;17034;11;17032;8;;;17049;12;17051;9;;;17041.5;0.0
4;42800;ASH_COATED_OSMIUM;10001;24;9998;13;9996;12;10017;14;10019;14;10020;11;10009.0;0.0
4;42800;INTARIAN_PEPPER_ROOT;17038;9;17036;11;17035;8;17051;10;17053;12;17056;18;17045.0;0.0
4;42900;ASH_COATED_OSMIUM;9999;10;9997;12;9996;12;10018;14;10019;11;10020;14;10008.5;0.0
4;42900;INTARIAN_PEPPER_ROOT;17042;8;17040;11;17038;9;17053;9;17054;12;17057;8;17047.5;0.0
4;43000;ASH_COATED_OSMIUM;9999;12;9998;27;9996;11;10017;20;10020;13;10021;14;10008.5;0.0
4;43000;INTARIAN_PEPPER_ROOT;17039;11;;;;;17051;19;;;;;17045.0;0.0
4;43100;ASH_COATED_OSMIUM;9999;13;9998;14;;;10015;12;10017;12;;;10007.5;0.0
4;43100;INTARIAN_PEPPER_ROOT;17038;9;;;;;17051;25;;;;;17044.5;0.0
4;43200;ASH_COATED_OSMIUM;9994;10;9993;12;9992;14;10010;12;10013;26;10014;15;10002.0;0.0
4;43200;INTARIAN_PEPPER_ROOT;17042;8;17039;12;;;17049;10;17051;9;;;17046.0;0.0
4;43300;ASH_COATED_OSMIUM;9998;13;9995;12;9992;13;10016;12;10017;30;10018;29;10007.5;0.0
4;43300;INTARIAN_PEPPER_ROOT;17036;9;17035;9;17033;9;17049;8;17052;3;17055;9;17042.5;0.0
4;43400;ASH_COATED_OSMIUM;9994;14;;;;;10010;10;;;;;10002.5;0.0
4;43400;INTARIAN_PEPPER_ROOT;17036;9;;;;;17050;9;;;;;17043.5;0.0
4;43500;ASH_COATED_OSMIUM;9999;11;9996;14;9994;11;10015;12;10017;11;10019;13;10007.5;0.0
4;43500;INTARIAN_PEPPER_ROOT;17036;12;17033;12;;;17050;10;17051;21;;;17043.5;0.0
4;43600;ASH_COATED_OSMIUM;9999;10;9996;12;9993;10;10015;23;10017;12;10020;27;10007.5;0.0
4;43600;INTARIAN_PEPPER_ROOT;17038;8;17036;12;;;17050;9;17052;10;;;17044.0;0.0
4;43700;ASH_COATED_OSMIUM;10003;14;10000;13;9998;11;10013;20;10016;15;10017;12;10008.0;0.0
4;43700;INTARIAN_PEPPER_ROOT;17039;17;17038;11;17037;12;17051;8;17052;10;17053;12;17045.0;0.0
4;43800;ASH_COATED_OSMIUM;10000;14;;;;;10016;15;;;;;10008.0;0.0
4;43800;INTARIAN_PEPPER_ROOT;17039;18;17038;11;17036;8;17053;21;17054;12;17055;11;17046.5;0.0
4;43900;ASH_COATED_OSMIUM;9999;12;;;;;10017;11;;;;;10008.0;0.0
4;43900;INTARIAN_PEPPER_ROOT;17037;11;17036;10;;;17049;12;17050;10;;;17043.5;0.0
4;44000;ASH_COATED_OSMIUM;10000;14;9998;10;;;10016;12;10018;15;;;10008.0;0.0
4;44000;INTARIAN_PEPPER_ROOT;17042;12;;;;;17056;8;;;;;17049.0;0.0
4;44100;ASH_COATED_OSMIUM;10000;12;9997;13;;;10016;15;10018;13;;;10008.0;0.0
4;44100;INTARIAN_PEPPER_ROOT;17034;10;17031;12;;;17050;9;17053;10;;;17042.0;0.0
4;44200;ASH_COATED_OSMIUM;9999;13;9996;14;9995;25;10015;20;10016;10;10017;13;10007.5;0.0
4;44200;INTARIAN_PEPPER_ROOT;17036;12;17033;8;;;17049;25;17050;11;;;17042.5;0.0
4;44300;ASH_COATED_OSMIUM;9992;14;9989;12;9987;12;10011;23;10014;11;10017;13;10002.0;0.0
4;44300;INTARIAN_PEPPER_ROOT;17037;17;;;;;17050;10;;;;;17044.0;0.0
4;44400;ASH_COATED_OSMIUM;9994;13;;;;;10010;11;;;;;10002.0;0.0
4;44400;INTARIAN_PEPPER_ROOT;17040;10;17039;10;;;17047;10;17050;9;;;17043.5;0.0
4;44500;ASH_COATED_OSMIUM;9999;27;;;;;10015;15;;;;;10007.5;0.0
4;44500;INTARIAN_PEPPER_ROOT;17033;9;17032;9;;;17050;11;17051;10;;;17042.0;0.0
4;44600;ASH_COATED_OSMIUM;9994;13;9993;12;9991;20;10010;13;10013;14;10015;14;10002.0;0.0
4;44600;INTARIAN_PEPPER_ROOT;17037;9;17034;12;17031;9;17049;11;17051;22;17054;9;17043.5;0.0
4;44700;ASH_COATED_OSMIUM;9994;11;9993;26;;;10010;25;10011;13;;;10002.5;0.0
4;44700;INTARIAN_PEPPER_ROOT;17039;11;17036;11;;;17053;20;17055;11;;;17046.0;0.0
4;44800;ASH_COATED_OSMIUM;9993;13;9991;12;9990;14;10012;23;10014;20;10017;15;10002.5;0.0
4;44800;INTARIAN_PEPPER_ROOT;17037;10;17034;10;;;17050;10;17053;9;;;17043.5;0.0
4;44900;ASH_COATED_OSMIUM;9993;11;9990;10;;;10009;10;10011;13;;;10001.5;0.0
4;44900;INTARIAN_PEPPER_ROOT;17018;10;17016;18;;;17030;11;17031;9;;;17024.5;0.0
4;45000;ASH_COATED_OSMIUM;10002;10;9999;25;9997;12;10012;6;10013;10;10014;13;10007.0;0.0
4;45000;INTARIAN_PEPPER_ROOT;17035;11;17033;15;;;17050;7;17051;9;;;17042.5;0.0
4;45100;ASH_COATED_OSMIUM;9997;30;;;;;10015;13;;;;;10006.5;0.0
4;45100;INTARIAN_PEPPER_ROOT;17041;12;17040;9;17039;10;17049;8;17050;9;17052;10;17045.0;0.0
4;45200;ASH_COATED_OSMIUM;9997;12;;;;;10015;15;;;;;10006.5;0.0
4;45200;INTARIAN_PEPPER_ROOT;17037;8;;;;;17053;9;;;;;17045.0;0.0
4;45300;ASH_COATED_OSMIUM;9995;15;;;;;10006;12;;;;;10001.0;0.0
4;45300;INTARIAN_PEPPER_ROOT;17040;8;17038;9;17035;8;17052;18;17055;10;17056;8;17046.0;0.0
4;45400;ASH_COATED_OSMIUM;9991;14;;;;;10010;22;;;;;10000.5;0.0
4;45400;INTARIAN_PEPPER_ROOT;17039;9;;;;;17051;17;;;;;17045.5;0.0
4;45500;ASH_COATED_OSMIUM;9997;12;9995;12;9993;12;10013;10;10016;15;10018;11;10005.5;0.0
4;45500;INTARIAN_PEPPER_ROOT;17039;12;17037;10;;;17053;8;17054;11;;;17046.0;0.0
4;45600;ASH_COATED_OSMIUM;9996;15;;;;;10015;10;;;;;10005.5;0.0
4;45600;INTARIAN_PEPPER_ROOT;17037;12;;;;;17051;11;;;;;17044.5;0.0
4;45700;ASH_COATED_OSMIUM;9997;12;9995;24;9992;14;10016;14;10019;14;10022;20;10006.5;0.0
4;45700;INTARIAN_PEPPER_ROOT;17038;8;17036;11;;;17049;12;17050;11;;;17043.5;0.0
4;45800;ASH_COATED_OSMIUM;9998;15;;;;;10014;11;;;;;10006.0;0.0
4;45800;INTARIAN_PEPPER_ROOT;17038;11;17035;9;17034;9;17051;10;17053;10;17055;16;17045.0;0.0
4;45900;ASH_COATED_OSMIUM;9998;14;;;;;10014;10;;;;;10006.5;0.0
4;45900;INTARIAN_PEPPER_ROOT;17043;12;17041;21;;;17056;10;17058;11;;;17050.0;0.0
4;46000;ASH_COATED_OSMIUM;9993;10;9990;14;9987;11;10009;15;10011;30;10013;11;10001.0;0.0
4;46000;INTARIAN_PEPPER_ROOT;17040;8;;;;;17056;8;;;;;17048.0;0.0
4;46100;ASH_COATED_OSMIUM;9997;15;9994;13;9992;14;10016;13;10017;11;10018;10;10006.5;0.0
4;46100;INTARIAN_PEPPER_ROOT;17039;10;17037;17;17035;12;17055;12;17058;9;17059;8;17047.5;0.0
4;46200;ASH_COATED_OSMIUM;9998;13;9996;15;;;10014;28;10016;11;;;10006.5;0.0
4;46200;INTARIAN_PEPPER_ROOT;17039;8;17038;8;17036;9;17052;12;17055;8;17058;10;17046.0;0.0
4;46300;ASH_COATED_OSMIUM;9992;5;;;;;10011;2;;;;;10001.5;0.0
4;46300;INTARIAN_PEPPER_ROOT;17042;20;;;;;17056;10;;;;;17049.5;0.0
4;46400;ASH_COATED_OSMIUM;9997;13;9994;13;;;10006;14;10008;13;;;10001.5;0.0
4;46400;INTARIAN_PEPPER_ROOT;17034;12;;;;;17051;8;;;;;17043.0;0.0
4;46500;ASH_COATED_OSMIUM;9999;28;;;;;10015;13;;;;;10007.0;0.0
4;46500;INTARIAN_PEPPER_ROOT;17036;9;17033;8;17031;12;17050;24;17053;8;17054;9;17043.5;0.0
4;46600;ASH_COATED_OSMIUM;9994;3;9992;14;9990;13;10010;13;10013;13;10014;13;10002.0;0.0
4;46600;INTARIAN_PEPPER_ROOT;17038;8;17036;9;17034;8;17054;25;17056;10;17057;12;17046.0;0.0
4;46700;ASH_COATED_OSMIUM;9997;13;9996;12;9995;15;10016;14;10019;15;10020;14;10007.0;0.0
4;46700;INTARIAN_PEPPER_ROOT;17042;18;17039;12;;;17053;9;17055;11;;;17048.0;0.0
4;46800;ASH_COATED_OSMIUM;9999;14;9997;12;;;10015;10;10018;12;;;10007.0;0.0
4;46800;INTARIAN_PEPPER_ROOT;17043;12;17040;11;;;17054;10;17057;8;;;17048.5;0.0
4;46900;ASH_COATED_OSMIUM;9994;11;;;;;10012;4;;;;;10003.0;0.0
4;46900;INTARIAN_PEPPER_ROOT;17042;11;17039;8;;;17056;11;17057;10;;;17049.5;0.0
4;47000;ASH_COATED_OSMIUM;9994;15;9992;12;9991;13;10010;11;10012;13;10015;13;10002.5;0.0
4;47000;INTARIAN_PEPPER_ROOT;17044;11;17042;11;17039;11;17056;11;17059;9;17060;16;17050.0;0.0
4;47100;ASH_COATED_OSMIUM;9994;14;;;;;10010;13;;;;;10002.5;0.0
4;47100;INTARIAN_PEPPER_ROOT;17041;9;17039;6;;;17052;17;17053;11;;;17046.5;0.0
4;47200;ASH_COATED_OSMIUM;9999;10;9998;12;9996;10;10017;11;10019;11;10020;11;10008.0;0.0
4;47200;INTARIAN_PEPPER_ROOT;17041;8;17039;12;;;17054;18;17055;9;;;17047.5;0.0
4;47300;ASH_COATED_OSMIUM;10005;26;;;;;10011;10;;;;;10008.0;0.0
4;47300;INTARIAN_PEPPER_ROOT;17039;8;17038;11;;;17051;18;17053;11;;;17045.5;0.0
4;47400;ASH_COATED_OSMIUM;9995;24;9992;12;;;10011;12;10014;14;;;10003.0;0.0
4;47400;INTARIAN_PEPPER_ROOT;17044;8;;;;;17060;10;;;;;17052.0;0.0
4;47500;ASH_COATED_OSMIUM;10000;12;9999;15;;;10016;14;10019;15;;;10008.5;0.0
4;47500;INTARIAN_PEPPER_ROOT;17040;12;17038;10;;;17052;8;17053;10;;;17046.5;0.0
4;47600;ASH_COATED_OSMIUM;9995;29;;;;;10011;8;;;;;10003.5;0.0
4;47600;INTARIAN_PEPPER_ROOT;17041;10;17040;21;;;17057;8;17058;10;;;17049.0;0.0
4;47700;ASH_COATED_OSMIUM;10000;14;9997;20;9995;11;10016;15;10018;14;10020;14;10008.5;0.0
4;47700;INTARIAN_PEPPER_ROOT;17045;8;17042;9;;;17058;10;17060;11;;;17052.0;0.0
4;47800;ASH_COATED_OSMIUM;9999;14;9996;13;;;10018;11;10019;14;;;10008.5;0.0
4;47800;INTARIAN_PEPPER_ROOT;17043;9;;;;;17055;12;;;;;17049.5;0.0
4;47900;ASH_COATED_OSMIUM;9999;14;9996;12;;;10017;12;10020;27;;;10008.5;0.0
4;47900;INTARIAN_PEPPER_ROOT;17041;12;17040;11;17037;12;17055;10;17057;8;17059;17;17048.0;0.0
4;48000;ASH_COATED_OSMIUM;9993;13;9991;11;;;10011;22;10014;7;;;10002.5;0.0
4;48000;INTARIAN_PEPPER_ROOT;17044;8;;;;;17055;9;;;;;17050.0;0.0
4;48100;ASH_COATED_OSMIUM;10001;15;10000;15;;;10017;11;10019;29;;;10009.0;0.0
4;48100;INTARIAN_PEPPER_ROOT;17042;11;17040;9;;;17054;23;17056;11;;;17048.0;0.0
4;48200;ASH_COATED_OSMIUM;10000;14;9997;15;;;10016;10;10018;12;;;10008.5;0.0
4;48200;INTARIAN_PEPPER_ROOT;17042;9;;;;;17055;12;;;;;17049.0;0.0
4;48300;ASH_COATED_OSMIUM;10000;23;9997;25;9996;10;10016;14;10017;15;10019;12;10008.5;0.0
4;48300;INTARIAN_PEPPER_ROOT;17042;9;;;;;17054;23;;;;;17048.5;0.0
4;48400;ASH_COATED_OSMIUM;9995;14;9992;12;;;10011;23;10012;12;;;10003.0;0.0
4;48400;INTARIAN_PEPPER_ROOT;17040;23;;;;;17052;10;;;;;17046.5;0.0
4;48500;ASH_COATED_OSMIUM;10000;13;9998;14;;;10016;12;10019;14;;;10008.0;0.0
4;48500;INTARIAN_PEPPER_ROOT;17044;9;;;;;17052;11;;;;;17048.0;0.0
4;48600;ASH_COATED_OSMIUM;10000;24;9997;24;;;10016;15;10017;10;;;10008.5;0.0
4;48600;INTARIAN_PEPPER_ROOT;17040;8;;;;;17054;10;;;;;17047.5;0.0
4;48700;ASH_COATED_OSMIUM;10000;25;;;;;10016;26;;;;;10008.5;0.0
4;48700;INTARIAN_PEPPER_ROOT;17043;8;17041;9;17040;10;17057;8;17059;11;17062;11;17050.0;0.0
4;48800;ASH_COATED_OSMIUM;10000;10;9999;11;9996;21;10016;13;10018;15;10020;4;10008.5;0.0
4;48800;INTARIAN_PEPPER_ROOT;17038;12;17037;9;17036;9;17054;8;17057;12;17059;11;17046.5;0.0
4;48900;ASH_COATED_OSMIUM;9995;11;;;;;10011;13;;;;;10003.0;0.0
4;48900;INTARIAN_PEPPER_ROOT;17042;11;17041;12;17040;21;17054;12;17055;9;17057;12;17048.0;0.0
4;49000;ASH_COATED_OSMIUM;9995;15;9992;15;;;10011;11;10013;14;;;10003.0;0.0
4;49000;INTARIAN_PEPPER_ROOT;17044;10;;;;;17058;9;;;;;17051.5;0.0
4;49100;ASH_COATED_OSMIUM;9994;11;9993;15;9992;14;10013;24;10016;15;10018;2;10003.5;0.0
4;49100;INTARIAN_PEPPER_ROOT;17040;12;17037;9;17035;10;17057;8;17058;11;17059;9;17048.5;0.0
4;49200;ASH_COATED_OSMIUM;10000;10;9997;26;;;10016;10;10018;13;;;10008.0;0.0
4;49200;INTARIAN_PEPPER_ROOT;17044;12;17041;8;17038;24;17056;11;17059;12;17060;11;17050.5;0.0
4;49300;ASH_COATED_OSMIUM;9995;5;9993;29;;;10011;11;10012;13;;;10003.0;0.0
4;49300;INTARIAN_PEPPER_ROOT;17037;9;17034;9;;;17054;9;17055;12;;;17046.0;0.0
4;49400;ASH_COATED_OSMIUM;9993;14;;;;;10012;10;;;;;10002.5;0.0
4;49400;INTARIAN_PEPPER_ROOT;17044;10;17043;10;;;17057;10;17059;12;;;17050.5;0.0
4;49500;ASH_COATED_OSMIUM;9999;15;9997;23;;;10015;14;10017;26;;;10007.5;0.0
4;49500;INTARIAN_PEPPER_ROOT;17044;17;;;;;17058;11;;;;;17051.5;0.0
4;49600;ASH_COATED_OSMIUM;9999;10;;;;;10015;22;;;;;10007.5;0.0
4;49600;INTARIAN_PEPPER_ROOT;17042;10;;;;;17056;8;;;;;17049.0;0.0
4;49700;ASH_COATED_OSMIUM;10001;10;10000;12;9997;13;10012;15;10015;13;10016;26;10006.5;0.0
4;49700;INTARIAN_PEPPER_ROOT;17041;17;17038;8;17037;10;17053;11;17055;9;17058;8;17047.5;0.0
4;49800;ASH_COATED_OSMIUM;9992;14;9991;29;;;10010;12;10011;10;;;10001.5;0.0
4;49800;INTARIAN_PEPPER_ROOT;17044;10;17043;10;;;17050;12;17053;8;;;17047.0;0.0
4;49900;ASH_COATED_OSMIUM;9991;13;;;;;10010;15;;;;;10001.0;0.0
4;49900;INTARIAN_PEPPER_ROOT;17040;4;;;;;17053;10;;;;;17047.0;0.0
4;50000;ASH_COATED_OSMIUM;9992;12;9989;15;;;10010;23;10012;24;;;10001.0;0.0
4;50000;INTARIAN_PEPPER_ROOT;17040;20;17038;8;17037;9;17053;8;17056;24;17058;8;17047.0;0.0
4;50100;ASH_COATED_OSMIUM;10003;15;;;;;10009;12;;;;;10006.5;0.0
4;50100;INTARIAN_PEPPER_ROOT;17041;10;17038;11;;;17054;12;17055;10;;;17047.5;0.0
4;50200;ASH_COATED_OSMIUM;9993;13;;;;;10009;11;;;;;10001.5;0.0
4;50200;INTARIAN_PEPPER_ROOT;17046;8;17044;19;;;17059;8;17060;10;;;17052.5;0.0
4;50300;ASH_COATED_OSMIUM;9992;20;9989;10;;;10011;11;10014;15;;;10001.5;0.0
4;50300;INTARIAN_PEPPER_ROOT;17043;9;17042;8;;;17055;8;17057;8;;;17049.5;0.0
4;50400;ASH_COATED_OSMIUM;9998;10;9996;10;9994;12;10014;13;10016;27;10017;4;10006.5;0.0
4;50400;INTARIAN_PEPPER_ROOT;17041;12;17040;9;;;17058;10;17060;10;;;17050.0;0.0
4;50500;ASH_COATED_OSMIUM;9998;14;;;;;10014;10;;;;;10006.5;0.0
4;50500;INTARIAN_PEPPER_ROOT;17043;12;17042;9;;;17055;12;17058;25;;;17049.0;0.0
4;50600;ASH_COATED_OSMIUM;9999;22;;;;;10015;24;;;;;10007.0;0.0
4;50600;INTARIAN_PEPPER_ROOT;17049;12;17047;8;17044;12;17051;17;17053;11;17054;8;17050.0;0.0
4;50700;ASH_COATED_OSMIUM;9999;11;9997;25;9994;12;10015;20;10016;14;10017;14;10007.5;0.0
4;50700;INTARIAN_PEPPER_ROOT;17044;8;17041;9;17039;9;17059;8;17062;12;17064;8;17051.5;0.0
4;50800;ASH_COATED_OSMIUM;9994;15;9992;12;;;10010;13;10013;12;;;10002.5;0.0
4;50800;INTARIAN_PEPPER_ROOT;17047;10;;;;;17060;11;;;;;17054.0;0.0
4;50900;ASH_COATED_OSMIUM;9994;15;9991;27;9989;11;10010;12;10012;4;10014;12;10002.5;0.0
4;50900;INTARIAN_PEPPER_ROOT;17049;11;17047;12;17045;10;17060;21;17063;8;17066;21;17054.5;0.0
4;51000;ASH_COATED_OSMIUM;9999;15;9998;30;9996;10;10015;12;10016;15;10018;13;10007.5;0.0
4;51000;INTARIAN_PEPPER_ROOT;17057;11;;;;;17060;23;;;;;17058.5;0.0
4;51100;ASH_COATED_OSMIUM;9999;13;9998;13;;;10015;13;10016;14;;;10007.5;0.0
4;51100;INTARIAN_PEPPER_ROOT;17049;8;17047;12;;;17061;11;17063;9;;;17055.0;0.0
4;51200;ASH_COATED_OSMIUM;10000;4;9997;13;;;10016;25;10017;11;;;10008.5;0.0
4;51200;INTARIAN_PEPPER_ROOT;17048;11;17046;9;17043;8;17059;9;17060;10;17062;10;17053.5;0.0
4;51300;ASH_COATED_OSMIUM;9999;15;;;;;10017;14;;;;;10008.5;0.0
4;51300;INTARIAN_PEPPER_ROOT;17045;9;;;;;17056;4;;;;;17051.0;0.0
4;51400;ASH_COATED_OSMIUM;10001;23;9999;15;9997;13;10017;12;10018;14;10020;23;10009.0;0.0
4;51400;INTARIAN_PEPPER_ROOT;17046;10;;;;;17058;8;;;;;17052.0;0.0
4;51500;ASH_COATED_OSMIUM;10000;13;9997;23;;;10018;11;10021;13;;;10009.0;0.0
4;51500;INTARIAN_PEPPER_ROOT;17045;9;17043;10;;;17056;9;17059;10;;;17050.5;0.0
4;51600;ASH_COATED_OSMIUM;10000;10;;;;;10018;13;;;;;10009.0;0.0
4;51600;INTARIAN_PEPPER_ROOT;17045;12;;;;;17057;8;;;;;17051.0;0.0
4;51700;ASH_COATED_OSMIUM;9994;10;9993;11;;;10010;10;10012;14;;;10002.5;0.0
4;51700;INTARIAN_PEPPER_ROOT;17041;11;17039;16;;;17052;25;17055;10;;;17047.0;0.0
4;51800;ASH_COATED_OSMIUM;10000;11;9997;10;9995;12;10016;12;10017;10;10019;20;10008.0;0.0
4;51800;INTARIAN_PEPPER_ROOT;17041;16;17040;19;;;17058;12;17060;11;;;17050.0;0.0
4;51900;ASH_COATED_OSMIUM;9998;12;9995;12;9994;13;10019;13;10021;12;10023;26;10009.0;0.0
4;51900;INTARIAN_PEPPER_ROOT;17045;17;17043;9;17042;9;17060;8;17062;11;17063;12;17053.0;0.0
4;52000;ASH_COATED_OSMIUM;10001;14;;;;;10017;11;;;;;10009.0;0.0
4;52000;INTARIAN_PEPPER_ROOT;17044;9;;;;;17059;9;;;;;17051.5;0.0
4;52100;ASH_COATED_OSMIUM;9996;13;9994;26;9993;12;10012;30;10013;15;10014;10;10004.0;0.0
4;52100;INTARIAN_PEPPER_ROOT;17044;12;17043;8;;;17057;9;17059;20;;;17051.0;0.0
4;52200;ASH_COATED_OSMIUM;9994;11;;;;;10013;10;;;;;10004.0;0.0
4;52200;INTARIAN_PEPPER_ROOT;17043;17;17041;9;17039;9;17055;9;17058;10;17061;10;17049.5;0.0
4;52300;ASH_COATED_OSMIUM;10000;14;9998;13;9996;14;10018;21;10020;11;10023;13;10009.5;0.0
4;52300;INTARIAN_PEPPER_ROOT;17046;11;17045;9;17042;10;17060;12;17062;9;17064;12;17053.5;0.0
4;52400;ASH_COATED_OSMIUM;9996;13;9993;25;;;10012;11;10015;10;;;10004.0;0.0
4;52400;INTARIAN_PEPPER_ROOT;17046;23;17043;9;;;17062;12;17063;9;;;17054.0;0.0
4;52500;ASH_COATED_OSMIUM;10000;11;;;;;10018;12;;;;;10009.5;0.0
4;52500;INTARIAN_PEPPER_ROOT;17046;12;17044;8;17042;8;17059;12;17061;11;17063;20;17052.5;0.0
4;52600;ASH_COATED_OSMIUM;9996;13;;;;;10012;15;;;;;10004.5;0.0
4;52600;INTARIAN_PEPPER_ROOT;17042;10;;;;;17056;11;;;;;17049.5;0.0
4;52700;ASH_COATED_OSMIUM;10001;15;;;;;10020;13;;;;;10011.0;0.0
4;52700;INTARIAN_PEPPER_ROOT;17049;10;17048;8;;;17061;10;17064;11;;;17055.0;0.0
4;52800;ASH_COATED_OSMIUM;9997;25;9995;28;;;10013;25;10014;12;;;10005.5;0.0
4;52800;INTARIAN_PEPPER_ROOT;17047;9;17044;12;17043;15;17059;8;17061;10;17062;9;17053.0;0.0
4;52900;ASH_COATED_OSMIUM;10001;28;;;;;10019;14;;;;;10010.5;0.0
4;52900;INTARIAN_PEPPER_ROOT;17048;12;17047;8;17046;8;17060;11;17062;12;17063;8;17054.5;0.0
4;53000;ASH_COATED_OSMIUM;10003;5;;;;;10019;13;;;;;10011.0;0.0
4;53000;INTARIAN_PEPPER_ROOT;17046;12;;;;;17062;11;;;;;17054.0;0.0
4;53100;ASH_COATED_OSMIUM;9995;14;9992;11;9989;23;10014;13;10015;11;10016;12;10005.0;0.0
4;53100;INTARIAN_PEPPER_ROOT;17049;16;;;;;17061;12;;;;;17055.5;0.0
4;53200;ASH_COATED_OSMIUM;10002;10;;;;;10018;11;;;;;10010.0;0.0
4;53200;INTARIAN_PEPPER_ROOT;17048;11;;;;;17061;12;;;;;17054.5;0.0
4;53300;ASH_COATED_OSMIUM;9995;11;9992;12;9991;13;10014;12;10017;7;10019;11;10005.0;0.0
4;53300;INTARIAN_PEPPER_ROOT;17047;10;17046;8;;;17059;10;17061;11;;;17053.5;0.0
4;53400;ASH_COATED_OSMIUM;10000;10;9998;15;9996;10;10019;15;10021;10;10022;12;10010.0;0.0
4;53400;INTARIAN_PEPPER_ROOT;17050;24;;;;;17053;11;;;;;17052.0;0.0
4;53500;ASH_COATED_OSMIUM;10002;12;10000;14;9999;20;10018;14;10021;4;10024;29;10010.0;0.0
4;53500;INTARIAN_PEPPER_ROOT;17047;11;17045;12;;;17061;12;17064;12;;;17054.5;0.0
4;53600;ASH_COATED_OSMIUM;10000;14;;;;;10019;11;;;;;10010.0;0.0
4;53600;INTARIAN_PEPPER_ROOT;17047;11;;;;;17061;10;;;;;17054.0;0.0
4;53700;ASH_COATED_OSMIUM;9997;11;9994;13;;;10013;2;10015;14;;;10005.0;0.0
4;53700;INTARIAN_PEPPER_ROOT;17044;9;17042;11;17039;9;17061;12;17063;10;17066;10;17052.5;0.0
4;53800;ASH_COATED_OSMIUM;9997;14;9995;26;;;10013;14;10014;14;;;10005.0;0.0
4;53800;INTARIAN_PEPPER_ROOT;17045;10;17042;12;;;17061;8;17063;9;;;17053.5;0.0
4;53900;ASH_COATED_OSMIUM;10005;8;10002;13;;;10015;13;10017;15;;;10010.0;0.0
4;53900;INTARIAN_PEPPER_ROOT;17046;9;17045;12;;;17062;10;17064;12;;;17054.5;0.0
4;54000;ASH_COATED_OSMIUM;9997;12;9994;12;9992;14;10013;14;10014;14;10015;15;10005.0;0.0
4;54000;INTARIAN_PEPPER_ROOT;17051;16;17049;7;17046;11;17067;10;17069;8;17070;10;17059.0;0.0
4;54100;ASH_COATED_OSMIUM;10002;12;10000;14;;;10018;13;10020;10;;;10010.5;0.0
4;54100;INTARIAN_PEPPER_ROOT;17051;9;17049;11;17046;9;17063;8;17064;10;17067;11;17057.5;0.0
4;54200;ASH_COATED_OSMIUM;10003;15;10000;30;;;10019;12;10022;5;;;10011.5;0.0
4;54200;INTARIAN_PEPPER_ROOT;17042;10;;;;;17058;21;;;;;17050.0;0.0
4;54300;ASH_COATED_OSMIUM;10003;15;10002;30;;;10019;12;10021;15;;;10011.0;0.0
4;54300;INTARIAN_PEPPER_ROOT;17052;12;17049;10;;;17063;8;17065;10;;;17058.0;0.0
4;54400;ASH_COATED_OSMIUM;9999;28;9996;25;9994;11;10012;10;10015;13;10016;10;10006.0;0.0
4;54400;INTARIAN_PEPPER_ROOT;17042;9;17041;12;;;17053;8;17054;7;;;17048.0;0.0
4;54500;ASH_COATED_OSMIUM;10001;23;;;;;10019;10;;;;;10010.0;0.0
4;54500;INTARIAN_PEPPER_ROOT;17049;10;;;;;17063;12;;;;;17056.5;0.0
4;54600;ASH_COATED_OSMIUM;10002;12;;;;;10018;15;;;;;10010.5;0.0
4;54600;INTARIAN_PEPPER_ROOT;17047;20;;;;;17058;8;;;;;17052.5;0.0
4;54700;ASH_COATED_OSMIUM;10005;13;;;;;10014;11;;;;;10010.0;0.0
4;54700;INTARIAN_PEPPER_ROOT;17048;18;;;;;17059;10;;;;;17053.5;0.0
4;54800;ASH_COATED_OSMIUM;9996;15;9995;10;;;10012;12;10015;10;;;10004.5;0.0
4;54800;INTARIAN_PEPPER_ROOT;17046;11;17044;10;17042;12;17060;12;17062;12;17063;10;17053.0;0.0
4;54900;ASH_COATED_OSMIUM;10001;15;9999;12;9996;12;10017;15;10018;10;10019;13;10009.5;0.0
4;54900;INTARIAN_PEPPER_ROOT;17048;8;17046;8;;;17063;9;17065;20;;;17056.0;0.0
4;55000;ASH_COATED_OSMIUM;9995;13;;;;;10011;15;;;;;10003.5;0.0
4;55000;INTARIAN_PEPPER_ROOT;17049;10;17047;8;;;17061;8;17064;12;;;17055.0;0.0
4;55100;ASH_COATED_OSMIUM;9994;12;9991;11;9990;12;10012;15;10013;14;10016;14;10003.5;0.0
4;55100;INTARIAN_PEPPER_ROOT;17048;10;17045;8;;;17060;11;17061;9;;;17054.0;0.0
4;55200;ASH_COATED_OSMIUM;10002;28;;;;;10015;14;;;;;10008.5;0.0
4;55200;INTARIAN_PEPPER_ROOT;17047;11;17045;8;;;17059;12;17062;12;;;17053.0;0.0
4;55300;ASH_COATED_OSMIUM;10006;14;;;;;10012;14;;;;;10009.0;0.0
4;55300;INTARIAN_PEPPER_ROOT;17050;21;17049;10;17046;22;17061;12;17062;12;17063;11;17055.5;0.0
4;55400;ASH_COATED_OSMIUM;9994;12;9992;14;;;10012;29;10015;15;;;10003.0;0.0
4;55400;INTARIAN_PEPPER_ROOT;17050;19;17047;12;;;17064;12;17067;11;;;17057.5;0.0
4;55500;ASH_COATED_OSMIUM;9993;13;9991;13;9989;10;10012;12;10015;12;10016;10;10003.0;0.0
4;55500;INTARIAN_PEPPER_ROOT;17048;23;17046;21;;;17060;12;17061;12;;;17054.5;0.0
4;55600;ASH_COATED_OSMIUM;10003;23;10002;13;;;10014;24;10017;11;;;10008.5;0.0
4;55600;INTARIAN_PEPPER_ROOT;17049;9;17047;8;17045;8;17060;12;17062;8;17064;12;17054.5;0.0
4;55700;ASH_COATED_OSMIUM;9994;15;;;;;10010;10;;;;;10002.5;0.0
4;55700;INTARIAN_PEPPER_ROOT;17046;10;17045;8;17044;11;17062;6;17065;11;17067;11;17054.5;0.0
4;55800;ASH_COATED_OSMIUM;9999;10;9997;13;;;10015;14;10017;10;;;10007.0;0.0
4;55800;INTARIAN_PEPPER_ROOT;17047;10;17045;21;;;17063;24;17066;10;;;17055.0;0.0
4;55900;ASH_COATED_OSMIUM;9998;13;9996;14;9993;10;10014;13;10016;12;10018;10;10006.5;0.0
4;55900;INTARIAN_PEPPER_ROOT;17053;12;17051;12;;;17065;9;17066;10;;;17059.0;0.0
4;56000;ASH_COATED_OSMIUM;9993;10;9991;13;;;10009;12;10010;25;;;10001.0;0.0
4;56000;INTARIAN_PEPPER_ROOT;17054;11;;;;;17067;23;;;;;17060.5;0.0
4;56100;ASH_COATED_OSMIUM;9998;11;9996;13;9993;12;10014;13;10017;11;10019;7;10006.0;0.0
4;56100;INTARIAN_PEPPER_ROOT;17049;12;17047;12;;;17062;10;17064;10;;;17055.5;0.0
4;56200;ASH_COATED_OSMIUM;9993;14;;;;;10009;10;;;;;10001.0;0.0
4;56200;INTARIAN_PEPPER_ROOT;17050;10;17049;12;17047;9;17062;8;17063;8;17064;11;17056.0;0.0
4;56300;ASH_COATED_OSMIUM;9996;14;9995;13;;;10015;14;10016;14;;;10006.0;0.0
4;56300;INTARIAN_PEPPER_ROOT;17050;11;17049;20;17048;11;17062;12;17065;9;17068;8;17056.5;0.0
4;56400;ASH_COATED_OSMIUM;9998;10;9997;11;;;10014;12;10017;13;;;10006.0;0.0
4;56400;INTARIAN_PEPPER_ROOT;17047;8;17045;10;17043;12;17058;10;17060;22;17063;12;17053.0;0.0
4;56500;ASH_COATED_OSMIUM;10001;11;;;;;10011;13;;;;;10006.5;0.0
4;56500;INTARIAN_PEPPER_ROOT;17051;11;;;;;17064;9;;;;;17057.5;0.0
4;56600;ASH_COATED_OSMIUM;9997;12;;;;;10016;10;;;;;10006.5;0.0
4;56600;INTARIAN_PEPPER_ROOT;17048;9;17045;9;17042;10;17063;10;17065;11;17066;10;17056.0;0.0
4;56700;ASH_COATED_OSMIUM;9994;26;9991;4;9988;26;10010;10;10013;12;10014;10;10002.0;0.0
4;56700;INTARIAN_PEPPER_ROOT;17053;10;;;;;17062;18;;;;;17058.0;0.0
4;56800;ASH_COATED_OSMIUM;9994;14;9993;27;9990;14;10010;13;10013;10;10016;10;10002.0;0.0
4;56800;INTARIAN_PEPPER_ROOT;17050;8;17048;20;17047;10;17065;12;17068;11;17070;12;17058.0;0.0
4;56900;ASH_COATED_OSMIUM;9992;3;9989;14;;;10011;5;10012;12;;;10002.0;0.0
4;56900;INTARIAN_PEPPER_ROOT;17055;11;17052;12;17050;19;17062;9;17064;5;17067;8;17059.0;0.0
4;57000;ASH_COATED_OSMIUM;9999;12;9997;13;9995;14;10015;15;10016;13;10018;29;10007.0;0.0
4;57000;INTARIAN_PEPPER_ROOT;17051;8;17050;9;;;17065;8;17068;8;;;17058.5;0.0
4;57100;ASH_COATED_OSMIUM;9992;14;9990;30;9988;29;10010;14;10011;30;10014;12;10001.5;0.0
4;57100;INTARIAN_PEPPER_ROOT;17051;12;17050;10;17048;10;17064;11;17066;10;17068;8;17058.0;0.0
4;57200;ASH_COATED_OSMIUM;9992;15;9991;14;;;10011;29;10014;12;;;10001.5;0.0
4;57200;INTARIAN_PEPPER_ROOT;17052;5;17050;12;;;17066;15;17069;9;;;17059.0;0.0
4;57300;ASH_COATED_OSMIUM;9998;12;9996;12;9995;12;10014;13;10015;10;10017;11;10006.5;0.0
4;57300;INTARIAN_PEPPER_ROOT;17048;9;;;;;17060;11;;;;;17054.0;0.0
4;57400;ASH_COATED_OSMIUM;9993;10;;;;;10009;14;;;;;10001.0;0.0
4;57400;INTARIAN_PEPPER_ROOT;17047;11;17044;11;;;17062;11;17065;8;;;17054.5;0.0
4;57500;ASH_COATED_OSMIUM;9992;11;;;;;10008;12;;;;;10000.5;0.0
4;57500;INTARIAN_PEPPER_ROOT;17050;11;17047;25;17046;8;17064;8;17065;11;17067;7;17057.5;0.0
4;57600;ASH_COATED_OSMIUM;9992;13;9990;13;;;10008;13;10009;28;;;10000.0;0.0
4;57600;INTARIAN_PEPPER_ROOT;17052;23;17051;12;;;17064;9;17066;17;;;17058.5;0.0
4;57700;ASH_COATED_OSMIUM;9992;10;;;;;10008;12;;;;;10000.0;0.0
4;57700;INTARIAN_PEPPER_ROOT;17049;15;;;;;17064;10;;;;;17056.5;0.0
4;57800;ASH_COATED_OSMIUM;9997;15;;;;;10013;13;;;;;10005.0;0.0
4;57800;INTARIAN_PEPPER_ROOT;17046;22;17044;9;;;17063;25;17064;25;;;17055.0;0.0
4;57900;ASH_COATED_OSMIUM;9992;4;9989;12;9987;13;10008;14;10010;15;10011;14;10000.0;0.0
4;57900;INTARIAN_PEPPER_ROOT;17049;10;;;;;17067;9;;;;;17058.5;0.0
4;58000;ASH_COATED_OSMIUM;9996;15;;;;;10015;24;;;;;10005.5;0.0
4;58000;INTARIAN_PEPPER_ROOT;17053;11;;;;;17065;25;;;;;17059.5;0.0
4;58100;ASH_COATED_OSMIUM;9997;13;9995;14;;;10003;13;10005;14;;;10000.0;0.0
4;58100;INTARIAN_PEPPER_ROOT;17051;10;17048;11;17046;9;17064;12;17065;3;17067;9;17058.0;0.0
4;58200;ASH_COATED_OSMIUM;10002;11;;;;;10008;13;;;;;10005.0;0.0
4;58200;INTARIAN_PEPPER_ROOT;17049;12;;;;;17062;12;;;;;17055.5;0.0
4;58300;ASH_COATED_OSMIUM;9991;13;9988;13;9987;15;10007;10;10008;11;10010;10;9999.5;0.0
4;58300;INTARIAN_PEPPER_ROOT;17051;9;17048;9;17046;9;17065;8;17066;12;17068;20;17058.0;0.0
4;58400;ASH_COATED_OSMIUM;9991;12;;;;;10007;13;;;;;9999.5;0.0
4;58400;INTARIAN_PEPPER_ROOT;17048;9;17045;11;;;17065;10;17068;10;;;17056.5;0.0
4;58500;ASH_COATED_OSMIUM;9996;13;;;;;10012;11;;;;;10004.0;0.0
4;58500;INTARIAN_PEPPER_ROOT;17054;9;;;;;17067;22;;;;;17060.5;0.0
4;58600;ASH_COATED_OSMIUM;9996;14;9993;15;9990;14;10012;11;10015;15;10016;30;10004.5;0.0
4;58600;INTARIAN_PEPPER_ROOT;17053;9;17050;10;17048;9;17066;8;17067;8;17069;10;17059.5;0.0
4;58700;ASH_COATED_OSMIUM;9996;11;9993;12;9991;28;10012;10;10015;11;10017;15;10004.5;0.0
4;58700;INTARIAN_PEPPER_ROOT;17050;10;17049;8;;;17067;12;17069;8;;;17058.5;0.0
4;58800;ASH_COATED_OSMIUM;9996;14;9993;10;;;10012;28;10013;14;;;10004.5;0.0
4;58800;INTARIAN_PEPPER_ROOT;17049;12;17046;21;;;17061;20;17064;10;;;17055.5;0.0
4;58900;ASH_COATED_OSMIUM;9996;15;9995;13;9993;12;10012;13;10014;10;10015;12;10004.5;0.0
4;58900;INTARIAN_PEPPER_ROOT;17052;11;17049;12;17046;9;17064;11;17065;8;17066;12;17058.0;0.0
4;59000;ASH_COATED_OSMIUM;9990;26;9989;14;;;10008;13;10010;13;;;9999.5;0.0
4;59000;INTARIAN_PEPPER_ROOT;17054;9;17052;12;17049;10;17066;10;17069;19;17072;8;17060.5;0.0
4;59100;ASH_COATED_OSMIUM;9997;12;;;;;10013;10;;;;;10005.0;0.0
4;59100;INTARIAN_PEPPER_ROOT;17052;8;17050;18;;;17066;10;17069;8;;;17059.0;0.0
4;59200;ASH_COATED_OSMIUM;9995;27;;;;;10013;13;;;;;10004.5;0.0
4;59200;INTARIAN_PEPPER_ROOT;17049;24;17047;11;;;17062;8;17065;12;;;17056.0;0.0
4;59300;ASH_COATED_OSMIUM;9991;10;9989;26;9988;15;10007;10;10010;30;10011;27;9999.0;0.0
4;59300;INTARIAN_PEPPER_ROOT;17051;24;17048;11;;;17065;8;17067;12;;;17058.5;0.0
4;59400;ASH_COATED_OSMIUM;9995;30;;;;;10014;10;;;;;10005.0;0.0
4;59400;INTARIAN_PEPPER_ROOT;17050;9;17049;9;;;17067;11;17069;10;;;17059.0;0.0
4;59500;ASH_COATED_OSMIUM;9988;11;9987;11;;;10009;11;10012;15;;;9999.0;0.0
4;59500;INTARIAN_PEPPER_ROOT;17052;9;17050;11;17047;8;17072;11;17073;12;17076;24;17062.0;0.0
4;59600;ASH_COATED_OSMIUM;9996;13;9994;21;9993;11;10012;13;10014;13;10015;23;10004.0;0.0
4;59600;INTARIAN_PEPPER_ROOT;17059;9;17056;9;17054;11;17070;11;17071;11;17074;8;17064.5;0.0
4;59700;ASH_COATED_OSMIUM;9995;14;9992;15;;;10013;15;10015;11;;;10004.0;0.0
4;59700;INTARIAN_PEPPER_ROOT;17053;22;17051;11;;;17068;12;17070;10;;;17061.0;0.0
4;59800;ASH_COATED_OSMIUM;9991;12;9988;10;;;10007;14;10010;15;;;9999.0;0.0
4;59800;INTARIAN_PEPPER_ROOT;17056;12;17054;8;;;17069;9;17070;15;;;17062.5;0.0
4;59900;ASH_COATED_OSMIUM;9994;13;9993;12;9992;10;10012;12;10014;10;10017;20;10003.0;0.0
4;59900;INTARIAN_PEPPER_ROOT;17053;9;17052;11;17049;7;17067;9;17068;12;17069;10;17060.5;0.0
4;60000;ASH_COATED_OSMIUM;9989;14;;;;;10005;13;;;;;9997.5;0.0
4;60000;INTARIAN_PEPPER_ROOT;17048;8;17047;12;;;17065;25;17068;9;;;17057.0;0.0
4;60100;ASH_COATED_OSMIUM;9995;23;9993;14;;;10011;26;10013;15;;;10003.0;0.0
4;60100;INTARIAN_PEPPER_ROOT;17051;8;17049;9;17047;10;17062;22;17065;8;17066;12;17056.5;0.0
4;60200;ASH_COATED_OSMIUM;9995;28;9992;25;;;10011;11;10012;10;;;10003.0;0.0
4;60200;INTARIAN_PEPPER_ROOT;17053;11;;;;;17066;8;;;;;17060.0;0.0
4;60300;ASH_COATED_OSMIUM;9989;13;9988;13;;;10005;10;10006;10;;;9997.5;0.0
4;60300;INTARIAN_PEPPER_ROOT;17053;11;;;;;17066;9;;;;;17060.0;0.0
4;60400;ASH_COATED_OSMIUM;9993;20;;;;;10011;13;;;;;10002.5;0.0
4;60400;INTARIAN_PEPPER_ROOT;17052;12;17049;9;17047;10;17065;11;17068;8;17071;8;17058.5;0.0
4;60500;ASH_COATED_OSMIUM;9995;4;9992;15;;;10011;27;10014;15;;;10003.0;0.0
4;60500;INTARIAN_PEPPER_ROOT;17056;9;;;;;17068;8;;;;;17062.0;0.0
4;60600;ASH_COATED_OSMIUM;9993;15;;;;;10002;11;;;;;9997.5;0.0
4;60600;INTARIAN_PEPPER_ROOT;17053;9;;;;;17067;10;;;;;17060.0;0.0
4;60700;ASH_COATED_OSMIUM;9994;10;;;;;10012;11;;;;;10003.0;0.0
4;60700;INTARIAN_PEPPER_ROOT;17054;12;;;;;17066;11;;;;;17060.5;0.0
4;60800;ASH_COATED_OSMIUM;9988;11;;;;;10006;10;;;;;9997.0;0.0
4;60800;INTARIAN_PEPPER_ROOT;17050;12;;;;;17066;12;;;;;17058.5;0.0
4;60900;ASH_COATED_OSMIUM;9988;15;9985;12;;;10004;10;10006;13;;;9996.5;0.0
4;60900;INTARIAN_PEPPER_ROOT;17046;12;17044;11;;;17063;21;17066;15;;;17055.0;0.0
4;61000;ASH_COATED_OSMIUM;9988;13;9987;10;;;10004;12;10007;14;;;9996.5;0.0
4;61000;INTARIAN_PEPPER_ROOT;17054;11;;;;;17063;8;;;;;17059.0;0.0
4;61100;ASH_COATED_OSMIUM;9992;12;9991;14;9990;14;10010;24;10012;10;10013;11;10001.0;0.0
4;61100;INTARIAN_PEPPER_ROOT;17056;8;17055;5;;;17069;18;17071;11;;;17063.0;0.0
4;61200;ASH_COATED_OSMIUM;9986;15;9985;12;;;10005;10;10007;10;;;9995.5;0.0
4;61200;INTARIAN_PEPPER_ROOT;17058;12;17056;11;;;17061;8;17063;11;;;17059.5;0.0
4;61300;ASH_COATED_OSMIUM;9992;12;9991;11;9989;11;10008;14;10011;13;10012;12;10000.5;0.0
4;61300;INTARIAN_PEPPER_ROOT;17058;11;17057;16;;;17071;12;17074;16;;;17064.5;0.0
4;61400;ASH_COATED_OSMIUM;9987;13;9984;12;;;10003;11;10005;14;;;9995.0;0.0
4;61400;INTARIAN_PEPPER_ROOT;17057;9;17055;15;;;17077;9;17079;10;;;17067.0;0.0
4;61500;ASH_COATED_OSMIUM;9991;12;9988;14;;;10009;15;10010;14;;;10000.5;0.0
4;61500;INTARIAN_PEPPER_ROOT;17052;10;17051;9;;;17067;18;17069;11;;;17060.0;0.0
4;61600;ASH_COATED_OSMIUM;9987;13;;;;;10003;12;;;;;9995.0;0.0
4;61600;INTARIAN_PEPPER_ROOT;17056;11;17054;8;;;17069;9;17071;12;;;17063.0;0.0
4;61700;ASH_COATED_OSMIUM;9993;22;9992;14;;;10009;13;10012;10;;;10001.0;0.0
4;61700;INTARIAN_PEPPER_ROOT;17054;9;17052;9;17050;10;17065;11;17067;12;17068;9;17060.0;0.0
4;61800;ASH_COATED_OSMIUM;9993;14;9991;14;;;10009;7;10012;11;;;10001.0;0.0
4;61800;INTARIAN_PEPPER_ROOT;17056;9;;;;;17068;8;;;;;17062.5;0.0
4;61900;ASH_COATED_OSMIUM;9988;24;;;;;10004;10;;;;;9996.0;0.0
4;61900;INTARIAN_PEPPER_ROOT;17053;10;17051;15;17048;8;17067;10;17069;12;17072;12;17060.0;0.0
4;62000;ASH_COATED_OSMIUM;9993;12;9992;15;9990;15;10009;10;10011;15;10013;15;10001.0;0.0
4;62000;INTARIAN_PEPPER_ROOT;17058;12;17056;11;17055;11;17072;12;17075;10;17076;8;17065.0;0.0
4;62100;ASH_COATED_OSMIUM;9994;15;;;;;10010;5;;;;;10002.0;0.0
4;62100;INTARIAN_PEPPER_ROOT;17056;10;17054;12;;;17067;10;17069;11;;;17061.5;0.0
4;62200;ASH_COATED_OSMIUM;9993;15;9991;13;;;10009;12;10010;14;;;10001.5;0.0
4;62200;INTARIAN_PEPPER_ROOT;17052;9;17049;12;;;17065;8;17067;9;;;17059.0;0.0
4;62300;ASH_COATED_OSMIUM;9988;13;9986;12;9983;14;10005;14;10006;28;10009;10;9996.5;0.0
4;62300;INTARIAN_PEPPER_ROOT;17052;10;17050;11;17049;12;17064;8;17067;12;17069;11;17058.5;0.0
4;62400;ASH_COATED_OSMIUM;9993;11;9992;10;9991;10;10009;8;10011;28;10014;14;10001.5;0.0
4;62400;INTARIAN_PEPPER_ROOT;17056;11;;;;;17070;9;;;;;17063.5;0.0
4;62500;ASH_COATED_OSMIUM;9993;15;9992;14;9991;13;10000;11;10003;12;10005;13;9996.5;0.0
4;62500;INTARIAN_PEPPER_ROOT;17055;11;17052;12;;;17067;10;17068;10;;;17061.5;0.0
4;62600;ASH_COATED_OSMIUM;9988;15;9985;12;9984;12;10004;12;10005;13;10008;3;9996.5;0.0
4;62600;INTARIAN_PEPPER_ROOT;17059;12;17056;12;;;17073;10;17075;11;;;17066.0;0.0
4;62700;ASH_COATED_OSMIUM;9993;12;9990;12;;;10011;10;10012;11;;;10002.0;0.0
4;62700;INTARIAN_PEPPER_ROOT;17054;8;17051;11;;;17071;8;17074;10;;;17063.0;0.0
4;62800;ASH_COATED_OSMIUM;9987;15;9986;15;;;10006;11;10009;12;;;9996.5;0.0
4;62800;INTARIAN_PEPPER_ROOT;17057;10;;;;;17069;9;;;;;17063.5;0.0
4;62900;ASH_COATED_OSMIUM;9991;14;9990;15;9987;10;10001;10;10002;14;10004;15;9996.5;0.0
4;62900;INTARIAN_PEPPER_ROOT;17058;11;;;;;17066;8;;;;;17062.5;0.0
4;63000;ASH_COATED_OSMIUM;9987;2;9984;15;9983;14;10006;14;10007;11;10008;11;9996.5;0.0
4;63000;INTARIAN_PEPPER_ROOT;17057;11;17055;8;;;17073;10;17076;12;;;17065.5;0.0
4;63100;ASH_COATED_OSMIUM;9992;13;9991;22;9988;15;10013;30;10015;13;10018;10;10002.5;0.0
4;63100;INTARIAN_PEPPER_ROOT;17059;9;17057;11;17054;8;17067;7;17068;20;17069;9;17063.0;0.0
4;63200;ASH_COATED_OSMIUM;9994;15;;;;;10010;10;;;;;10002.5;0.0
4;63200;INTARIAN_PEPPER_ROOT;17055;20;17052;9;17049;10;17071;12;17072;11;17073;15;17063.5;0.0
4;63300;ASH_COATED_OSMIUM;9988;12;9986;29;;;10004;10;10005;11;;;9996.5;0.0
4;63300;INTARIAN_PEPPER_ROOT;17057;11;17056;8;;;17068;8;17069;8;;;17063.0;0.0
4;63400;ASH_COATED_OSMIUM;9991;15;9989;10;;;10010;15;10012;15;;;10001.0;0.0
4;63400;INTARIAN_PEPPER_ROOT;17059;10;;;;;17072;12;;;;;17066.0;0.0
4;63500;ASH_COATED_OSMIUM;9993;13;;;;;10009;15;;;;;10001.5;0.0
4;63500;INTARIAN_PEPPER_ROOT;17056;10;17055;8;;;17073;10;17074;12;;;17064.5;0.0
4;63600;ASH_COATED_OSMIUM;9992;10;9990;14;;;10010;12;10012;15;;;10001.5;0.0
4;63600;INTARIAN_PEPPER_ROOT;17060;9;17058;9;17055;25;17071;11;17073;11;17074;10;17065.5;0.0
4;63700;ASH_COATED_OSMIUM;9987;13;9986;11;;;10005;11;10008;12;;;9996.0;0.0
4;63700;INTARIAN_PEPPER_ROOT;17057;19;17054;8;17051;11;17071;8;17072;12;17073;9;17064.5;0.0
4;63800;ASH_COATED_OSMIUM;9988;13;;;;;10004;26;;;;;9996.0;0.0
4;63800;INTARIAN_PEPPER_ROOT;17056;20;17055;9;;;17068;10;17069;8;;;17062.5;0.0
4;63900;ASH_COATED_OSMIUM;9987;13;;;;;10003;12;;;;;9995.5;0.0
4;63900;INTARIAN_PEPPER_ROOT;17061;10;;;;;17063;8;;;;;17062.0;0.0
4;64000;ASH_COATED_OSMIUM;9988;13;9985;12;;;10004;11;10005;26;;;9996.0;0.0
4;64000;INTARIAN_PEPPER_ROOT;17060;10;17058;7;;;17071;11;17074;12;;;17065.5;0.0
4;64100;ASH_COATED_OSMIUM;9991;27;9990;14;9987;15;10001;10;10004;12;10005;13;9996.5;0.0
4;64100;INTARIAN_PEPPER_ROOT;17061;20;17058;9;;;17072;11;17073;17;;;17067.0;0.0
4;64200;ASH_COATED_OSMIUM;9988;12;;;;;10004;15;;;;;9996.0;0.0
