day;timestamp;product;bid_price_1;bid_volume_1;bid_price_2;bid_volume_2;bid_price_3;bid_volume_3;ask_price_1;ask_volume_1;ask_price_2;ask_volume_2;ask_price_3;ask_volume_3;mid_price;profit_and_loss
46;0;ASH_COATED_OSMIUM;9989;13;9986;11;;;10005;13;10008;14;;;9997.0;0.0
46;0;INTARIAN_PEPPER_ROOT;58990;10;58989;10;;;59007;11;59008;12;;;58998.5;0.0
46;100;ASH_COATED_OSMIUM;9989;13;9988;15;9985;15;10007;15;10008;28;10009;10;9998.5;0.0
46;100;INTARIAN_PEPPER_ROOT;58997;8;58994;11;58993;8;59011;21;59013;11;59015;10;59004.5;0.0
46;200;ASH_COATED_OSMIUM;9993;15;9991;13;;;10009;15;10011;21;;;10001.5;0.0
46;200;INTARIAN_PEPPER_ROOT;58995;8;;;;;59007;8;;;;;59001.5;0.0
46;300;ASH_COATED_OSMIUM;9991;26;;;;;10007;11;;;;;9999.0;0.0
46;300;INTARIAN_PEPPER_ROOT;58991;8;58988;9;;;59008;11;59009;10;;;58999.5;0.0
46;400;ASH_COATED_OSMIUM;9994;23;9992;20;;;10012;10;10013;13;;;10003.5;0.0
46;400;INTARIAN_PEPPER_ROOT;58991;8;58988;9;58987;20;59006;22;59009;10;59010;9;58999.0;0.0
46;500;ASH_COATED_OSMIUM;9995;12;;;;;10011;14;;;;;10003.5;0.0
46;500;INTARIAN_PEPPER_ROOT;58998;8;58997;8;;;59012;11;59013;25;;;59005.0;0.0
46;600;ASH_COATED_OSMIUM;9993;14;9991;13;9988;11;10009;14;10012;21;10014;12;10001.5;0.0
46;600;INTARIAN_PEPPER_ROOT;58996;8;;;;;59008;11;;;;;59002.0;0.0
46;700;ASH_COATED_OSMIUM;9997;11;9995;21;9993;10;10013;25;10016;14;10019;29;10005.5;0.0
46;700;INTARIAN_PEPPER_ROOT;58993;21;58992;10;;;59007;12;59008;11;;;59000.5;0.0
46;800;ASH_COATED_OSMIUM;9991;21;;;;;10007;14;;;;;9999.0;0.0
46;800;INTARIAN_PEPPER_ROOT;58994;9;58992;10;58991;8;59008;11;59011;11;59012;11;59001.5;0.0
46;900;ASH_COATED_OSMIUM;9984;13;;;;;10000;25;;;;;9992.5;0.0
46;900;INTARIAN_PEPPER_ROOT;58995;21;58994;19;58991;8;59008;11;59010;12;59011;9;59002.0;0.0
46;1000;ASH_COATED_OSMIUM;9982;12;9981;13;9979;11;10001;25;10002;14;10003;13;9991.5;0.0
46;1000;INTARIAN_PEPPER_ROOT;58993;21;58991;11;;;59006;20;59008;10;;;58999.5;0.0
46;1100;ASH_COATED_OSMIUM;9977;12;9975;25;9972;13;9993;13;9995;20;9996;12;9985.5;0.0
46;1100;INTARIAN_PEPPER_ROOT;58998;12;58996;10;;;59009;22;59010;17;;;59003.5;0.0
46;1200;ASH_COATED_OSMIUM;9987;12;9984;11;;;10005;15;10008;12;;;9996.0;0.0
46;1200;INTARIAN_PEPPER_ROOT;58994;11;58993;10;;;59005;10;59008;9;;;59000.0;0.0
46;1300;ASH_COATED_OSMIUM;9991;15;;;;;10007;14;;;;;9999.0;0.0
46;1300;INTARIAN_PEPPER_ROOT;58998;8;58996;9;;;59009;8;59010;9;;;59004.0;0.0
46;1400;ASH_COATED_OSMIUM;9991;13;9988;13;9985;14;10007;12;10009;15;10012;12;9999.5;0.0
46;1400;INTARIAN_PEPPER_ROOT;58995;10;58992;8;;;59006;8;59008;12;;;59001.0;0.0
46;1500;ASH_COATED_OSMIUM;9989;13;9986;11;;;10007;6;10009;24;;;9998.0;0.0
46;1500;INTARIAN_PEPPER_ROOT;58995;8;58994;25;;;59006;8;59009;10;;;59000.5;0.0
46;1600;ASH_COATED_OSMIUM;9990;15;;;;;10006;12;;;;;9998.0;0.0
46;1600;INTARIAN_PEPPER_ROOT;59000;8;;;;;59013;10;;;;;59006.5;0.0
46;1700;ASH_COATED_OSMIUM;9990;11;9989;14;9986;12;10006;11;10007;14;10008;30;9998.0;0.0
46;1700;INTARIAN_PEPPER_ROOT;58993;11;58991;8;58990;21;59006;21;59007;11;59008;10;58999.5;0.0
46;1800;ASH_COATED_OSMIUM;9986;13;;;;;10002;10;;;;;9994.0;0.0
46;1800;INTARIAN_PEPPER_ROOT;58995;10;58993;12;;;59007;9;59010;8;;;59001.5;0.0
46;1900;ASH_COATED_OSMIUM;9984;15;;;;;10000;10;;;;;9992.5;0.0
46;1900;INTARIAN_PEPPER_ROOT;58997;10;;;;;59008;11;;;;;59002.5;0.0
46;2000;ASH_COATED_OSMIUM;9982;10;;;;;9998;14;;;;;9990.0;0.0
46;2000;INTARIAN_PEPPER_ROOT;58994;12;58993;9;;;59007;10;59008;12;;;59000.5;0.0
46;2100;ASH_COATED_OSMIUM;9989;12;9986;15;;;10007;11;10008;12;;;9998.0;0.0
46;2100;INTARIAN_PEPPER_ROOT;58997;8;;;;;59009;12;;;;;59003.0;0.0
46;2200;ASH_COATED_OSMIUM;9989;11;9986;12;;;10005;10;10008;11;;;9997.0;0.0
46;2200;INTARIAN_PEPPER_ROOT;58994;11;58993;25;;;59006;11;59007;12;;;59000.0;0.0
46;2300;ASH_COATED_OSMIUM;9992;14;9990;14;;;10008;10;10011;12;;;10000.5;0.0
46;2300;INTARIAN_PEPPER_ROOT;58991;10;58989;11;;;59005;10;59007;10;;;58998.5;0.0
46;2400;ASH_COATED_OSMIUM;9995;12;9994;11;9991;14;10013;10;10015;14;10016;11;10004.0;0.0
46;2400;INTARIAN_PEPPER_ROOT;58999;8;58996;10;;;59012;9;59015;11;;;59005.5;0.0
46;2500;ASH_COATED_OSMIUM;9992;12;9989;10;9986;13;10008;10;10009;11;10010;10;10000.5;0.0
46;2500;INTARIAN_PEPPER_ROOT;58999;11;58997;11;58996;23;59010;9;59013;11;59015;9;59004.5;0.0
46;2600;ASH_COATED_OSMIUM;9993;13;;;;;10009;11;;;;;10001.5;0.0
46;2600;INTARIAN_PEPPER_ROOT;58996;9;58995;11;58992;10;59009;10;59012;16;59014;7;59002.5;0.0
46;2700;ASH_COATED_OSMIUM;9994;13;9991;5;;;10010;15;10011;14;;;10002.5;0.0
46;2700;INTARIAN_PEPPER_ROOT;58998;8;58995;10;;;59010;9;59012;10;;;59004.0;0.0
46;2800;ASH_COATED_OSMIUM;9993;14;9990;11;9989;15;10009;13;10012;14;10014;21;10001.0;0.0
46;2800;INTARIAN_PEPPER_ROOT;58996;16;58995;10;;;59010;8;59013;11;;;59003.5;0.0
46;2900;ASH_COATED_OSMIUM;9989;12;;;;;10008;11;;;;;9999.0;0.0
46;2900;INTARIAN_PEPPER_ROOT;58998;11;58996;11;;;59012;12;59015;19;;;59005.5;0.0
46;3000;ASH_COATED_OSMIUM;9995;10;9994;14;9992;23;10013;12;10015;21;10018;14;10004.5;0.0
46;3000;INTARIAN_PEPPER_ROOT;58999;10;58997;10;;;59011;12;59012;9;;;59005.5;0.0
46;3100;ASH_COATED_OSMIUM;9993;10;9991;14;9990;13;10011;15;10014;13;10016;14;10002.5;0.0
46;3100;INTARIAN_PEPPER_ROOT;58996;11;58994;12;;;59008;8;59009;10;;;59002.0;0.0
46;3200;ASH_COATED_OSMIUM;9998;28;;;;;10014;11;;;;;10006.0;0.0
46;3200;INTARIAN_PEPPER_ROOT;58997;18;;;;;59008;12;;;;;59003.0;0.0
46;3300;ASH_COATED_OSMIUM;9989;15;9988;14;;;10005;29;10006;15;;;9997.0;0.0
46;3300;INTARIAN_PEPPER_ROOT;58996;11;58993;12;;;59010;15;59011;10;;;59003.5;0.0
46;3400;ASH_COATED_OSMIUM;9986;11;;;;;10002;15;;;;;9994.5;0.0
46;3400;INTARIAN_PEPPER_ROOT;58994;15;58991;11;58989;8;59005;8;59008;10;59009;9;58999.5;0.0
46;3500;ASH_COATED_OSMIUM;9987;14;9985;24;;;10003;13;10005;12;;;9995.0;0.0
46;3500;INTARIAN_PEPPER_ROOT;58995;11;58993;8;;;59010;9;59012;10;;;59002.5;0.0
46;3600;ASH_COATED_OSMIUM;9988;14;;;;;10006;20;;;;;9997.5;0.0
46;3600;INTARIAN_PEPPER_ROOT;58996;10;58994;8;58991;12;59013;12;59014;10;59016;10;59004.5;0.0
46;3700;ASH_COATED_OSMIUM;9992;20;9990;14;;;10008;13;10009;11;;;10000.0;0.0
46;3700;INTARIAN_PEPPER_ROOT;58999;11;58996;17;;;59011;12;59012;9;;;59005.5;0.0
46;3800;ASH_COATED_OSMIUM;9988;10;9985;12;;;10004;28;10006;14;;;9996.0;0.0
46;3800;INTARIAN_PEPPER_ROOT;58998;8;58995;22;58994;12;59011;10;59013;10;59014;12;59005.0;0.0
46;3900;ASH_COATED_OSMIUM;9986;11;9983;14;;;10002;30;10004;15;;;9994.0;0.0
46;3900;INTARIAN_PEPPER_ROOT;58994;4;58991;12;;;59008;12;59011;8;;;59001.0;0.0
46;4000;ASH_COATED_OSMIUM;9985;15;;;;;10004;24;;;;;9994.5;0.0
46;4000;INTARIAN_PEPPER_ROOT;59002;10;;;;;59014;9;;;;;59008.0;0.0
46;4100;ASH_COATED_OSMIUM;9995;11;9992;13;9990;21;10016;22;10017;12;10020;15;10005.5;0.0
46;4100;INTARIAN_PEPPER_ROOT;59003;10;;;;;59015;9;;;;;59009.0;0.0
46;4200;ASH_COATED_OSMIUM;9993;11;9992;22;;;10009;10;10010;14;;;10001.0;0.0
46;4200;INTARIAN_PEPPER_ROOT;58998;12;58996;9;;;59014;11;59015;11;;;59006.0;0.0
46;4300;ASH_COATED_OSMIUM;9993;15;;;;;10009;11;;;;;10001.0;0.0
46;4300;INTARIAN_PEPPER_ROOT;58994;9;58992;11;58989;9;59008;8;59011;10;59014;8;59001.0;0.0
46;4400;ASH_COATED_OSMIUM;9991;13;9989;13;9987;10;10007;12;10008;14;10009;30;9999.5;0.0
46;4400;INTARIAN_PEPPER_ROOT;58998;8;;;;;59011;10;;;;;59004.5;0.0
46;4500;ASH_COATED_OSMIUM;9986;11;9984;13;9982;11;10004;11;10005;3;10008;14;9995.5;0.0
46;4500;INTARIAN_PEPPER_ROOT;59001;11;59000;8;;;59014;9;59017;9;;;59007.5;0.0
46;4600;ASH_COATED_OSMIUM;9986;10;9984;11;9981;12;10005;11;10006;14;10009;10;9996.0;0.0
46;4600;INTARIAN_PEPPER_ROOT;59001;22;58999;10;;;59012;10;59014;11;;;59006.5;0.0
46;4700;ASH_COATED_OSMIUM;9990;12;9989;14;9987;12;10006;14;10008;12;10009;11;9998.5;0.0
46;4700;INTARIAN_PEPPER_ROOT;58997;11;;;;;59009;25;;;;;59003.0;0.0
46;4800;ASH_COATED_OSMIUM;9990;15;9988;10;;;10008;10;10011;11;;;9999.5;0.0
46;4800;INTARIAN_PEPPER_ROOT;59001;11;;;;;59014;9;;;;;59007.5;0.0
46;4900;ASH_COATED_OSMIUM;9998;13;9995;13;9992;26;10014;14;10016;13;10017;13;10006.0;0.0
46;4900;INTARIAN_PEPPER_ROOT;58999;11;58998;11;;;59013;8;59016;9;;;59006.0;0.0
46;5000;ASH_COATED_OSMIUM;9996;10;9994;4;;;10012;14;10015;29;;;10004.0;0.0
46;5000;INTARIAN_PEPPER_ROOT;58999;8;;;;;59013;18;;;;;59006.5;0.0
46;5100;ASH_COATED_OSMIUM;9993;10;9990;14;;;10009;14;10011;12;;;10001.0;0.0
46;5100;INTARIAN_PEPPER_ROOT;58996;12;;;;;59011;19;;;;;59003.5;0.0
46;5200;ASH_COATED_OSMIUM;9992;10;9989;30;;;10008;10;10009;15;;;10000.5;0.0
46;5200;INTARIAN_PEPPER_ROOT;59001;12;58998;10;58996;8;59014;24;59016;9;59018;17;59008.0;0.0
46;5300;ASH_COATED_OSMIUM;9988;10;;;;;10007;11;;;;;9998.0;0.0
46;5300;INTARIAN_PEPPER_ROOT;58994;12;58993;9;;;59010;9;59012;11;;;59002.5;0.0
46;5400;ASH_COATED_OSMIUM;9984;13;9983;11;9982;14;10000;10;10002;13;10005;15;9992.5;0.0
46;5400;INTARIAN_PEPPER_ROOT;59002;12;59000;12;58998;12;59013;8;59015;10;59018;9;59008.0;0.0
46;5500;ASH_COATED_OSMIUM;9976;13;9973;13;;;9995;10;9997;10;;;9986.0;0.0
46;5500;INTARIAN_PEPPER_ROOT;58997;12;;;;;59011;9;;;;;59004.0;0.0
46;5600;ASH_COATED_OSMIUM;9983;11;9980;15;;;10001;10;10003;14;;;9992.0;0.0
46;5600;INTARIAN_PEPPER_ROOT;58998;9;58996;12;;;59017;12;59019;12;;;59007.5;0.0
46;5700;ASH_COATED_OSMIUM;9994;13;9993;13;;;10004;11;10006;11;;;9999.5;0.0
46;5700;INTARIAN_PEPPER_ROOT;59001;10;;;;;59014;8;;;;;59007.5;0.0
46;5800;ASH_COATED_OSMIUM;9996;12;9994;25;;;10012;11;10014;10;;;10004.5;0.0
46;5800;INTARIAN_PEPPER_ROOT;58995;11;58992;19;;;59007;8;59010;11;;;59001.5;0.0
46;5900;ASH_COATED_OSMIUM;10000;11;9999;15;9996;13;10019;12;10021;12;10022;10;10010.0;0.0
46;5900;INTARIAN_PEPPER_ROOT;58999;11;58998;9;;;59012;19;59013;8;;;59006.0;0.0
46;6000;ASH_COATED_OSMIUM;9996;11;9995;15;9994;24;10012;26;10015;3;10018;23;10004.0;0.0
46;6000;INTARIAN_PEPPER_ROOT;58997;10;;;;;59009;19;;;;;59003.5;0.0
46;6100;ASH_COATED_OSMIUM;9993;13;;;;;10011;25;;;;;10002.5;0.0
46;6100;INTARIAN_PEPPER_ROOT;59000;10;58997;22;;;59013;8;59014;23;;;59006.5;0.0
46;6200;ASH_COATED_OSMIUM;9989;15;9988;23;;;10005;11;10008;13;;;9997.5;0.0
46;6200;INTARIAN_PEPPER_ROOT;59000;10;58998;12;;;59012;19;59015;20;;;59006.0;0.0
46;6300;ASH_COATED_OSMIUM;9988;8;9985;14;;;10004;13;10007;12;;;9996.0;0.0
46;6300;INTARIAN_PEPPER_ROOT;58995;24;58994;15;;;59010;17;59011;10;;;59002.5;0.0
46;6400;ASH_COATED_OSMIUM;9987;15;;;;;10003;14;;;;;9995.0;0.0
46;6400;INTARIAN_PEPPER_ROOT;58998;22;58997;10;;;59016;11;59017;10;;;59007.5;0.0
46;6500;ASH_COATED_OSMIUM;9988;22;9987;28;;;10006;14;10007;12;;;9997.5;0.0
46;6500;INTARIAN_PEPPER_ROOT;58998;9;58997;11;;;59012;8;59014;8;;;59005.5;0.0
46;6600;ASH_COATED_OSMIUM;9990;10;9989;10;;;10008;10;10011;12;;;9999.0;0.0
46;6600;INTARIAN_PEPPER_ROOT;58998;12;;;;;59012;8;;;;;59005.5;0.0
46;6700;ASH_COATED_OSMIUM;9996;15;;;;;10012;11;;;;;10004.5;0.0
46;6700;INTARIAN_PEPPER_ROOT;59000;12;58998;12;58997;11;59012;12;59015;8;59016;12;59006.5;0.0
46;6800;ASH_COATED_OSMIUM;9991;11;9990;13;9987;5;10009;20;10010;28;10011;13;10000.0;0.0
46;6800;INTARIAN_PEPPER_ROOT;58999;9;58998;9;;;59013;8;59014;9;;;59006.5;0.0
46;6900;ASH_COATED_OSMIUM;9990;25;9989;20;9988;12;10011;5;10014;10;10017;15;10001.0;0.0
46;6900;INTARIAN_PEPPER_ROOT;58999;10;58997;9;;;59011;11;59014;8;;;59005.5;0.0
46;7000;ASH_COATED_OSMIUM;9996;13;;;;;10006;25;;;;;10001.0;0.0
46;7000;INTARIAN_PEPPER_ROOT;58999;10;58998;12;;;59015;9;59016;9;;;59007.0;0.0
46;7100;ASH_COATED_OSMIUM;9992;11;9991;15;9990;13;10008;24;10011;13;10013;12;10000.0;0.0
46;7100;INTARIAN_PEPPER_ROOT;59000;8;58999;21;;;59015;8;59017;9;;;59008.0;0.0
46;7200;ASH_COATED_OSMIUM;9995;11;9994;12;9992;13;10011;24;10014;27;10017;14;10003.5;0.0
46;7200;INTARIAN_PEPPER_ROOT;58995;9;58994;10;58991;11;59010;10;59011;9;59012;9;59002.5;0.0
46;7300;ASH_COATED_OSMIUM;9994;13;;;;;10010;12;;;;;10002.0;0.0
46;7300;INTARIAN_PEPPER_ROOT;58996;20;;;;;59011;15;;;;;59003.5;0.0
46;7400;ASH_COATED_OSMIUM;9994;13;9992;11;9991;30;10013;15;10014;28;10016;14;10004.0;0.0
46;7400;INTARIAN_PEPPER_ROOT;59000;22;58999;8;58998;10;59015;10;59017;12;59020;21;59008.0;0.0
46;7500;ASH_COATED_OSMIUM;9996;26;9993;11;9992;12;10015;13;10016;10;10019;14;10005.5;0.0
46;7500;INTARIAN_PEPPER_ROOT;59004;10;59001;8;;;59009;12;59012;20;;;59007.0;0.0
46;7600;ASH_COATED_OSMIUM;9998;21;9997;13;;;10014;27;10015;10;;;10006.0;0.0
46;7600;INTARIAN_PEPPER_ROOT;58999;8;58997;8;58994;12;59011;10;59014;12;59015;16;59005.0;0.0
46;7700;ASH_COATED_OSMIUM;9994;13;9991;9;9988;3;10010;11;10011;12;10014;4;10002.5;0.0
46;7700;INTARIAN_PEPPER_ROOT;58999;10;58998;12;;;59011;12;59014;18;;;59005.0;0.0
46;7800;ASH_COATED_OSMIUM;9998;15;9997;14;;;10005;25;10006;12;;;10002.0;0.0
46;7800;INTARIAN_PEPPER_ROOT;58999;9;;;;;59015;20;;;;;59007.5;0.0
46;7900;ASH_COATED_OSMIUM;9994;11;9993;13;9990;15;10010;14;10011;11;10013;13;10002.0;0.0
46;7900;INTARIAN_PEPPER_ROOT;59000;10;58999;11;58998;10;59012;23;59014;9;59015;11;59006.0;0.0
46;8000;ASH_COATED_OSMIUM;9995;11;9993;13;9990;14;10011;21;10012;30;10014;14;10003.0;0.0
46;8000;INTARIAN_PEPPER_ROOT;59003;9;59001;11;;;59014;20;59015;10;;;59008.5;0.0
46;8100;ASH_COATED_OSMIUM;9986;25;9984;23;9983;24;10004;10;10006;12;10007;10;9995.5;0.0
46;8100;INTARIAN_PEPPER_ROOT;59001;12;59000;11;;;59018;8;59019;22;;;59009.5;0.0
46;8200;ASH_COATED_OSMIUM;9986;15;;;;;10002;11;;;;;9994.0;0.0
46;8200;INTARIAN_PEPPER_ROOT;59004;18;59003;17;;;59019;9;59022;11;;;59012.0;0.0
46;8300;ASH_COATED_OSMIUM;9991;27;;;;;10007;11;;;;;9999.0;0.0
46;8300;INTARIAN_PEPPER_ROOT;59003;10;59000;12;58999;11;59016;8;59017;19;59018;9;59010.0;0.0
46;8400;ASH_COATED_OSMIUM;9987;14;;;;;10006;12;;;;;9997.0;0.0
46;8400;INTARIAN_PEPPER_ROOT;59004;9;;;;;59017;12;;;;;59010.5;0.0
46;8500;ASH_COATED_OSMIUM;9989;14;9986;10;;;10005;11;10007;11;;;9997.0;0.0
46;8500;INTARIAN_PEPPER_ROOT;59001;8;58999;12;;;59017;21;59019;15;;;59009.0;0.0
46;8600;ASH_COATED_OSMIUM;9989;2;9988;15;;;10005;11;10007;15;;;9997.5;0.0
46;8600;INTARIAN_PEPPER_ROOT;59005;9;;;;;59021;10;;;;;59013.5;0.0
46;8700;ASH_COATED_OSMIUM;9989;12;;;;;10008;6;;;;;9999.0;0.0
46;8700;INTARIAN_PEPPER_ROOT;59007;12;59005;11;59003;10;59019;18;59021;10;59024;10;59013.0;0.0
46;8800;ASH_COATED_OSMIUM;9986;10;;;;;10002;15;;;;;9994.0;0.0
46;8800;INTARIAN_PEPPER_ROOT;59000;8;58997;17;;;59011;9;59012;11;;;59006.0;0.0
46;8900;ASH_COATED_OSMIUM;9987;13;;;;;10003;15;;;;;9995.5;0.0
46;8900;INTARIAN_PEPPER_ROOT;59004;12;59003;12;;;59017;8;59018;11;;;59010.5;0.0
46;9000;ASH_COATED_OSMIUM;9985;12;9984;10;9982;23;10001;12;10003;11;10005;10;9993.0;0.0
46;9000;INTARIAN_PEPPER_ROOT;59010;8;;;;;59013;10;;;;;59012.0;0.0
46;9100;ASH_COATED_OSMIUM;9985;15;9984;10;;;9992;11;9995;15;;;9989.0;0.0
46;9100;INTARIAN_PEPPER_ROOT;59003;9;;;;;59015;12;;;;;59009.5;0.0
46;9200;ASH_COATED_OSMIUM;9981;13;9980;14;9977;11;9997;12;9999;15;10002;11;9989.0;0.0
46;9200;INTARIAN_PEPPER_ROOT;58999;19;;;;;59018;9;;;;;59009.0;0.0
46;9300;ASH_COATED_OSMIUM;9982;11;9979;11;;;10000;13;10003;23;;;9991.5;0.0
46;9300;INTARIAN_PEPPER_ROOT;59000;11;;;;;59013;16;;;;;59006.5;0.0
46;9400;ASH_COATED_OSMIUM;9985;10;9982;10;;;10001;15;10002;14;;;9993.0;0.0
46;9400;INTARIAN_PEPPER_ROOT;59005;7;59003;9;;;59016;9;59018;10;;;59011.0;0.0
46;9500;ASH_COATED_OSMIUM;9986;13;;;;;10002;26;;;;;9994.0;0.0
46;9500;INTARIAN_PEPPER_ROOT;59001;9;;;;;59014;10;;;;;59008.0;0.0
46;9600;ASH_COATED_OSMIUM;9988;12;9987;12;9986;12;10004;12;10005;11;10006;14;9996.0;0.0
46;9600;INTARIAN_PEPPER_ROOT;59004;9;;;;;59018;12;;;;;59011.5;0.0
46;9700;ASH_COATED_OSMIUM;9993;3;9991;14;9990;13;10009;12;10011;21;10013;14;10001.0;0.0
46;9700;INTARIAN_PEPPER_ROOT;59003;18;59002;10;;;59016;9;59019;9;;;59010.0;0.0
46;9800;ASH_COATED_OSMIUM;9991;25;9989;13;9987;10;10007;10;10010;10;10013;15;9999.0;0.0
46;9800;INTARIAN_PEPPER_ROOT;59004;9;59001;12;59000;10;59019;11;59022;12;59025;10;59012.0;0.0
46;9900;ASH_COATED_OSMIUM;9988;12;9985;12;9982;14;10006;10;10008;25;10009;21;9997.5;0.0
46;9900;INTARIAN_PEPPER_ROOT;59004;10;59001;12;59000;11;59022;9;59025;8;59028;12;59013.5;0.0
46;10000;ASH_COATED_OSMIUM;9986;15;;;;;10004;13;;;;;9995.0;0.0
46;10000;INTARIAN_PEPPER_ROOT;59004;21;59003;11;59002;10;59017;16;59018;8;59020;9;59010.5;0.0
46;10100;ASH_COATED_OSMIUM;9987;13;9985;12;;;10005;12;10006;14;;;9996.5;0.0
46;10100;INTARIAN_PEPPER_ROOT;59007;9;59004;12;;;59020;8;59023;15;;;59014.0;0.0
46;10200;ASH_COATED_OSMIUM;9985;12;9984;12;;;10003;10;10004;24;;;9994.5;0.0
46;10200;INTARIAN_PEPPER_ROOT;59002;12;59001;9;;;59018;8;59019;10;;;59010.5;0.0
46;10300;ASH_COATED_OSMIUM;9991;13;9988;10;9985;10;10002;14;10004;24;10007;13;9997.0;0.0
46;10300;INTARIAN_PEPPER_ROOT;59002;12;58999;11;;;59016;25;59018;12;;;59009.0;0.0
46;10400;ASH_COATED_OSMIUM;9983;20;9981;10;;;9999;10;10002;10;;;9991.5;0.0
46;10400;INTARIAN_PEPPER_ROOT;59003;10;59000;9;58999;11;59017;12;59019;11;59021;11;59010.5;0.0
46;10500;ASH_COATED_OSMIUM;9987;10;9985;14;;;10003;15;10006;10;;;9995.5;0.0
46;10500;INTARIAN_PEPPER_ROOT;59004;10;59002;12;;;59020;10;59022;11;;;59012.5;0.0
46;10600;ASH_COATED_OSMIUM;9986;15;9985;12;;;10002;15;10005;13;;;9994.5;0.0
46;10600;INTARIAN_PEPPER_ROOT;59002;8;59000;10;;;59013;10;59015;10;;;59008.0;0.0
46;10700;ASH_COATED_OSMIUM;9990;13;;;;;10006;12;;;;;9998.5;0.0
46;10700;INTARIAN_PEPPER_ROOT;59002;19;;;;;59014;10;;;;;59008.5;0.0
46;10800;ASH_COATED_OSMIUM;9985;13;9984;11;;;10003;15;10006;13;;;9994.0;0.0
46;10800;INTARIAN_PEPPER_ROOT;59003;12;;;;;59016;12;;;;;59009.5;0.0
46;10900;ASH_COATED_OSMIUM;9996;14;9995;2;9994;10;10003;14;10005;12;10007;14;9999.5;0.0
46;10900;INTARIAN_PEPPER_ROOT;59000;8;58998;12;58996;12;59014;9;59017;10;59019;24;59007.5;0.0
46;11000;ASH_COATED_OSMIUM;9994;3;9993;15;;;10013;10;10014;15;;;10003.5;0.0
46;11000;INTARIAN_PEPPER_ROOT;59005;9;59004;25;;;59017;12;59020;15;;;59011.0;0.0
46;11100;ASH_COATED_OSMIUM;9996;12;;;;;10012;11;;;;;10004.5;0.0
46;11100;INTARIAN_PEPPER_ROOT;59005;8;;;;;59017;11;;;;;59011.0;0.0
46;11200;ASH_COATED_OSMIUM;9998;11;9996;15;;;10014;15;10016;13;;;10006.0;0.0
46;11200;INTARIAN_PEPPER_ROOT;58999;10;58997;11;58995;8;59013;9;59014;12;59015;11;59006.5;0.0
46;11300;ASH_COATED_OSMIUM;9990;12;9988;13;;;10011;14;10013;5;;;10000.5;0.0
46;11300;INTARIAN_PEPPER_ROOT;59003;20;59000;8;;;59015;10;59018;20;;;59009.0;0.0
46;11400;ASH_COATED_OSMIUM;9987;13;9984;3;;;10006;11;10009;12;;;9997.0;0.0
46;11400;INTARIAN_PEPPER_ROOT;59007;9;59006;22;59004;8;59018;10;59019;11;59021;22;59013.0;0.0
46;11500;ASH_COATED_OSMIUM;9997;12;9996;12;;;10013;12;10015;21;;;10005.0;0.0
46;11500;INTARIAN_PEPPER_ROOT;59004;10;59003;12;59001;20;59020;9;59021;12;59024;9;59012.0;0.0
46;11600;ASH_COATED_OSMIUM;9998;22;9997;29;;;10014;11;10017;12;;;10006.0;0.0
46;11600;INTARIAN_PEPPER_ROOT;59005;10;;;;;59020;11;;;;;59013.0;0.0
46;11700;ASH_COATED_OSMIUM;9993;22;9992;15;;;10011;11;10012;20;;;10002.5;0.0
46;11700;INTARIAN_PEPPER_ROOT;59001;15;58999;12;;;59018;16;59019;8;;;59010.0;0.0
46;11800;ASH_COATED_OSMIUM;9990;15;9988;26;9986;12;10009;13;10012;10;10013;10;10000.0;0.0
46;11800;INTARIAN_PEPPER_ROOT;59005;8;59004;9;;;59013;11;59014;20;;;59009.5;0.0
46;11900;ASH_COATED_OSMIUM;9990;13;9989;10;;;10006;14;10009;11;;;9998.5;0.0
46;11900;INTARIAN_PEPPER_ROOT;59005;4;;;;;59019;10;;;;;59012.5;0.0
46;12000;ASH_COATED_OSMIUM;9990;13;;;;;10006;12;;;;;9998.0;0.0
46;12000;INTARIAN_PEPPER_ROOT;59007;10;59005;25;;;59019;10;59020;11;;;59013.5;0.0
46;12100;ASH_COATED_OSMIUM;9987;15;;;;;10003;15;;;;;9995.0;0.0
46;12100;INTARIAN_PEPPER_ROOT;59004;12;59001;10;;;59016;11;59018;10;;;59010.5;0.0
46;12200;ASH_COATED_OSMIUM;9988;14;9987;10;;;10007;15;10008;13;;;9997.5;0.0
46;12200;INTARIAN_PEPPER_ROOT;59001;10;;;;;59015;9;;;;;59008.0;0.0
46;12300;ASH_COATED_OSMIUM;9994;20;9991;21;9988;10;10013;11;10016;12;10017;24;10004.0;0.0
46;12300;INTARIAN_PEPPER_ROOT;59009;12;;;;;59021;23;;;;;59015.5;0.0
46;12400;ASH_COATED_OSMIUM;9995;12;9993;11;9991;13;10011;13;10014;13;10017;12;10003.0;0.0
46;12400;INTARIAN_PEPPER_ROOT;59004;10;;;;;59018;9;;;;;59011.5;0.0
46;12500;ASH_COATED_OSMIUM;9994;15;9992;3;;;10010;14;10013;14;;;10002.5;0.0
46;12500;INTARIAN_PEPPER_ROOT;59004;10;59003;9;;;59018;20;59021;12;;;59011.5;0.0
46;12600;ASH_COATED_OSMIUM;9990;10;;;;;10006;12;;;;;9998.5;0.0
46;12600;INTARIAN_PEPPER_ROOT;59003;12;59002;8;58999;12;59018;8;59020;9;59022;10;59011.0;0.0
46;12700;ASH_COATED_OSMIUM;9984;12;9981;11;9979;14;10000;24;10001;12;10003;14;9992.0;0.0
46;12700;INTARIAN_PEPPER_ROOT;59001;8;58999;12;;;59015;10;59017;15;;;59008.5;0.0
46;12800;ASH_COATED_OSMIUM;9982;14;9981;14;9978;10;9998;15;10000;14;10002;14;9990.5;0.0
46;12800;INTARIAN_PEPPER_ROOT;59004;8;59002;9;;;59021;8;59022;24;;;59012.5;0.0
46;12900;ASH_COATED_OSMIUM;9981;10;9980;5;;;10000;10;10001;11;;;9990.5;0.0
46;12900;INTARIAN_PEPPER_ROOT;59003;11;59000;12;58998;10;59017;8;59020;10;59022;8;59010.0;0.0
46;13000;ASH_COATED_OSMIUM;9975;13;9974;10;;;9991;11;9994;3;;;9983.5;0.0
46;13000;INTARIAN_PEPPER_ROOT;59005;8;;;;;59018;15;;;;;59011.5;0.0
46;13100;ASH_COATED_OSMIUM;9980;22;9978;15;;;9998;11;10001;20;;;9989.0;0.0
46;13100;INTARIAN_PEPPER_ROOT;59003;8;59001;10;58998;17;59014;12;59016;10;59018;21;59008.5;0.0
46;13200;ASH_COATED_OSMIUM;9985;13;9983;10;;;10001;15;10002;24;;;9993.0;0.0
46;13200;INTARIAN_PEPPER_ROOT;59004;12;59001;8;;;59017;10;59018;8;;;59011.0;0.0
46;13300;ASH_COATED_OSMIUM;9982;30;;;;;10003;14;;;;;9992.5;0.0
46;13300;INTARIAN_PEPPER_ROOT;59010;10;59009;9;59006;9;59024;11;59025;12;59028;4;59017.5;0.0
46;13400;ASH_COATED_OSMIUM;9984;10;;;;;10000;14;;;;;9992.0;0.0
46;13400;INTARIAN_PEPPER_ROOT;59005;12;59004;18;;;59018;11;59019;12;;;59011.5;0.0
46;13500;ASH_COATED_OSMIUM;9988;10;9985;11;;;10004;14;10007;22;;;9996.0;0.0
46;13500;INTARIAN_PEPPER_ROOT;59006;12;59005;25;;;59020;18;59021;12;;;59013.0;0.0
46;13600;ASH_COATED_OSMIUM;9985;12;;;;;10001;2;;;;;9993.0;0.0
46;13600;INTARIAN_PEPPER_ROOT;59005;10;59003;9;59001;10;59021;20;59024;9;59026;11;59013.0;0.0
46;13700;ASH_COATED_OSMIUM;9988;22;9986;15;9984;13;10004;10;10007;4;10010;10;9996.5;0.0
46;13700;INTARIAN_PEPPER_ROOT;59007;8;;;;;59018;12;;;;;59012.5;0.0
46;13800;ASH_COATED_OSMIUM;9987;10;;;;;10008;15;;;;;9997.5;0.0
46;13800;INTARIAN_PEPPER_ROOT;59004;11;59001;8;;;59021;8;59024;9;;;59013.0;0.0
46;13900;ASH_COATED_OSMIUM;9994;13;;;;;10010;11;;;;;10002.5;0.0
46;13900;INTARIAN_PEPPER_ROOT;59015;11;;;;;59018;9;;;;;59016.5;0.0
46;14000;ASH_COATED_OSMIUM;9996;22;;;;;10012;12;;;;;10004.5;0.0
46;14000;INTARIAN_PEPPER_ROOT;59008;21;59005;5;;;59020;11;59023;9;;;59014.5;0.0
46;14100;ASH_COATED_OSMIUM;9996;15;9995;14;;;10014;11;10017;10;;;10005.0;0.0
46;14100;INTARIAN_PEPPER_ROOT;59008;12;59005;11;;;59024;11;59025;8;;;59016.5;0.0
46;14200;ASH_COATED_OSMIUM;9997;14;9995;30;;;10013;14;10014;12;;;10005.0;0.0
46;14200;INTARIAN_PEPPER_ROOT;59010;12;59008;8;;;59026;11;59027;9;;;59018.0;0.0
46;14300;ASH_COATED_OSMIUM;9991;13;9989;20;;;10007;13;10008;26;;;9999.0;0.0
46;14300;INTARIAN_PEPPER_ROOT;59007;12;59005;3;;;59022;17;59023;11;;;59015.0;0.0
46;14400;ASH_COATED_OSMIUM;9988;12;9986;13;;;9998;14;9999;21;;;9993.0;0.0
46;14400;INTARIAN_PEPPER_ROOT;59006;10;;;;;59018;22;;;;;59012.5;0.0
46;14500;ASH_COATED_OSMIUM;9993;12;;;;;9998;13;;;;;9995.5;0.0
46;14500;INTARIAN_PEPPER_ROOT;59008;11;59007;9;;;59022;19;59024;10;;;59015.0;0.0
46;14600;ASH_COATED_OSMIUM;9985;10;9983;15;9981;20;10001;11;10002;13;10005;12;9993.0;0.0
46;14600;INTARIAN_PEPPER_ROOT;59009;8;59006;11;59004;12;59023;10;59025;15;59027;11;59016.5;0.0
46;14700;ASH_COATED_OSMIUM;9980;14;;;;;9998;11;;;;;9989.0;0.0
46;14700;INTARIAN_PEPPER_ROOT;59008;9;59005;9;;;59020;11;59022;24;;;59014.5;0.0
46;14800;ASH_COATED_OSMIUM;9983;11;9981;11;;;9999;14;10002;10;;;9991.5;0.0
46;14800;INTARIAN_PEPPER_ROOT;59007;24;;;;;59019;9;;;;;59013.5;0.0
46;14900;ASH_COATED_OSMIUM;9988;11;;;;;9997;25;;;;;9993.0;0.0
46;14900;INTARIAN_PEPPER_ROOT;59005;10;59002;9;;;59020;9;59023;20;;;59013.0;0.0
46;15000;ASH_COATED_OSMIUM;9992;4;9991;11;;;10008;15;10009;15;;;10000.5;0.0
46;15000;INTARIAN_PEPPER_ROOT;59008;10;59007;16;59005;12;59020;10;59021;10;59022;10;59014.0;0.0
46;15100;ASH_COATED_OSMIUM;9987;13;;;;;10003;13;;;;;9995.0;0.0
46;15100;INTARIAN_PEPPER_ROOT;59007;8;;;;;59019;12;;;;;59013.0;0.0
46;15200;ASH_COATED_OSMIUM;9986;14;9985;11;9982;11;10002;14;10004;12;10006;13;9994.0;0.0
46;15200;INTARIAN_PEPPER_ROOT;59011;12;59010;12;59009;9;59024;25;59026;20;59028;11;59018.0;0.0
46;15300;ASH_COATED_OSMIUM;9980;10;9977;11;;;9999;13;10001;12;;;9989.5;0.0
46;15300;INTARIAN_PEPPER_ROOT;59008;22;59007;12;59005;10;59021;10;59022;10;59025;16;59014.5;0.0
46;15400;ASH_COATED_OSMIUM;9984;15;9983;21;;;10002;27;10003;15;;;9993.0;0.0
46;15400;INTARIAN_PEPPER_ROOT;59005;12;;;;;59018;11;;;;;59012.0;0.0
46;15500;ASH_COATED_OSMIUM;9982;24;;;;;9998;12;;;;;9990.5;0.0
46;15500;INTARIAN_PEPPER_ROOT;59012;8;59009;11;59006;11;59023;11;59024;19;59027;12;59018.0;0.0
46;15600;ASH_COATED_OSMIUM;9987;12;;;;;10003;22;;;;;9995.0;0.0
46;15600;INTARIAN_PEPPER_ROOT;59007;10;59006;3;59004;10;59023;9;59025;12;59028;8;59015.0;0.0
46;15700;ASH_COATED_OSMIUM;9989;11;;;;;10005;10;;;;;9997.0;0.0
46;15700;INTARIAN_PEPPER_ROOT;59010;10;59009;8;;;59023;12;59024;4;;;59017.0;0.0
46;15800;ASH_COATED_OSMIUM;9990;12;9988;14;;;10008;15;10010;11;;;9999.5;0.0
46;15800;INTARIAN_PEPPER_ROOT;59009;10;59008;10;;;59023;19;59025;12;;;59016.0;0.0
46;15900;ASH_COATED_OSMIUM;9987;10;9986;10;9985;14;10003;21;10004;20;10005;11;9995.5;0.0
46;15900;INTARIAN_PEPPER_ROOT;59012;20;59011;8;59008;9;59024;9;59027;12;59030;12;59018.0;0.0
46;16000;ASH_COATED_OSMIUM;9986;26;9985;14;;;10002;10;10003;20;;;9994.5;0.0
46;16000;INTARIAN_PEPPER_ROOT;59010;9;;;;;59023;9;;;;;59016.5;0.0
46;16100;ASH_COATED_OSMIUM;9995;13;9993;15;;;10011;11;10014;14;;;10003.5;0.0
46;16100;INTARIAN_PEPPER_ROOT;59013;25;59012;9;59010;10;59024;9;59027;11;59029;9;59019.0;0.0
46;16200;ASH_COATED_OSMIUM;9994;13;9992;24;;;10013;13;10016;10;;;10004.0;0.0
46;16200;INTARIAN_PEPPER_ROOT;59008;8;59007;9;;;59026;8;59028;9;;;59017.5;0.0
46;16300;ASH_COATED_OSMIUM;9995;12;9994;13;9993;13;10011;11;10012;14;10014;14;10003.5;0.0
46;16300;INTARIAN_PEPPER_ROOT;59012;11;59009;23;;;59024;9;59025;11;;;59018.5;0.0
46;16400;ASH_COATED_OSMIUM;9994;15;;;;;10010;4;;;;;10002.0;0.0
46;16400;INTARIAN_PEPPER_ROOT;59008;8;59007;10;59004;22;59020;10;59023;12;59026;8;59014.0;0.0
46;16500;ASH_COATED_OSMIUM;9991;11;;;;;10007;10;;;;;9999.5;0.0
46;16500;INTARIAN_PEPPER_ROOT;59011;10;59009;12;;;59023;12;59024;9;;;59017.0;0.0
46;16600;ASH_COATED_OSMIUM;9987;12;9986;11;;;10003;12;10004;11;;;9995.0;0.0
46;16600;INTARIAN_PEPPER_ROOT;59012;11;;;;;59020;10;;;;;59016.0;0.0
46;16700;ASH_COATED_OSMIUM;9989;12;9987;14;;;10007;11;10008;25;;;9998.5;0.0
46;16700;INTARIAN_PEPPER_ROOT;59012;10;59010;16;;;59024;11;59026;8;;;59018.5;0.0
46;16800;ASH_COATED_OSMIUM;9988;11;;;;;10004;14;;;;;9996.0;0.0
46;16800;INTARIAN_PEPPER_ROOT;59008;11;;;;;59021;8;;;;;59015.0;0.0
46;16900;ASH_COATED_OSMIUM;9987;13;9985;12;;;10003;29;10004;14;;;9995.5;0.0
46;16900;INTARIAN_PEPPER_ROOT;59020;10;59019;10;;;59023;9;59024;12;;;59022.0;0.0
46;17000;ASH_COATED_OSMIUM;9988;14;;;;;10004;15;;;;;9996.0;0.0
46;17000;INTARIAN_PEPPER_ROOT;59009;8;59007;9;59006;11;59025;9;59027;11;59029;11;59017.0;0.0
46;17100;ASH_COATED_OSMIUM;9990;10;9987;15;9986;15;10008;10;10009;12;10010;15;9999.5;0.0
46;17100;INTARIAN_PEPPER_ROOT;59011;12;59008;9;;;59023;12;59024;16;;;59017.5;0.0
46;17200;ASH_COATED_OSMIUM;9993;10;9992;14;;;10012;12;10014;11;;;10003.0;0.0
46;17200;INTARIAN_PEPPER_ROOT;59012;12;59011;10;;;59026;10;59029;11;;;59019.0;0.0
46;17300;ASH_COATED_OSMIUM;10000;10;9999;11;9997;15;10016;12;10019;14;10021;10;10008.0;0.0
46;17300;INTARIAN_PEPPER_ROOT;59008;9;59005;10;59004;23;59021;23;59023;12;59025;9;59014.5;0.0
46;17400;ASH_COATED_OSMIUM;10003;15;10002;14;;;10019;28;10022;10;;;10011.0;0.0
46;17400;INTARIAN_PEPPER_ROOT;59012;11;59010;23;59009;22;59024;10;59026;8;59028;8;59018.0;0.0
46;17500;ASH_COATED_OSMIUM;9994;12;;;;;10012;14;;;;;10003.0;0.0
46;17500;INTARIAN_PEPPER_ROOT;59016;11;;;;;59020;8;;;;;59018.0;0.0
46;17600;ASH_COATED_OSMIUM;9995;14;;;;;10014;28;;;;;10004.5;0.0
46;17600;INTARIAN_PEPPER_ROOT;59010;9;59009;8;59007;8;59021;25;59022;25;59023;10;59015.5;0.0
46;17700;ASH_COATED_OSMIUM;9993;13;;;;;10009;13;;;;;10001.0;0.0
46;17700;INTARIAN_PEPPER_ROOT;59013;10;59011;12;;;59026;11;59027;10;;;59020.0;0.0
46;17800;ASH_COATED_OSMIUM;9992;11;;;;;10011;29;;;;;10001.5;0.0
46;17800;INTARIAN_PEPPER_ROOT;59009;10;59008;8;59005;12;59022;11;59024;9;59027;6;59015.5;0.0
46;17900;ASH_COATED_OSMIUM;9995;15;;;;;10006;10;;;;;10001.0;0.0
46;17900;INTARIAN_PEPPER_ROOT;59014;11;59013;10;59010;10;59026;10;59028;23;59030;9;59020.0;0.0
46;18000;ASH_COATED_OSMIUM;9992;11;9990;23;9988;14;10002;12;10004;12;10006;24;9997.5;0.0
46;18000;INTARIAN_PEPPER_ROOT;59010;15;59007;18;59004;12;59023;8;59024;12;59025;10;59017.0;0.0
46;18100;ASH_COATED_OSMIUM;9987;4;9984;10;9983;10;10005;26;10006;14;10007;12;9996.5;0.0
46;18100;INTARIAN_PEPPER_ROOT;59010;12;59008;20;;;59024;25;59027;8;;;59017.0;0.0
46;18200;ASH_COATED_OSMIUM;9986;11;9985;11;;;10002;11;10005;12;;;9994.5;0.0
46;18200;INTARIAN_PEPPER_ROOT;59012;11;;;;;59024;11;;;;;59018.5;0.0
46;18300;ASH_COATED_OSMIUM;9984;10;;;;;10000;5;;;;;9992.0;0.0
46;18300;INTARIAN_PEPPER_ROOT;59011;12;59010;8;;;59026;25;59028;12;;;59018.5;0.0
46;18400;ASH_COATED_OSMIUM;9994;15;9991;14;9990;14;10010;14;10011;11;10012;10;10002.5;0.0
46;18400;INTARIAN_PEPPER_ROOT;59013;12;59010;8;;;59028;9;59031;10;;;59021.0;0.0
46;18500;ASH_COATED_OSMIUM;9996;24;9995;30;;;10012;24;10013;2;;;10004.0;0.0
46;18500;INTARIAN_PEPPER_ROOT;59011;12;;;;;59027;8;;;;;59019.0;0.0
46;18600;ASH_COATED_OSMIUM;9999;10;9998;10;;;10015;15;10018;10;;;10007.0;0.0
46;18600;INTARIAN_PEPPER_ROOT;59012;9;59011;9;;;59023;10;59024;24;;;59018.0;0.0
46;18700;ASH_COATED_OSMIUM;9995;12;9993;10;9991;30;10011;11;10014;29;10016;25;10003.0;0.0
46;18700;INTARIAN_PEPPER_ROOT;59010;12;59007;8;59004;9;59022;12;59024;12;59026;12;59016.5;0.0
46;18800;ASH_COATED_OSMIUM;9996;10;9995;13;;;10012;21;10014;10;;;10004.5;0.0
46;18800;INTARIAN_PEPPER_ROOT;59009;11;59006;11;;;59021;10;59023;9;;;59015.0;0.0
46;18900;ASH_COATED_OSMIUM;9992;10;9991;15;;;10008;12;10009;11;;;10000.0;0.0
46;18900;INTARIAN_PEPPER_ROOT;59011;11;;;;;59028;19;;;;;59019.5;0.0
46;19000;ASH_COATED_OSMIUM;9993;27;9990;12;;;10009;15;10011;10;;;10001.0;0.0
46;19000;INTARIAN_PEPPER_ROOT;59010;25;59009;9;;;59022;9;59024;12;;;59016.5;0.0
46;19100;ASH_COATED_OSMIUM;9997;11;9996;11;;;10013;23;10016;15;;;10005.0;0.0
46;19100;INTARIAN_PEPPER_ROOT;59010;9;59008;25;59006;10;59023;21;59024;8;59025;10;59017.0;0.0
46;19200;ASH_COATED_OSMIUM;9995;28;9994;15;;;10011;13;10013;27;;;10003.0;0.0
46;19200;INTARIAN_PEPPER_ROOT;59014;17;59012;10;;;59029;12;59030;8;;;59022.0;0.0
46;19300;ASH_COATED_OSMIUM;9991;21;9990;10;;;10007;15;10008;11;;;9999.0;0.0
46;19300;INTARIAN_PEPPER_ROOT;59007;10;;;;;59026;24;;;;;59016.5;0.0
46;19400;ASH_COATED_OSMIUM;9991;22;9989;25;9986;15;10007;12;10008;14;10010;9;9999.5;0.0
46;19400;INTARIAN_PEPPER_ROOT;59011;21;59008;9;59005;8;59023;16;59026;9;59028;11;59017.0;0.0
46;19500;ASH_COATED_OSMIUM;9985;15;9982;13;9981;12;10001;11;10004;11;10006;23;9993.5;0.0
46;19500;INTARIAN_PEPPER_ROOT;59017;8;59014;11;;;59026;23;59028;12;;;59022.0;0.0
46;19600;ASH_COATED_OSMIUM;9986;25;9985;10;;;10005;14;10008;15;;;9995.5;0.0
46;19600;INTARIAN_PEPPER_ROOT;59012;18;59009;11;;;59024;10;59025;10;;;59018.5;0.0
46;19700;ASH_COATED_OSMIUM;9988;13;9987;13;;;10004;15;10005;13;;;9996.5;0.0
46;19700;INTARIAN_PEPPER_ROOT;59019;8;59016;11;59013;11;59032;10;59033;12;59034;12;59026.0;0.0
46;19800;ASH_COATED_OSMIUM;9992;10;9989;10;;;10008;11;10009;12;;;10000.5;0.0
46;19800;INTARIAN_PEPPER_ROOT;59014;10;;;;;59026;10;;;;;59020.5;0.0
46;19900;ASH_COATED_OSMIUM;9992;10;;;;;10008;22;;;;;10000.0;0.0
46;19900;INTARIAN_PEPPER_ROOT;59010;11;59007;9;59005;11;59027;11;59029;11;59030;9;59018.5;0.0
46;20000;ASH_COATED_OSMIUM;9990;21;;;;;10009;11;;;;;9999.5;0.0
46;20000;INTARIAN_PEPPER_ROOT;59017;8;59014;11;;;59029;9;59031;10;;;59023.0;0.0
46;20100;ASH_COATED_OSMIUM;9990;11;;;;;10009;10;;;;;9999.5;0.0
46;20100;INTARIAN_PEPPER_ROOT;59019;12;;;;;59031;12;;;;;59025.5;0.0
46;20200;ASH_COATED_OSMIUM;9990;10;9988;14;;;10006;15;10008;12;;;9998.0;0.0
46;20200;INTARIAN_PEPPER_ROOT;59013;8;;;;;59027;10;;;;;59020.5;0.0
46;20300;ASH_COATED_OSMIUM;9985;15;9984;13;;;9998;14;10000;11;;;9992.0;0.0
46;20300;INTARIAN_PEPPER_ROOT;59012;8;59011;12;;;59025;11;59028;10;;;59019.0;0.0
46;20400;ASH_COATED_OSMIUM;9988;11;;;;;10004;14;;;;;9996.5;0.0
46;20400;INTARIAN_PEPPER_ROOT;59016;9;;;;;59027;11;;;;;59021.5;0.0
46;20500;ASH_COATED_OSMIUM;9985;12;;;;;10001;10;;;;;9993.5;0.0
46;20500;INTARIAN_PEPPER_ROOT;59013;11;59011;9;59010;16;59030;12;59033;11;59034;15;59022.0;0.0
46;20600;ASH_COATED_OSMIUM;9987;14;9984;10;9982;24;10005;11;10007;13;10010;10;9996.0;0.0
46;20600;INTARIAN_PEPPER_ROOT;59012;11;59009;10;;;59025;8;59027;11;;;59018.5;0.0
46;20700;ASH_COATED_OSMIUM;9985;14;9983;28;;;10001;13;10004;14;;;9993.0;0.0
46;20700;INTARIAN_PEPPER_ROOT;59015;9;59012;12;59010;9;59026;8;59027;12;59028;15;59020.5;0.0
46;20800;ASH_COATED_OSMIUM;9982;10;9980;12;9978;13;9998;13;10001;13;10003;11;9990.0;0.0
46;20800;INTARIAN_PEPPER_ROOT;59015;11;59014;9;;;59032;11;59035;10;;;59023.5;0.0
46;20900;ASH_COATED_OSMIUM;9988;2;9986;12;;;10004;12;10005;11;;;9996.5;0.0
46;20900;INTARIAN_PEPPER_ROOT;59015;8;;;;;59027;8;;;;;59021.5;0.0
46;21000;ASH_COATED_OSMIUM;9985;15;9984;10;;;10001;25;10004;15;;;9993.5;0.0
46;21000;INTARIAN_PEPPER_ROOT;59015;10;59012;9;59009;11;59027;10;59028;8;59031;11;59021.0;0.0
46;21100;ASH_COATED_OSMIUM;9992;24;;;;;10008;14;;;;;10000.0;0.0
46;21100;INTARIAN_PEPPER_ROOT;59017;10;59016;11;;;59029;9;59031;10;;;59023.5;0.0
46;21200;ASH_COATED_OSMIUM;9993;24;9992;13;;;10009;15;10012;15;;;10001.0;0.0
46;21200;INTARIAN_PEPPER_ROOT;59017;8;59014;10;;;59031;11;59034;9;;;59024.5;0.0
46;21300;ASH_COATED_OSMIUM;9988;14;;;;;10004;11;;;;;9996.5;0.0
46;21300;INTARIAN_PEPPER_ROOT;59011;9;59010;9;;;59024;12;59025;12;;;59017.5;0.0
46;21400;ASH_COATED_OSMIUM;9994;15;;;;;10003;10;;;;;9999.0;0.0
46;21400;INTARIAN_PEPPER_ROOT;59014;23;59012;9;59011;8;59029;8;59032;9;59034;10;59021.5;0.0
46;21500;ASH_COATED_OSMIUM;9992;10;9991;14;9990;12;10008;15;10009;11;10011;15;10000.0;0.0
46;21500;INTARIAN_PEPPER_ROOT;59013;10;59010;8;59009;10;59028;9;59029;12;59031;24;59020.5;0.0
46;21600;ASH_COATED_OSMIUM;9991;7;9988;10;9986;13;10000;14;10002;15;10004;13;9995.5;0.0
46;21600;INTARIAN_PEPPER_ROOT;59015;9;59014;8;;;59028;12;59029;8;;;59021.5;0.0
46;21700;ASH_COATED_OSMIUM;9990;12;9987;13;9986;13;10001;14;10003;29;10005;11;9996.0;0.0
46;21700;INTARIAN_PEPPER_ROOT;59019;9;;;;;59031;8;;;;;59025.0;0.0
46;21800;ASH_COATED_OSMIUM;9985;15;9982;11;9979;10;10001;12;10003;10;10004;15;9993.0;0.0
46;21800;INTARIAN_PEPPER_ROOT;59013;8;;;;;59024;17;;;;;59019.0;0.0
46;21900;ASH_COATED_OSMIUM;9988;13;;;;;10004;11;;;;;9996.5;0.0
46;21900;INTARIAN_PEPPER_ROOT;59016;9;;;;;59028;10;;;;;59022.0;0.0
46;22000;ASH_COATED_OSMIUM;9995;13;9993;22;9992;30;10011;11;10014;14;10017;14;10003.5;0.0
46;22000;INTARIAN_PEPPER_ROOT;59017;8;59014;9;;;59029;12;59032;8;;;59023.0;0.0
46;22100;ASH_COATED_OSMIUM;9989;10;;;;;10005;10;;;;;9997.5;0.0
46;22100;INTARIAN_PEPPER_ROOT;59014;12;59013;12;;;59030;15;59032;23;;;59022.5;0.0
46;22200;ASH_COATED_OSMIUM;9988;15;9987;10;;;10004;15;10007;13;;;9996.0;0.0
46;22200;INTARIAN_PEPPER_ROOT;59014;10;59011;11;59008;10;59028;9;59030;10;59033;11;59021.0;0.0
46;22300;ASH_COATED_OSMIUM;9984;15;9982;12;9980;12;10000;10;10003;14;10005;14;9992.0;0.0
46;22300;INTARIAN_PEPPER_ROOT;59012;12;59010;12;;;59025;12;59028;11;;;59019.0;0.0
46;22400;ASH_COATED_OSMIUM;9982;10;9979;12;;;9998;10;9999;11;;;9990.5;0.0
46;22400;INTARIAN_PEPPER_ROOT;59012;11;59009;8;59007;12;59026;9;59029;25;59031;11;59019.5;0.0
46;22500;ASH_COATED_OSMIUM;9980;10;;;;;9998;15;;;;;9989.0;0.0
46;22500;INTARIAN_PEPPER_ROOT;59020;9;59018;11;;;59033;10;59036;10;;;59026.5;0.0
46;22600;ASH_COATED_OSMIUM;9984;14;9981;11;9980;13;10003;15;10005;15;10006;25;9994.0;0.0
46;22600;INTARIAN_PEPPER_ROOT;59014;10;;;;;59027;7;;;;;59021.0;0.0
46;22700;ASH_COATED_OSMIUM;9985;12;9983;10;;;10001;4;10002;30;;;9993.5;0.0
46;22700;INTARIAN_PEPPER_ROOT;59014;8;;;;;59028;10;;;;;59021.0;0.0
46;22800;ASH_COATED_OSMIUM;9989;15;9987;14;;;10007;12;10009;12;;;9998.5;0.0
46;22800;INTARIAN_PEPPER_ROOT;59017;8;59016;12;59013;9;59030;11;59031;12;59033;25;59023.5;0.0
46;22900;ASH_COATED_OSMIUM;9985;22;9983;25;9980;11;10001;10;10004;10;10005;14;9993.0;0.0
46;22900;INTARIAN_PEPPER_ROOT;59017;12;;;;;59030;12;;;;;59024.0;0.0
46;23000;ASH_COATED_OSMIUM;9978;13;;;;;9997;25;;;;;9987.5;0.0
46;23000;INTARIAN_PEPPER_ROOT;59019;10;;;;;59031;12;;;;;59025.0;0.0
46;23100;ASH_COATED_OSMIUM;9978;10;9977;11;9976;13;9999;12;10000;28;10002;13;9989.0;0.0
46;23100;INTARIAN_PEPPER_ROOT;59018;9;59015;12;;;59036;10;59039;20;;;59027.0;0.0
46;23200;ASH_COATED_OSMIUM;9975;11;9973;15;;;9993;15;9996;14;;;9984.0;0.0
46;23200;INTARIAN_PEPPER_ROOT;59014;16;;;;;59027;12;;;;;59021.0;0.0
46;23300;ASH_COATED_OSMIUM;9978;14;;;;;9997;13;;;;;9988.0;0.0
46;23300;INTARIAN_PEPPER_ROOT;59016;11;59014;11;59011;10;59028;16;59029;11;59030;12;59022.5;0.0
46;23400;ASH_COATED_OSMIUM;9986;14;9983;14;9981;15;9998;27;10001;12;10004;5;9992.5;0.0
46;23400;INTARIAN_PEPPER_ROOT;59019;8;;;;;59031;10;;;;;59025.0;0.0
46;23500;ASH_COATED_OSMIUM;9981;11;;;;;10000;12;;;;;9990.5;0.0
46;23500;INTARIAN_PEPPER_ROOT;59020;16;59017;9;;;59033;9;59036;7;;;59026.5;0.0
46;23600;ASH_COATED_OSMIUM;9984;11;;;;;10000;20;;;;;9992.5;0.0
46;23600;INTARIAN_PEPPER_ROOT;59014;10;59012;11;59009;9;59031;22;59033;18;59036;8;59023.0;0.0
46;23700;ASH_COATED_OSMIUM;9990;10;9988;13;;;10006;10;10007;12;;;9998.0;0.0
46;23700;INTARIAN_PEPPER_ROOT;59018;12;59016;10;;;59030;15;59033;8;;;59024.0;0.0
46;23800;ASH_COATED_OSMIUM;9994;11;;;;;10010;14;;;;;10002.5;0.0
46;23800;INTARIAN_PEPPER_ROOT;59020;10;59017;9;59016;12;59028;10;59030;10;59031;20;59024.5;0.0
46;23900;ASH_COATED_OSMIUM;9997;10;9994;20;9993;12;10007;26;10010;10;10011;14;10002.0;0.0
46;23900;INTARIAN_PEPPER_ROOT;59020;24;59017;23;59015;12;59031;10;59032;11;59033;12;59025.5;0.0
46;24000;ASH_COATED_OSMIUM;9994;14;;;;;10010;30;;;;;10002.5;0.0
46;24000;INTARIAN_PEPPER_ROOT;59018;8;59017;8;;;59031;8;59034;9;;;59024.5;0.0
46;24100;ASH_COATED_OSMIUM;9990;12;9988;14;9986;20;10011;13;10014;29;10017;28;10000.5;0.0
46;24100;INTARIAN_PEPPER_ROOT;59017;25;;;;;59030;11;;;;;59023.5;0.0
46;24200;ASH_COATED_OSMIUM;9994;30;9992;30;;;10010;13;10011;11;;;10002.5;0.0
46;24200;INTARIAN_PEPPER_ROOT;59020;9;;;;;59033;10;;;;;59026.5;0.0
46;24300;ASH_COATED_OSMIUM;9994;12;9992;12;;;10004;24;10005;13;;;9999.5;0.0
46;24300;INTARIAN_PEPPER_ROOT;59018;12;;;;;59032;11;;;;;59025.0;0.0
46;24400;ASH_COATED_OSMIUM;9990;26;;;;;10006;15;;;;;9998.0;0.0
46;24400;INTARIAN_PEPPER_ROOT;59018;12;;;;;59029;9;;;;;59024.0;0.0
46;24500;ASH_COATED_OSMIUM;9990;29;9987;13;;;10009;12;10010;11;;;10000.0;0.0
46;24500;INTARIAN_PEPPER_ROOT;59015;9;;;;;59026;11;;;;;59021.0;0.0
46;24600;ASH_COATED_OSMIUM;9991;11;9989;28;;;10001;15;10002;15;;;9996.0;0.0
46;24600;INTARIAN_PEPPER_ROOT;59019;11;59016;11;59013;17;59032;8;59035;10;59037;12;59025.5;0.0
46;24700;ASH_COATED_OSMIUM;9988;27;9985;13;9983;14;10004;12;10006;22;10009;15;9996.0;0.0
46;24700;INTARIAN_PEPPER_ROOT;59019;10;59017;12;59016;9;59033;12;59034;8;59035;9;59026.5;0.0
46;24800;ASH_COATED_OSMIUM;9989;15;9986;13;;;10005;20;10006;11;;;9997.0;0.0
46;24800;INTARIAN_PEPPER_ROOT;59021;18;59018;21;59015;9;59034;10;59037;19;59040;25;59027.5;0.0
46;24900;ASH_COATED_OSMIUM;9993;28;;;;;10009;11;;;;;10001.0;0.0
46;24900;INTARIAN_PEPPER_ROOT;59020;11;59019;17;59016;12;59031;8;59032;9;59033;22;59026.0;0.0
46;25000;ASH_COATED_OSMIUM;9995;14;;;;;10011;14;;;;;10003.0;0.0
46;25000;INTARIAN_PEPPER_ROOT;59017;8;59015;10;59014;10;59029;10;59031;11;59032;11;59023.0;0.0
46;25100;ASH_COATED_OSMIUM;9996;21;9994;29;9992;29;10012;11;10015;13;10018;10;10004.0;0.0
46;25100;INTARIAN_PEPPER_ROOT;59018;9;59015;24;;;59031;10;59033;11;;;59024.5;0.0
46;25200;ASH_COATED_OSMIUM;9993;11;9992;13;;;10009;11;10011;2;;;10001.5;0.0
46;25200;INTARIAN_PEPPER_ROOT;59021;8;;;;;59035;25;;;;;59028.0;0.0
46;25300;ASH_COATED_OSMIUM;9992;12;9990;13;9989;13;10008;10;10010;4;10011;14;10000.0;0.0
46;25300;INTARIAN_PEPPER_ROOT;59022;16;;;;;59036;11;;;;;59029.0;0.0
46;25400;ASH_COATED_OSMIUM;9994;21;9991;13;9988;10;10002;11;10003;12;10005;11;9998.0;0.0
46;25400;INTARIAN_PEPPER_ROOT;59020;10;59018;25;59016;8;59036;12;59038;12;59040;9;59028.5;0.0
46;25500;ASH_COATED_OSMIUM;9996;15;9993;27;9991;12;10012;15;10015;12;10017;28;10004.0;0.0
46;25500;INTARIAN_PEPPER_ROOT;59018;12;;;;;59032;9;;;;;59025.5;0.0
46;25600;ASH_COATED_OSMIUM;9993;15;9991;12;;;10009;15;10012;10;;;10001.5;0.0
46;25600;INTARIAN_PEPPER_ROOT;59018;11;;;;;59032;10;;;;;59025.0;0.0
46;25700;ASH_COATED_OSMIUM;9990;10;9989;13;9987;12;10006;14;10007;29;10010;11;9998.0;0.0
46;25700;INTARIAN_PEPPER_ROOT;59023;11;59020;9;59017;23;59034;12;59035;9;59036;11;59028.5;0.0
46;25800;ASH_COATED_OSMIUM;9988;25;;;;;10006;15;;;;;9997.0;0.0
46;25800;INTARIAN_PEPPER_ROOT;59020;8;59018;8;59015;8;59031;11;59033;12;59036;10;59026.0;0.0
46;25900;ASH_COATED_OSMIUM;9987;26;9985;29;;;10008;13;10009;11;;;9998.0;0.0
46;25900;INTARIAN_PEPPER_ROOT;59021;12;59018;8;59015;10;59034;10;59036;11;59038;8;59027.5;0.0
46;26000;ASH_COATED_OSMIUM;9985;14;9984;26;9982;14;10001;10;10004;13;10006;15;9993.0;0.0
46;26000;INTARIAN_PEPPER_ROOT;59021;10;59018;10;59017;11;59032;8;59033;10;59034;10;59027.0;0.0
46;26100;ASH_COATED_OSMIUM;9984;11;9981;13;;;10000;3;10003;14;;;9992.5;0.0
46;26100;INTARIAN_PEPPER_ROOT;59020;8;;;;;59032;9;;;;;59026.5;0.0
46;26200;ASH_COATED_OSMIUM;9992;28;;;;;10008;24;;;;;10000.5;0.0
46;26200;INTARIAN_PEPPER_ROOT;59022;8;59021;12;59020;12;59034;12;59037;12;59039;11;59028.5;0.0
46;26300;ASH_COATED_OSMIUM;9994;10;9993;10;;;10013;25;10016;11;;;10003.5;0.0
46;26300;INTARIAN_PEPPER_ROOT;59021;18;59018;9;59016;10;59036;9;59037;10;59039;12;59028.5;0.0
46;26400;ASH_COATED_OSMIUM;9992;14;9989;14;;;10008;10;10010;11;;;10000.0;0.0
46;26400;INTARIAN_PEPPER_ROOT;59021;8;59020;9;;;59033;10;59034;10;;;59027.0;0.0
46;26500;ASH_COATED_OSMIUM;9998;15;;;;;10014;15;;;;;10006.0;0.0
46;26500;INTARIAN_PEPPER_ROOT;59016;10;59015;12;;;59031;12;59032;8;;;59024.0;0.0
46;26600;ASH_COATED_OSMIUM;9999;15;9996;13;9995;12;10015;11;10016;12;10019;11;10007.0;0.0
46;26600;INTARIAN_PEPPER_ROOT;59019;11;59016;9;59014;12;59038;10;59039;12;59042;8;59028.5;0.0
46;26700;ASH_COATED_OSMIUM;9995;13;;;;;10011;10;;;;;10003.0;0.0
46;26700;INTARIAN_PEPPER_ROOT;59017;16;59016;20;59013;12;59032;8;59035;12;59036;8;59024.5;0.0
46;26800;ASH_COATED_OSMIUM;9995;13;9994;14;;;10011;10;10012;14;;;10003.0;0.0
46;26800;INTARIAN_PEPPER_ROOT;59018;8;59016;10;;;59032;8;59034;12;;;59025.5;0.0
46;26900;ASH_COATED_OSMIUM;9995;15;;;;;10011;14;;;;;10003.5;0.0
46;26900;INTARIAN_PEPPER_ROOT;59019;9;59018;10;;;59032;9;59034;10;;;59026.0;0.0
46;27000;ASH_COATED_OSMIUM;9990;10;9987;13;;;10009;15;10010;14;;;9999.5;0.0
46;27000;INTARIAN_PEPPER_ROOT;59023;8;59020;12;59017;11;59034;8;59036;22;59037;8;59028.5;0.0
46;27100;ASH_COATED_OSMIUM;9996;11;9994;14;9993;11;10008;13;10009;12;10012;12;10002.5;0.0
46;27100;INTARIAN_PEPPER_ROOT;59017;8;59016;16;;;59031;11;59034;18;;;59024.5;0.0
46;27200;ASH_COATED_OSMIUM;9997;11;9995;14;9994;5;10013;11;10014;12;10015;13;10005.5;0.0
46;27200;INTARIAN_PEPPER_ROOT;59024;11;59023;12;59020;11;59036;12;59038;8;59039;11;59030.0;0.0
46;27300;ASH_COATED_OSMIUM;9999;11;9996;13;;;10015;12;10016;15;;;10007.0;0.0
46;27300;INTARIAN_PEPPER_ROOT;59021;3;59019;11;;;59034;7;59036;15;;;59027.5;0.0
46;27400;ASH_COATED_OSMIUM;9997;11;;;;;10013;5;;;;;10005.0;0.0
46;27400;INTARIAN_PEPPER_ROOT;59021;17;59018;19;59017;12;59034;21;59035;9;59038;10;59028.0;0.0
46;27500;ASH_COATED_OSMIUM;9990;10;;;;;10006;14;;;;;9998.0;0.0
46;27500;INTARIAN_PEPPER_ROOT;59023;11;59020;11;;;59036;12;59037;9;;;59030.0;0.0
46;27600;ASH_COATED_OSMIUM;9991;24;;;;;10009;12;;;;;10000.0;0.0
46;27600;INTARIAN_PEPPER_ROOT;59022;23;59020;8;;;59035;11;59038;15;;;59028.5;0.0
46;27700;ASH_COATED_OSMIUM;9998;15;9997;13;;;10014;11;10017;11;;;10006.0;0.0
46;27700;INTARIAN_PEPPER_ROOT;59017;10;;;;;59029;8;;;;;59023.5;0.0
46;27800;ASH_COATED_OSMIUM;9998;10;9996;11;;;10014;13;10015;30;;;10006.5;0.0
46;27800;INTARIAN_PEPPER_ROOT;59018;9;59015;8;;;59032;18;59034;9;;;59025.0;0.0
46;27900;ASH_COATED_OSMIUM;9989;4;;;;;10005;15;;;;;9997.5;0.0
46;27900;INTARIAN_PEPPER_ROOT;59019;11;;;;;59033;12;;;;;59026.5;0.0
46;28000;ASH_COATED_OSMIUM;9995;12;;;;;10011;12;;;;;10003.5;0.0
46;28000;INTARIAN_PEPPER_ROOT;59022;3;59020;11;59018;8;59034;8;59036;8;59039;12;59028.5;0.0
46;28100;ASH_COATED_OSMIUM;9993;13;;;;;10009;13;;;;;10001.5;0.0
46;28100;INTARIAN_PEPPER_ROOT;59023;11;;;;;59035;19;;;;;59029.5;0.0
46;28200;ASH_COATED_OSMIUM;9987;11;;;;;10006;15;;;;;9997.0;0.0
46;28200;INTARIAN_PEPPER_ROOT;59018;12;59015;9;;;59031;11;59032;23;;;59024.5;0.0
46;28300;ASH_COATED_OSMIUM;9990;11;9988;10;9987;13;10009;14;10012;12;10013;15;9999.5;0.0
46;28300;INTARIAN_PEPPER_ROOT;59019;12;59017;10;;;59035;10;59038;9;;;59027.5;0.0
46;28400;ASH_COATED_OSMIUM;9997;13;9994;13;9993;24;10007;13;10010;12;10012;13;10002.0;0.0
46;28400;INTARIAN_PEPPER_ROOT;59023;24;;;;;59036;9;;;;;59030.0;0.0
46;28500;ASH_COATED_OSMIUM;9990;12;;;;;10006;29;;;;;9998.5;0.0
46;28500;INTARIAN_PEPPER_ROOT;59024;8;59022;21;59019;8;59036;12;59038;9;59039;20;59030.5;0.0
46;28600;ASH_COATED_OSMIUM;9992;12;9991;5;9989;11;10008;11;10011;12;10014;14;10000.5;0.0
46;28600;INTARIAN_PEPPER_ROOT;59023;9;;;;;59037;8;;;;;59030.0;0.0
46;28700;ASH_COATED_OSMIUM;9988;15;9986;14;;;10004;15;10006;15;;;9996.5;0.0
46;28700;INTARIAN_PEPPER_ROOT;59019;12;;;;;59032;9;;;;;59025.5;0.0
46;28800;ASH_COATED_OSMIUM;9991;12;9988;2;;;10007;11;10009;10;;;9999.0;0.0
46;28800;INTARIAN_PEPPER_ROOT;59028;11;59026;23;;;59039;11;59040;11;;;59033.5;0.0
46;28900;ASH_COATED_OSMIUM;9992;14;9989;14;;;10010;13;10012;13;;;10001.5;0.0
46;28900;INTARIAN_PEPPER_ROOT;59021;9;59019;8;;;59038;12;59040;18;;;59029.5;0.0
46;29000;ASH_COATED_OSMIUM;9992;11;9991;12;;;10008;13;10011;14;;;10000.5;0.0
46;29000;INTARIAN_PEPPER_ROOT;59024;8;59021;8;;;59037;10;59038;11;;;59030.5;0.0
46;29100;ASH_COATED_OSMIUM;9985;15;9984;13;;;10006;12;10009;14;;;9995.5;0.0
46;29100;INTARIAN_PEPPER_ROOT;59024;18;59021;12;59018;10;59038;10;59041;19;59042;3;59031.5;0.0
46;29200;ASH_COATED_OSMIUM;9987;11;9985;26;9984;15;10005;15;10006;12;10007;11;9996.5;0.0
46;29200;INTARIAN_PEPPER_ROOT;59019;21;59018;9;;;59033;9;59034;9;;;59026.5;0.0
46;29300;ASH_COATED_OSMIUM;9988;25;9987;13;;;10006;10;10009;13;;;9997.5;0.0
46;29300;INTARIAN_PEPPER_ROOT;59022;12;59020;12;;;59037;11;59039;9;;;59030.0;0.0
46;29400;ASH_COATED_OSMIUM;9988;14;9987;11;;;10007;20;10010;11;;;9998.0;0.0
46;29400;INTARIAN_PEPPER_ROOT;59021;4;59018;10;59017;8;59038;9;59039;8;59042;10;59030.0;0.0
46;29500;ASH_COATED_OSMIUM;9993;14;9991;11;;;10009;25;10011;12;;;10001.0;0.0
46;29500;INTARIAN_PEPPER_ROOT;59020;11;;;;;59034;11;;;;;59027.5;0.0
46;29600;ASH_COATED_OSMIUM;9993;12;9990;14;;;10009;13;10010;13;;;10001.5;0.0
46;29600;INTARIAN_PEPPER_ROOT;59023;12;59021;11;;;59037;11;59040;12;;;59030.5;0.0
46;29700;ASH_COATED_OSMIUM;9994;22;9992;12;;;10010;25;10011;13;;;10002.0;0.0
46;29700;INTARIAN_PEPPER_ROOT;59024;15;;;;;59036;10;;;;;59030.0;0.0
46;29800;ASH_COATED_OSMIUM;9996;11;9995;14;;;10014;13;10015;11;;;10005.0;0.0
46;29800;INTARIAN_PEPPER_ROOT;59022;11;59021;20;59018;8;59033;9;59036;9;59039;25;59027.5;0.0
46;29900;ASH_COATED_OSMIUM;10005;13;10004;11;;;10011;22;10014;14;;;10008.0;0.0
46;29900;INTARIAN_PEPPER_ROOT;59021;3;;;;;59033;8;;;;;59027.0;0.0
46;30000;ASH_COATED_OSMIUM;9998;13;9997;12;;;10014;15;10015;15;;;10006.5;0.0
46;30000;INTARIAN_PEPPER_ROOT;59022;18;59020;10;59018;10;59034;9;59036;10;59039;11;59028.0;0.0
46;30100;ASH_COATED_OSMIUM;9999;11;;;;;10017;11;;;;;10008.5;0.0
46;30100;INTARIAN_PEPPER_ROOT;59021;9;59018;8;;;59035;9;59036;11;;;59028.0;0.0
46;30200;ASH_COATED_OSMIUM;9996;11;9993;22;;;10014;10;10016;13;;;10005.0;0.0
46;30200;INTARIAN_PEPPER_ROOT;59021;11;59018;10;59015;12;59035;25;59036;19;59038;9;59028.0;0.0
46;30300;ASH_COATED_OSMIUM;9993;12;9990;14;;;10012;12;10013;23;;;10003.0;0.0
46;30300;INTARIAN_PEPPER_ROOT;59022;10;59020;10;;;59034;8;59035;12;;;59028.5;0.0
46;30400;ASH_COATED_OSMIUM;9995;15;;;;;10011;5;;;;;10003.0;0.0
46;30400;INTARIAN_PEPPER_ROOT;59024;11;59023;12;;;59036;9;59038;22;;;59030.0;0.0
46;30500;ASH_COATED_OSMIUM;9990;13;;;;;10006;30;;;;;9998.5;0.0
46;30500;INTARIAN_PEPPER_ROOT;59021;25;59018;8;;;59037;12;59038;25;;;59029.5;0.0
46;30600;ASH_COATED_OSMIUM;9993;14;9991;26;;;10011;12;10014;15;;;10002.5;0.0
46;30600;INTARIAN_PEPPER_ROOT;59022;9;59021;12;59018;3;59038;9;59040;8;59041;11;59030.5;0.0
46;30700;ASH_COATED_OSMIUM;9991;13;9988;10;;;10007;12;10008;13;;;9999.0;0.0
46;30700;INTARIAN_PEPPER_ROOT;59025;12;59022;9;;;59040;24;59041;8;;;59033.0;0.0
46;30800;ASH_COATED_OSMIUM;10000;13;;;;;10016;11;;;;;10008.5;0.0
46;30800;INTARIAN_PEPPER_ROOT;59024;10;59022;9;59021;9;59039;10;59041;9;59043;10;59031.5;0.0
46;30900;ASH_COATED_OSMIUM;9991;11;;;;;10010;28;;;;;10001.0;0.0
46;30900;INTARIAN_PEPPER_ROOT;59022;10;59020;9;59018;9;59035;10;59038;12;59039;11;59028.5;0.0
46;31000;ASH_COATED_OSMIUM;9990;26;9988;15;9987;15;10006;14;10007;15;10009;15;9998.0;0.0
46;31000;INTARIAN_PEPPER_ROOT;59023;9;;;;;59034;3;;;;;59029.0;0.0
46;31100;ASH_COATED_OSMIUM;9985;13;9982;28;;;10004;14;10007;20;;;9994.5;0.0
46;31100;INTARIAN_PEPPER_ROOT;59025;12;59023;17;;;59042;12;59044;12;;;59033.5;0.0
46;31200;ASH_COATED_OSMIUM;9990;14;9989;10;;;10006;13;10007;14;;;9998.0;0.0
46;31200;INTARIAN_PEPPER_ROOT;59025;11;59024;19;;;59040;19;59041;10;;;59033.0;0.0
46;31300;ASH_COATED_OSMIUM;9986;10;9984;14;;;10002;11;10004;29;;;9994.0;0.0
46;31300;INTARIAN_PEPPER_ROOT;59024;8;59022;10;59021;12;59043;8;59044;11;59045;10;59034.0;0.0
46;31400;ASH_COATED_OSMIUM;9984;10;9983;20;;;10000;10;10002;14;;;9992.5;0.0
46;31400;INTARIAN_PEPPER_ROOT;59032;11;59030;9;;;59034;11;59035;10;;;59033.0;0.0
46;31500;ASH_COATED_OSMIUM;9987;10;9986;5;;;10003;11;10006;12;;;9995.5;0.0
46;31500;INTARIAN_PEPPER_ROOT;59023;9;59022;8;;;59036;9;59038;11;;;59029.5;0.0
46;31600;ASH_COATED_OSMIUM;9984;12;9982;13;9979;13;10003;11;10005;10;10006;10;9994.0;0.0
46;31600;INTARIAN_PEPPER_ROOT;59028;7;;;;;59039;12;;;;;59033.5;0.0
46;31700;ASH_COATED_OSMIUM;9991;13;9989;12;9987;13;10010;15;10013;11;10015;12;10001.0;0.0
46;31700;INTARIAN_PEPPER_ROOT;59023;12;;;;;59036;8;;;;;59029.5;0.0
46;31800;ASH_COATED_OSMIUM;9992;10;9991;25;;;10008;13;10009;15;;;10000.5;0.0
46;31800;INTARIAN_PEPPER_ROOT;59027;12;59024;12;59021;12;59039;12;59041;10;59042;11;59033.0;0.0
46;31900;ASH_COATED_OSMIUM;9996;11;9994;11;;;10012;13;10015;4;;;10004.0;0.0
46;31900;INTARIAN_PEPPER_ROOT;59022;9;59021;11;;;59038;22;59040;11;;;59030.5;0.0
46;32000;ASH_COATED_OSMIUM;9995;10;9994;28;9993;12;10014;12;10016;15;10017;11;10004.5;0.0
46;32000;INTARIAN_PEPPER_ROOT;59027;24;59025;19;59023;9;59040;11;59042;11;59043;12;59033.5;0.0
46;32100;ASH_COATED_OSMIUM;9991;7;;;;;10007;12;;;;;9999.0;0.0
46;32100;INTARIAN_PEPPER_ROOT;59027;24;59024;10;;;59038;12;59041;9;;;59033.0;0.0
46;32200;ASH_COATED_OSMIUM;9997;13;9996;22;9993;13;10013;27;10016;14;10018;10;10005.0;0.0
46;32200;INTARIAN_PEPPER_ROOT;59027;9;;;;;59039;8;;;;;59033.5;0.0
46;32300;ASH_COATED_OSMIUM;9996;12;9995;10;9993;14;10012;4;10014;22;10016;13;10004.0;0.0
46;32300;INTARIAN_PEPPER_ROOT;59029;10;;;;;59041;8;;;;;59035.0;0.0
46;32400;ASH_COATED_OSMIUM;9992;14;9991;13;9990;14;10011;14;10012;22;10014;12;10001.5;0.0
46;32400;INTARIAN_PEPPER_ROOT;59023;11;;;;;59036;12;;;;;59029.5;0.0
46;32500;ASH_COATED_OSMIUM;9992;13;9989;10;;;10010;13;10013;15;;;10001.5;0.0
46;32500;INTARIAN_PEPPER_ROOT;59027;10;;;;;59042;8;;;;;59034.5;0.0
46;32600;ASH_COATED_OSMIUM;9990;13;9988;10;9986;27;10009;11;10011;13;10014;12;9999.5;0.0
46;32600;INTARIAN_PEPPER_ROOT;59029;10;;;;;59044;8;;;;;59037.0;0.0
46;32700;ASH_COATED_OSMIUM;9994;12;9992;12;;;10010;10;10011;23;;;10002.5;0.0
46;32700;INTARIAN_PEPPER_ROOT;59025;8;59022;19;;;59037;5;59039;10;;;59031.0;0.0
46;32800;ASH_COATED_OSMIUM;9987;15;9985;11;;;10005;11;10008;12;;;9996.0;0.0
46;32800;INTARIAN_PEPPER_ROOT;59026;12;59024;9;59022;11;59039;9;59041;7;59044;8;59033.0;0.0
46;32900;ASH_COATED_OSMIUM;9988;13;;;;;10004;27;;;;;9996.5;0.0
46;32900;INTARIAN_PEPPER_ROOT;59024;11;59021;12;59020;9;59037;10;59038;12;59039;10;59031.0;0.0
46;33000;ASH_COATED_OSMIUM;9985;12;;;;;10004;12;;;;;9995.0;0.0
46;33000;INTARIAN_PEPPER_ROOT;59027;8;;;;;59038;12;;;;;59033.0;0.0
46;33100;ASH_COATED_OSMIUM;9987;15;9986;13;;;10003;15;10005;11;;;9995.5;0.0
46;33100;INTARIAN_PEPPER_ROOT;59028;12;59026;10;;;59040;10;59042;8;;;59034.5;0.0
46;33200;ASH_COATED_OSMIUM;9985;10;9983;11;9981;4;10001;12;10004;10;10006;10;9993.5;0.0
46;33200;INTARIAN_PEPPER_ROOT;59028;12;59025;21;;;59036;20;59038;8;;;59032.0;0.0
46;33300;ASH_COATED_OSMIUM;9991;20;9988;14;;;10007;10;10008;15;;;9999.5;0.0
46;33300;INTARIAN_PEPPER_ROOT;59029;11;59028;12;;;59042;9;59045;16;;;59036.0;0.0
46;33400;ASH_COATED_OSMIUM;9995;11;9994;26;;;10011;12;10012;11;;;10003.0;0.0
46;33400;INTARIAN_PEPPER_ROOT;59026;12;59025;9;;;59042;8;59044;12;;;59034.0;0.0
46;33500;ASH_COATED_OSMIUM;9990;2;9987;28;;;10006;12;10009;13;;;9998.5;0.0
46;33500;INTARIAN_PEPPER_ROOT;59026;9;59023;12;;;59043;8;59044;12;;;59034.5;0.0
46;33600;ASH_COATED_OSMIUM;9992;12;9991;13;;;10008;12;10011;29;;;10000.0;0.0
46;33600;INTARIAN_PEPPER_ROOT;59030;11;59029;9;59026;10;59043;9;59045;11;59047;11;59036.5;0.0
46;33700;ASH_COATED_OSMIUM;9991;15;;;;;10007;14;;;;;9999.0;0.0
46;33700;INTARIAN_PEPPER_ROOT;59029;11;59028;12;59027;9;59042;9;59045;11;59047;9;59036.0;0.0
46;33800;ASH_COATED_OSMIUM;9990;25;9989;14;;;10008;14;10009;30;;;9999.0;0.0
46;33800;INTARIAN_PEPPER_ROOT;59031;12;59028;9;59026;10;59044;11;59046;10;59049;10;59037.5;0.0
46;33900;ASH_COATED_OSMIUM;9989;12;9988;13;;;10005;10;10007;15;;;9997.0;0.0
46;33900;INTARIAN_PEPPER_ROOT;59027;10;59024;10;;;59039;19;59040;9;;;59033.0;0.0
46;34000;ASH_COATED_OSMIUM;9981;15;9978;11;;;10000;15;10002;14;;;9990.5;0.0
46;34000;INTARIAN_PEPPER_ROOT;59021;10;59019;8;;;59037;10;59040;10;;;59029.5;0.0
46;34100;ASH_COATED_OSMIUM;9982;13;9980;10;9978;14;9998;12;10001;14;10003;14;9990.0;0.0
46;34100;INTARIAN_PEPPER_ROOT;59025;8;;;;;59038;11;;;;;59032.0;0.0
46;34200;ASH_COATED_OSMIUM;9984;14;9982;14;;;10000;12;10003;11;;;9992.5;0.0
46;34200;INTARIAN_PEPPER_ROOT;59032;11;59031;24;;;59043;12;59045;10;;;59037.5;0.0
46;34300;ASH_COATED_OSMIUM;9987;12;9984;10;;;9995;14;9996;10;;;9991.5;0.0
46;34300;INTARIAN_PEPPER_ROOT;59025;25;59022;9;;;59039;10;59041;9;;;59032.5;0.0
46;34400;ASH_COATED_OSMIUM;9982;10;9980;12;;;10000;11;10003;29;;;9991.5;0.0
46;34400;INTARIAN_PEPPER_ROOT;59028;12;59026;11;;;59041;25;59044;12;;;59035.0;0.0
46;34500;ASH_COATED_OSMIUM;9989;13;9987;12;;;10002;15;10005;15;;;9996.0;0.0
46;34500;INTARIAN_PEPPER_ROOT;59030;9;59027;12;59025;11;59042;20;59045;11;59047;10;59036.5;0.0
46;34600;ASH_COATED_OSMIUM;9990;13;9988;14;;;10000;14;10001;11;;;9995.0;0.0
46;34600;INTARIAN_PEPPER_ROOT;59028;12;59025;16;;;59041;8;59043;12;;;59035.0;0.0
46;34700;ASH_COATED_OSMIUM;9987;13;9985;12;9983;10;10003;12;10005;10;10006;4;9995.0;0.0
46;34700;INTARIAN_PEPPER_ROOT;59029;11;;;;;59043;8;;;;;59036.5;0.0
46;34800;ASH_COATED_OSMIUM;9992;14;;;;;10008;11;;;;;10000.5;0.0
46;34800;INTARIAN_PEPPER_ROOT;59031;9;59029;22;59028;8;59047;8;59049;8;59051;8;59039.0;0.0
46;34900;ASH_COATED_OSMIUM;9989;15;9987;10;;;10008;11;10009;10;;;9998.5;0.0
46;34900;INTARIAN_PEPPER_ROOT;59024;12;59023;8;;;59040;9;59042;9;;;59032.5;0.0
46;35000;ASH_COATED_OSMIUM;9993;15;9992;15;;;10009;12;10010;5;;;10001.5;0.0
46;35000;INTARIAN_PEPPER_ROOT;59027;12;;;;;59039;9;;;;;59033.0;0.0
46;35100;ASH_COATED_OSMIUM;9994;10;9993;12;;;10013;13;10015;24;;;10004.0;0.0
46;35100;INTARIAN_PEPPER_ROOT;59033;10;59032;11;;;59041;9;59042;8;;;59037.0;0.0
46;35200;ASH_COATED_OSMIUM;9992;11;9989;10;;;10008;13;10011;11;;;10000.5;0.0
46;35200;INTARIAN_PEPPER_ROOT;59029;11;59026;10;59025;21;59040;18;59042;10;59043;8;59035.0;0.0
46;35300;ASH_COATED_OSMIUM;9991;14;9990;12;;;10009;15;10012;13;;;10000.5;0.0
46;35300;INTARIAN_PEPPER_ROOT;59030;16;59027;9;;;59044;23;59045;11;;;59037.0;0.0
46;35400;ASH_COATED_OSMIUM;9999;12;;;;;10008;15;;;;;10003.5;0.0
46;35400;INTARIAN_PEPPER_ROOT;59024;9;59023;25;59020;10;59038;11;59040;10;59042;11;59031.0;0.0
46;35500;ASH_COATED_OSMIUM;9994;10;9992;13;;;10010;22;10012;15;;;10002.0;0.0
46;35500;INTARIAN_PEPPER_ROOT;59032;11;;;;;59043;9;;;;;59037.5;0.0
46;35600;ASH_COATED_OSMIUM;9993;15;9992;26;;;10012;11;10013;14;;;10002.5;0.0
46;35600;INTARIAN_PEPPER_ROOT;59029;10;;;;;59043;8;;;;;59036.0;0.0
46;35700;ASH_COATED_OSMIUM;9986;10;;;;;10002;24;;;;;9994.5;0.0
46;35700;INTARIAN_PEPPER_ROOT;59029;11;59027;21;59026;9;59041;10;59042;8;59045;8;59035.0;0.0
46;35800;ASH_COATED_OSMIUM;9989;12;;;;;10008;15;;;;;9999.0;0.0
46;35800;INTARIAN_PEPPER_ROOT;59028;10;;;;;59042;12;;;;;59035.0;0.0
46;35900;ASH_COATED_OSMIUM;9985;14;9983;10;9980;13;10001;29;10003;26;10006;14;9993.0;0.0
46;35900;INTARIAN_PEPPER_ROOT;59034;8;59033;9;59032;9;59045;21;59047;12;59050;24;59040.0;0.0
46;36000;ASH_COATED_OSMIUM;9983;15;9980;4;9978;25;10002;13;10003;10;10006;20;9993.0;0.0
46;36000;INTARIAN_PEPPER_ROOT;59028;8;59026;10;;;59044;9;59045;11;;;59036.0;0.0
46;36100;ASH_COATED_OSMIUM;9985;15;9982;3;;;10001;22;10003;14;;;9993.0;0.0
46;36100;INTARIAN_PEPPER_ROOT;59029;11;59027;8;59026;10;59040;12;59042;10;59045;3;59035.0;0.0
46;36200;ASH_COATED_OSMIUM;9980;12;9979;13;9977;14;9996;12;9998;14;10000;26;9988.5;0.0
46;36200;INTARIAN_PEPPER_ROOT;59029;10;59026;11;59025;10;59042;9;59045;15;59046;12;59035.5;0.0
46;36300;ASH_COATED_OSMIUM;9981;13;9978;11;;;9997;30;9998;12;;;9989.5;0.0
46;36300;INTARIAN_PEPPER_ROOT;59031;12;59028;12;59026;11;59045;8;59047;11;59049;11;59038.0;0.0
46;36400;ASH_COATED_OSMIUM;9982;15;;;;;9993;12;;;;;9988.0;0.0
46;36400;INTARIAN_PEPPER_ROOT;59031;20;59029;12;59028;12;59044;9;59046;9;59049;9;59038.0;0.0
46;36500;ASH_COATED_OSMIUM;9975;15;;;;;9994;20;;;;;9985.0;0.0
46;36500;INTARIAN_PEPPER_ROOT;59026;10;59023;11;59021;8;59042;10;59044;12;59046;9;59034.5;0.0
46;36600;ASH_COATED_OSMIUM;9982;12;;;;;9998;13;;;;;9990.5;0.0
46;36600;INTARIAN_PEPPER_ROOT;59032;7;;;;;59045;9;;;;;59039.0;0.0
46;36700;ASH_COATED_OSMIUM;9981;27;9978;12;;;9997;23;10000;13;;;9989.0;0.0
46;36700;INTARIAN_PEPPER_ROOT;59033;9;59031;11;59029;11;59046;8;59048;9;59050;10;59039.5;0.0
46;36800;ASH_COATED_OSMIUM;9985;11;9982;22;9979;15;10001;14;10004;10;10006;11;9993.5;0.0
46;36800;INTARIAN_PEPPER_ROOT;59032;8;;;;;59044;10;;;;;59038.0;0.0
46;36900;ASH_COATED_OSMIUM;9987;10;;;;;10003;14;;;;;9995.0;0.0
46;36900;INTARIAN_PEPPER_ROOT;59037;8;59034;10;;;59049;10;59052;21;;;59043.0;0.0
46;37000;ASH_COATED_OSMIUM;9985;10;9982;10;;;10001;15;10003;20;;;9993.5;0.0
46;37000;INTARIAN_PEPPER_ROOT;59028;8;59025;10;;;59042;9;59043;11;;;59035.0;0.0
46;37100;ASH_COATED_OSMIUM;9987;11;9985;10;9984;15;10005;15;10006;14;10007;13;9996.5;0.0
46;37100;INTARIAN_PEPPER_ROOT;59034;9;;;;;59047;15;;;;;59040.5;0.0
46;37200;ASH_COATED_OSMIUM;9997;15;;;;;10013;11;;;;;10005.0;0.0
46;37200;INTARIAN_PEPPER_ROOT;59031;9;59029;10;59026;9;59046;9;59047;12;59050;12;59038.5;0.0
46;37300;ASH_COATED_OSMIUM;9988;11;9985;14;;;10004;13;10005;14;;;9996.0;0.0
46;37300;INTARIAN_PEPPER_ROOT;59029;10;59027;10;;;59042;10;59044;10;;;59036.0;0.0
46;37400;ASH_COATED_OSMIUM;9990;15;9988;12;;;10008;22;10011;11;;;9999.5;0.0
46;37400;INTARIAN_PEPPER_ROOT;59030;9;59029;11;59028;18;59044;10;59045;9;59046;8;59037.5;0.0
46;37500;ASH_COATED_OSMIUM;9987;10;9984;14;;;10003;14;10006;13;;;9995.5;0.0
46;37500;INTARIAN_PEPPER_ROOT;59031;18;;;;;59045;11;;;;;59038.5;0.0
46;37600;ASH_COATED_OSMIUM;9987;14;9986;13;;;10003;12;10004;15;;;9995.5;0.0
46;37600;INTARIAN_PEPPER_ROOT;59030;8;59027;9;;;59044;11;59045;10;;;59037.0;0.0
46;37700;ASH_COATED_OSMIUM;9986;10;9985;13;9984;15;10002;22;10003;27;10005;13;9994.5;0.0
46;37700;INTARIAN_PEPPER_ROOT;59027;9;59026;12;;;59042;8;59045;9;;;59035.0;0.0
46;37800;ASH_COATED_OSMIUM;9994;15;9993;24;;;10010;12;10011;11;;;10002.5;0.0
46;37800;INTARIAN_PEPPER_ROOT;59028;11;59026;25;59025;11;59043;18;59046;8;59047;9;59035.5;0.0
46;37900;ASH_COATED_OSMIUM;9996;22;9994;10;;;10012;26;10014;12;;;10004.0;0.0
46;37900;INTARIAN_PEPPER_ROOT;59032;12;;;;;59043;15;;;;;59037.5;0.0
46;38000;ASH_COATED_OSMIUM;9998;13;9996;10;9995;14;10007;10;10008;15;10011;10;10002.5;0.0
46;38000;INTARIAN_PEPPER_ROOT;59030;10;59027;24;59026;9;59047;9;59048;22;59050;10;59038.5;0.0
46;38100;ASH_COATED_OSMIUM;9999;10;9998;20;;;10008;11;10009;10;;;10003.5;0.0
46;38100;INTARIAN_PEPPER_ROOT;59033;10;59031;11;;;59044;12;59045;8;;;59039.0;0.0
46;38200;ASH_COATED_OSMIUM;9994;12;9991;12;;;10012;25;10014;13;;;10003.5;0.0
46;38200;INTARIAN_PEPPER_ROOT;59029;15;59028;10;;;59044;12;59045;12;;;59037.0;0.0
46;38300;ASH_COATED_OSMIUM;9994;13;9993;15;9991;22;10010;11;10011;5;10012;10;10002.0;0.0
46;38300;INTARIAN_PEPPER_ROOT;59034;10;59031;11;;;59047;8;59049;11;;;59040.5;0.0
46;38400;ASH_COATED_OSMIUM;9993;11;9990;10;9989;12;10009;20;10010;7;10012;10;10001.0;0.0
46;38400;INTARIAN_PEPPER_ROOT;59031;11;;;;;59047;8;;;;;59039.5;0.0
46;38500;ASH_COATED_OSMIUM;9985;28;9984;14;;;10001;11;10002;24;;;9993.0;0.0
46;38500;INTARIAN_PEPPER_ROOT;59031;9;;;;;59044;10;;;;;59037.5;0.0
46;38600;ASH_COATED_OSMIUM;9986;15;9984;12;;;10002;11;10004;15;;;9994.0;0.0
46;38600;INTARIAN_PEPPER_ROOT;59030;8;;;;;59042;8;;;;;59036.0;0.0
46;38700;ASH_COATED_OSMIUM;9985;13;9983;10;9981;13;10001;12;10002;10;10005;13;9993.5;0.0
46;38700;INTARIAN_PEPPER_ROOT;59033;8;59032;22;;;59047;8;59049;22;;;59040.5;0.0
46;38800;ASH_COATED_OSMIUM;9979;14;;;;;9998;22;;;;;9988.5;0.0
46;38800;INTARIAN_PEPPER_ROOT;59030;8;59027;10;59026;10;59042;12;59043;11;59044;12;59036.5;0.0
46;38900;ASH_COATED_OSMIUM;9989;7;9988;14;;;10007;13;10010;11;;;9998.0;0.0
46;38900;INTARIAN_PEPPER_ROOT;59034;10;59033;24;59031;12;59045;10;59048;17;59049;23;59039.5;0.0
46;39000;ASH_COATED_OSMIUM;9995;14;9992;10;;;10011;12;10013;13;;;10003.5;0.0
46;39000;INTARIAN_PEPPER_ROOT;59031;19;59030;8;59027;16;59044;8;59047;19;59049;8;59037.5;0.0
46;39100;ASH_COATED_OSMIUM;9986;14;9983;13;9980;13;10004;10;10007;12;10010;29;9995.0;0.0
46;39100;INTARIAN_PEPPER_ROOT;59031;10;59029;8;59027;9;59044;22;59045;8;59046;11;59038.0;0.0
46;39200;ASH_COATED_OSMIUM;9991;14;;;;;10001;13;;;;;9996.5;0.0
46;39200;INTARIAN_PEPPER_ROOT;59031;17;59030;8;;;59045;17;59046;8;;;59038.5;0.0
46;39300;ASH_COATED_OSMIUM;9983;25;9980;30;;;9999;11;10002;10;;;9991.5;0.0
46;39300;INTARIAN_PEPPER_ROOT;59037;9;;;;;59050;8;;;;;59044.0;0.0
46;39400;ASH_COATED_OSMIUM;9987;11;9986;14;9984;15;9998;12;9999;10;10000;15;9993.0;0.0
46;39400;INTARIAN_PEPPER_ROOT;59036;8;59033;8;59031;10;59053;12;59055;11;59056;12;59045.0;0.0
46;39500;ASH_COATED_OSMIUM;9989;13;;;;;10007;15;;;;;9998.0;0.0
46;39500;INTARIAN_PEPPER_ROOT;59030;8;59027;12;59026;10;59045;22;59046;9;59049;23;59037.5;0.0
46;39600;ASH_COATED_OSMIUM;9991;10;9990;11;9987;24;10007;29;10008;15;10010;13;9999.5;0.0
46;39600;INTARIAN_PEPPER_ROOT;59031;12;59028;8;;;59045;23;59048;8;;;59038.5;0.0
46;39700;ASH_COATED_OSMIUM;9989;2;9988;12;;;10007;14;10009;14;;;9998.0;0.0
46;39700;INTARIAN_PEPPER_ROOT;59030;10;;;;;59044;12;;;;;59037.5;0.0
46;39800;ASH_COATED_OSMIUM;9989;15;;;;;10005;13;;;;;9997.5;0.0
46;39800;INTARIAN_PEPPER_ROOT;59030;9;59029;11;59027;25;59044;22;59046;12;59047;11;59037.5;0.0
46;39900;ASH_COATED_OSMIUM;9993;14;9991;15;;;10009;14;10010;15;;;10001.0;0.0
46;39900;INTARIAN_PEPPER_ROOT;59034;4;59033;16;59030;12;59049;11;59050;12;59051;11;59041.5;0.0
46;40000;ASH_COATED_OSMIUM;9996;11;9995;10;;;10012;11;10013;10;;;10004.0;0.0
46;40000;INTARIAN_PEPPER_ROOT;59035;17;59033;12;59030;11;59048;22;59050;19;59051;10;59042.0;0.0
46;40100;ASH_COATED_OSMIUM;9994;11;9993;13;;;10003;11;10006;15;;;9999.0;0.0
46;40100;INTARIAN_PEPPER_ROOT;59033;8;59030;8;59029;11;59046;11;59047;11;59049;8;59039.5;0.0
46;40200;ASH_COATED_OSMIUM;9990;10;;;;;10006;10;;;;;9998.0;0.0
46;40200;INTARIAN_PEPPER_ROOT;59035;11;;;;;59046;11;;;;;59041.0;0.0
46;40300;ASH_COATED_OSMIUM;9990;29;9987;10;;;10006;10;10007;14;;;9998.0;0.0
46;40300;INTARIAN_PEPPER_ROOT;59032;22;;;;;59046;11;;;;;59039.5;0.0
46;40400;ASH_COATED_OSMIUM;9990;13;9988;21;9987;12;10009;12;10011;14;10013;11;10000.0;0.0
46;40400;INTARIAN_PEPPER_ROOT;59034;12;59033;8;59030;25;59048;10;59051;10;59052;9;59041.5;0.0
46;40500;ASH_COATED_OSMIUM;9992;12;9991;12;;;10008;2;10009;11;;;10000.5;0.0
46;40500;INTARIAN_PEPPER_ROOT;59031;9;59030;10;;;59046;9;59048;8;;;59039.0;0.0
46;40600;ASH_COATED_OSMIUM;10000;23;;;;;10006;13;;;;;10003.0;0.0
46;40600;INTARIAN_PEPPER_ROOT;59037;23;;;;;59050;8;;;;;59044.0;0.0
46;40700;ASH_COATED_OSMIUM;9993;15;9992;14;9989;12;10009;11;10012;12;10015;10;10001.0;0.0
46;40700;INTARIAN_PEPPER_ROOT;59034;10;59032;8;;;59048;21;59050;8;;;59041.0;0.0
46;40800;ASH_COATED_OSMIUM;9998;14;9997;24;;;10003;13;10004;10;;;10001.0;0.0
46;40800;INTARIAN_PEPPER_ROOT;59037;11;;;;;59051;11;;;;;59044.0;0.0
46;40900;ASH_COATED_OSMIUM;9993;10;9991;12;;;10012;12;10014;15;;;10003.0;0.0
46;40900;INTARIAN_PEPPER_ROOT;59040;20;59037;8;59035;9;59051;10;59053;11;59054;10;59045.5;0.0
46;41000;ASH_COATED_OSMIUM;9988;11;9987;15;9984;10;10006;10;10007;11;10009;15;9997.0;0.0
46;41000;INTARIAN_PEPPER_ROOT;59034;11;59032;11;;;59046;8;59047;8;;;59040.0;0.0
46;41100;ASH_COATED_OSMIUM;9995;12;9994;15;9993;10;10011;14;10013;13;10014;15;10003.5;0.0
46;41100;INTARIAN_PEPPER_ROOT;59038;8;;;;;59052;8;;;;;59045.5;0.0
46;41200;ASH_COATED_OSMIUM;9993;15;9992;13;;;10011;13;10013;13;;;10002.5;0.0
46;41200;INTARIAN_PEPPER_ROOT;59032;16;59030;9;;;59043;10;59044;9;;;59038.0;0.0
46;41300;ASH_COATED_OSMIUM;9994;30;9993;12;;;10010;14;10012;11;;;10002.5;0.0
46;41300;INTARIAN_PEPPER_ROOT;59036;12;;;;;59051;11;;;;;59043.5;0.0
46;41400;ASH_COATED_OSMIUM;9997;12;9994;14;;;10013;14;10014;10;;;10005.5;0.0
46;41400;INTARIAN_PEPPER_ROOT;59043;12;59042;8;59040;8;59046;10;59048;10;59049;25;59044.5;0.0
46;41500;ASH_COATED_OSMIUM;9995;14;9992;15;9991;14;10011;11;10012;10;10015;15;10003.5;0.0
46;41500;INTARIAN_PEPPER_ROOT;59042;11;;;;;59044;8;;;;;59043.5;0.0
46;41600;ASH_COATED_OSMIUM;9994;11;;;;;10003;12;;;;;9998.5;0.0
46;41600;INTARIAN_PEPPER_ROOT;59034;11;;;;;59049;21;;;;;59042.0;0.0
46;41700;ASH_COATED_OSMIUM;9994;11;9991;14;;;10010;14;10012;13;;;10002.0;0.0
46;41700;INTARIAN_PEPPER_ROOT;59038;9;59036;12;;;59043;15;59045;9;;;59040.5;0.0
46;41800;ASH_COATED_OSMIUM;9993;2;9990;14;9987;30;10006;27;10008;12;10010;15;10000.0;0.0
46;41800;INTARIAN_PEPPER_ROOT;59032;12;59031;5;59030;11;59049;8;59051;8;59054;11;59041.0;0.0
46;41900;ASH_COATED_OSMIUM;9992;11;;;;;10008;15;;;;;10000.0;0.0
46;41900;INTARIAN_PEPPER_ROOT;59034;11;;;;;59049;12;;;;;59041.5;0.0
46;42000;ASH_COATED_OSMIUM;9988;28;9987;14;;;9998;10;10001;11;;;9993.0;0.0
46;42000;INTARIAN_PEPPER_ROOT;59037;24;;;;;59050;8;;;;;59044.0;0.0
46;42100;ASH_COATED_OSMIUM;9988;10;9986;24;;;10007;20;10008;14;;;9997.5;0.0
46;42100;INTARIAN_PEPPER_ROOT;59031;20;;;;;59052;12;;;;;59041.5;0.0
46;42200;ASH_COATED_OSMIUM;9994;10;9991;13;;;10010;13;10011;26;;;10002.0;0.0
46;42200;INTARIAN_PEPPER_ROOT;59035;12;;;;;59049;9;;;;;59042.0;0.0
46;42300;ASH_COATED_OSMIUM;9990;10;9988;15;;;10006;15;10008;11;;;9998.5;0.0
46;42300;INTARIAN_PEPPER_ROOT;59038;24;59036;10;;;59051;3;59052;10;;;59044.5;0.0
46;42400;ASH_COATED_OSMIUM;10003;13;10000;11;;;10013;12;10016;14;;;10008.0;0.0
46;42400;INTARIAN_PEPPER_ROOT;59038;9;59035;12;;;59052;10;59054;11;;;59045.0;0.0
46;42500;ASH_COATED_OSMIUM;10002;12;9999;14;;;10012;11;10015;26;;;10007.0;0.0
46;42500;INTARIAN_PEPPER_ROOT;59039;18;;;;;59050;11;;;;;59044.5;0.0
46;42600;ASH_COATED_OSMIUM;9995;15;9992;15;9990;14;10011;14;10014;15;10017;12;10003.5;0.0
46;42600;INTARIAN_PEPPER_ROOT;59035;12;;;;;59049;12;;;;;59042.0;0.0
46;42700;ASH_COATED_OSMIUM;9999;10;;;;;10008;15;;;;;10003.5;0.0
46;42700;INTARIAN_PEPPER_ROOT;59041;17;;;;;59054;9;;;;;59047.5;0.0
46;42800;ASH_COATED_OSMIUM;9991;14;9988;12;;;10007;14;10010;13;;;9999.0;0.0
46;42800;INTARIAN_PEPPER_ROOT;59038;10;59036;9;;;59050;10;59053;8;;;59044.0;0.0
46;42900;ASH_COATED_OSMIUM;9992;15;;;;;10002;29;;;;;9997.0;0.0
46;42900;INTARIAN_PEPPER_ROOT;59038;12;59037;10;;;59050;8;59053;11;;;59044.5;0.0
46;43000;ASH_COATED_OSMIUM;9989;13;9988;14;9987;13;10005;13;10007;10;10008;12;9997.5;0.0
46;43000;INTARIAN_PEPPER_ROOT;59034;21;;;;;59047;9;;;;;59040.5;0.0
46;43100;ASH_COATED_OSMIUM;9997;2;9996;25;;;10013;13;10015;24;;;10005.0;0.0
46;43100;INTARIAN_PEPPER_ROOT;59035;8;59034;9;;;59050;10;59052;15;;;59042.5;0.0
46;43200;ASH_COATED_OSMIUM;10001;13;9999;13;;;10012;15;10014;11;;;10006.5;0.0
46;43200;INTARIAN_PEPPER_ROOT;59035;11;;;;;59049;8;;;;;59042.5;0.0
46;43300;ASH_COATED_OSMIUM;9999;14;9996;15;9995;13;10015;10;10018;21;10021;29;10007.0;0.0
46;43300;INTARIAN_PEPPER_ROOT;59035;9;59034;9;59033;9;59051;8;59052;9;59054;16;59043.0;0.0
46;43400;ASH_COATED_OSMIUM;9997;14;9996;21;;;10013;11;10015;27;;;10005.5;0.0
46;43400;INTARIAN_PEPPER_ROOT;59038;11;;;;;59052;18;;;;;59045.0;0.0
46;43500;ASH_COATED_OSMIUM;10002;11;9999;10;;;10018;10;10021;11;;;10010.5;0.0
46;43500;INTARIAN_PEPPER_ROOT;59040;12;59038;18;59035;9;59054;10;59057;12;59058;25;59047.0;0.0
46;43600;ASH_COATED_OSMIUM;10000;11;;;;;10013;14;;;;;10006.5;0.0
46;43600;INTARIAN_PEPPER_ROOT;59035;9;59032;11;;;59049;8;59051;11;;;59042.5;0.0
46;43700;ASH_COATED_OSMIUM;10003;12;;;;;10016;15;;;;;10009.5;0.0
46;43700;INTARIAN_PEPPER_ROOT;59035;8;59034;9;;;59046;8;59049;23;;;59041.0;0.0
46;43800;ASH_COATED_OSMIUM;9998;23;;;;;10017;12;;;;;10007.5;0.0
46;43800;INTARIAN_PEPPER_ROOT;59038;22;59035;9;;;59051;21;59052;11;;;59045.0;0.0
46;43900;ASH_COATED_OSMIUM;10010;11;;;;;10016;12;;;;;10013.0;0.0
46;43900;INTARIAN_PEPPER_ROOT;59043;11;59041;9;;;59056;10;59059;8;;;59049.5;0.0
46;44000;ASH_COATED_OSMIUM;9999;15;9996;14;9994;29;10015;13;10017;14;10018;26;10007.0;0.0
46;44000;INTARIAN_PEPPER_ROOT;59038;9;59036;10;;;59052;9;59055;8;;;59045.0;0.0
46;44100;ASH_COATED_OSMIUM;9994;26;9991;25;9990;11;10013;14;10014;11;10016;13;10004.0;0.0
46;44100;INTARIAN_PEPPER_ROOT;59038;9;59036;9;;;59053;9;59055;3;;;59045.5;0.0
46;44200;ASH_COATED_OSMIUM;9992;14;;;;;10010;27;;;;;10001.5;0.0
46;44200;INTARIAN_PEPPER_ROOT;59042;10;59039;8;59036;11;59054;21;59055;24;59058;11;59048.0;0.0
46;44300;ASH_COATED_OSMIUM;9996;15;9993;13;9990;29;10012;13;10015;13;10017;10;10004.5;0.0
46;44300;INTARIAN_PEPPER_ROOT;59040;10;59037;11;;;59051;11;59054;9;;;59045.5;0.0
46;44400;ASH_COATED_OSMIUM;9995;15;9992;15;9990;11;10011;13;10014;13;10015;14;10003.0;0.0
46;44400;INTARIAN_PEPPER_ROOT;59038;10;59035;11;;;59052;8;59055;8;;;59045.5;0.0
46;44500;ASH_COATED_OSMIUM;9999;14;9996;13;;;10015;11;10018;11;;;10007.5;0.0
46;44500;INTARIAN_PEPPER_ROOT;59035;8;;;;;59049;10;;;;;59042.0;0.0
46;44600;ASH_COATED_OSMIUM;9992;15;9990;27;;;10008;12;10011;15;;;10000.0;0.0
46;44600;INTARIAN_PEPPER_ROOT;59038;22;59037;10;;;59049;11;59050;21;;;59044.0;0.0
46;44700;ASH_COATED_OSMIUM;9992;30;9990;27;9989;13;10008;11;10011;13;10013;11;10000.0;0.0
46;44700;INTARIAN_PEPPER_ROOT;59034;25;59033;8;59031;10;59045;9;59048;11;59049;12;59040.0;0.0
46;44800;ASH_COATED_OSMIUM;9988;13;9987;11;;;10007;11;10009;14;;;9998.0;0.0
46;44800;INTARIAN_PEPPER_ROOT;59031;12;59029;15;59028;10;59048;12;59049;11;59051;8;59039.5;0.0
46;44900;ASH_COATED_OSMIUM;9990;10;9987;10;;;10006;10;10009;13;;;9998.0;0.0
46;44900;INTARIAN_PEPPER_ROOT;59034;15;;;;;59051;8;;;;;59043.0;0.0
46;45000;ASH_COATED_OSMIUM;9993;21;;;;;10009;10;;;;;10001.0;0.0
46;45000;INTARIAN_PEPPER_ROOT;59041;20;59038;12;59035;10;59053;12;59054;12;59055;10;59047.0;0.0
46;45100;ASH_COATED_OSMIUM;9996;14;;;;;10005;24;;;;;10000.5;0.0
46;45100;INTARIAN_PEPPER_ROOT;59039;12;59037;8;;;59052;8;59053;8;;;59046.0;0.0
46;45200;ASH_COATED_OSMIUM;9997;12;9994;10;;;10013;13;10014;11;;;10005.5;0.0
46;45200;INTARIAN_PEPPER_ROOT;59042;10;59040;12;;;59054;10;59057;25;;;59048.0;0.0
46;45300;ASH_COATED_OSMIUM;9994;14;9992;14;;;10013;14;10016;15;;;10004.0;0.0
46;45300;INTARIAN_PEPPER_ROOT;59038;10;59035;10;59034;21;59055;9;59056;11;59058;8;59046.5;0.0
46;45400;ASH_COATED_OSMIUM;9988;11;9985;13;9982;12;10004;13;10005;14;10006;12;9996.5;0.0
46;45400;INTARIAN_PEPPER_ROOT;59037;9;59034;8;59031;12;59053;22;59054;10;59057;12;59045.0;0.0
46;45500;ASH_COATED_OSMIUM;9986;11;9983;15;;;10002;12;10005;11;;;9994.0;0.0
46;45500;INTARIAN_PEPPER_ROOT;59042;10;59039;23;59036;8;59056;9;59059;11;59062;8;59049.5;0.0
46;45600;ASH_COATED_OSMIUM;9985;11;9982;11;;;10001;29;10004;10;;;9993.0;0.0
46;45600;INTARIAN_PEPPER_ROOT;59041;8;59038;10;59035;23;59053;12;59056;9;59058;11;59047.5;0.0
46;45700;ASH_COATED_OSMIUM;9983;11;9980;12;9977;7;9999;15;10001;14;10002;23;9991.5;0.0
46;45700;INTARIAN_PEPPER_ROOT;59037;9;59036;12;;;59050;10;59053;8;;;59043.5;0.0
46;45800;ASH_COATED_OSMIUM;9985;14;9982;12;9981;27;10001;14;10003;11;10006;14;9993.5;0.0
46;45800;INTARIAN_PEPPER_ROOT;59042;20;59040;10;59038;12;59055;12;59057;11;59059;10;59048.5;0.0
46;45900;ASH_COATED_OSMIUM;9982;11;;;;;9998;10;;;;;9990.5;0.0
46;45900;INTARIAN_PEPPER_ROOT;59034;8;;;;;59048;11;;;;;59041.5;0.0
46;46000;ASH_COATED_OSMIUM;9984;11;;;;;10003;7;;;;;9994.0;0.0
46;46000;INTARIAN_PEPPER_ROOT;59037;11;59035;9;59034;11;59051;11;59054;11;59057;12;59044.0;0.0
46;46100;ASH_COATED_OSMIUM;9986;13;9984;15;9981;12;10005;11;10007;12;10010;4;9995.5;0.0
46;46100;INTARIAN_PEPPER_ROOT;59039;10;59036;9;59035;10;59051;9;59052;8;59055;9;59045.0;0.0
46;46200;ASH_COATED_OSMIUM;9990;15;9987;12;9984;10;10001;15;10003;14;10005;13;9995.5;0.0
46;46200;INTARIAN_PEPPER_ROOT;59042;8;59041;19;;;59054;9;59055;9;;;59048.5;0.0
46;46300;ASH_COATED_OSMIUM;9986;30;9985;12;;;10002;12;10005;15;;;9994.5;0.0
46;46300;INTARIAN_PEPPER_ROOT;59046;15;59044;11;;;59058;10;59059;12;;;59052.5;0.0
46;46400;ASH_COATED_OSMIUM;9986;11;9985;11;9983;11;10002;12;10005;12;10007;11;9994.0;0.0
46;46400;INTARIAN_PEPPER_ROOT;59042;24;59041;10;59039;20;59053;16;59054;3;59057;9;59048.0;0.0
46;46500;ASH_COATED_OSMIUM;9988;13;9986;11;9984;23;10004;11;10007;12;10010;13;9996.0;0.0
46;46500;INTARIAN_PEPPER_ROOT;59041;17;;;;;59058;9;;;;;59050.0;0.0
46;46600;ASH_COATED_OSMIUM;9987;4;9985;10;9983;12;10005;10;10008;15;10010;7;9996.0;0.0
46;46600;INTARIAN_PEPPER_ROOT;59040;8;;;;;59054;11;;;;;59047.5;0.0
46;46700;ASH_COATED_OSMIUM;9986;11;;;;;10002;15;;;;;9994.5;0.0
46;46700;INTARIAN_PEPPER_ROOT;59037;12;59036;9;59033;16;59050;12;59053;12;59054;23;59043.5;0.0
46;46800;ASH_COATED_OSMIUM;9988;12;9987;11;9984;24;10007;12;10010;12;10011;10;9998.0;0.0
46;46800;INTARIAN_PEPPER_ROOT;59037;10;59034;8;;;59049;10;59050;12;;;59043.5;0.0
46;46900;ASH_COATED_OSMIUM;9991;4;9989;8;;;10007;14;10009;13;;;9999.0;0.0
46;46900;INTARIAN_PEPPER_ROOT;59042;10;59039;8;59038;8;59055;21;59057;12;59060;9;59049.0;0.0
46;47000;ASH_COATED_OSMIUM;9990;10;;;;;10006;10;;;;;9998.5;0.0
46;47000;INTARIAN_PEPPER_ROOT;59045;9;59042;8;59041;11;59057;8;59059;9;59062;9;59051.5;0.0
46;47100;ASH_COATED_OSMIUM;9986;11;9983;10;9982;15;10002;24;10004;12;10007;13;9994.5;0.0
46;47100;INTARIAN_PEPPER_ROOT;59036;8;59033;8;59030;11;59048;9;59050;10;59053;18;59042.0;0.0
46;47200;ASH_COATED_OSMIUM;9990;30;9987;10;;;10006;10;10009;2;;;9998.0;0.0
46;47200;INTARIAN_PEPPER_ROOT;59035;10;;;;;59055;8;;;;;59045.0;0.0
46;47300;ASH_COATED_OSMIUM;9989;12;9986;11;;;10005;11;10007;14;;;9997.5;0.0
46;47300;INTARIAN_PEPPER_ROOT;59035;8;;;;;59048;10;;;;;59041.5;0.0
46;47400;ASH_COATED_OSMIUM;9997;26;9994;3;;;10013;11;10014;21;;;10005.5;0.0
46;47400;INTARIAN_PEPPER_ROOT;59038;10;59035;12;59032;11;59050;12;59052;12;59053;12;59044.0;0.0
46;47500;ASH_COATED_OSMIUM;9990;11;9989;14;9987;22;10009;12;10012;11;10013;14;9999.5;0.0
46;47500;INTARIAN_PEPPER_ROOT;59039;18;;;;;59052;11;;;;;59046.0;0.0
46;47600;ASH_COATED_OSMIUM;9995;14;9993;28;9990;10;10011;10;10014;12;10017;24;10003.0;0.0
46;47600;INTARIAN_PEPPER_ROOT;59040;17;59039;8;;;59052;11;59054;9;;;59046.5;0.0
46;47700;ASH_COATED_OSMIUM;9995;11;9994;10;9991;13;10013;28;10016;12;10018;10;10004.0;0.0
46;47700;INTARIAN_PEPPER_ROOT;59041;12;59039;8;59036;16;59054;16;59055;9;59057;11;59047.5;0.0
46;47800;ASH_COATED_OSMIUM;9998;15;9995;11;;;10014;13;10016;15;;;10006.5;0.0
46;47800;INTARIAN_PEPPER_ROOT;59045;10;59044;8;;;59056;8;59059;8;;;59051.0;0.0
46;47900;ASH_COATED_OSMIUM;10000;10;9998;14;9997;11;10016;12;10017;13;10018;12;10008.5;0.0
46;47900;INTARIAN_PEPPER_ROOT;59042;9;;;;;59054;9;;;;;59048.5;0.0
46;48000;ASH_COATED_OSMIUM;9999;13;9998;21;;;10015;14;10018;4;;;10007.5;0.0
46;48000;INTARIAN_PEPPER_ROOT;59040;11;59038;12;;;59057;24;59059;8;;;59049.0;0.0
46;48100;ASH_COATED_OSMIUM;9998;10;9996;15;;;10014;12;10015;12;;;10006.5;0.0
46;48100;INTARIAN_PEPPER_ROOT;59044;11;59042;10;;;59060;10;59062;12;;;59052.0;0.0
46;48200;ASH_COATED_OSMIUM;9999;12;9996;12;;;10015;10;10016;14;;;10007.0;0.0
46;48200;INTARIAN_PEPPER_ROOT;59042;9;59040;9;59039;8;59054;5;59056;12;59059;24;59048.0;0.0
46;48300;ASH_COATED_OSMIUM;9991;11;9988;14;;;10007;14;10009;14;;;9999.5;0.0
46;48300;INTARIAN_PEPPER_ROOT;59041;9;;;;;59058;11;;;;;59049.5;0.0
46;48400;ASH_COATED_OSMIUM;9988;10;;;;;10004;10;;;;;9996.5;0.0
46;48400;INTARIAN_PEPPER_ROOT;59039;11;;;;;59053;11;;;;;59046.0;0.0
46;48500;ASH_COATED_OSMIUM;9987;10;9986;13;;;10003;12;10006;6;;;9995.0;0.0
46;48500;INTARIAN_PEPPER_ROOT;59037;11;;;;;59057;9;;;;;59047.5;0.0
46;48600;ASH_COATED_OSMIUM;9983;12;9982;12;9980;10;10001;27;10003;13;10004;3;9992.5;0.0
46;48600;INTARIAN_PEPPER_ROOT;59039;12;59037;12;59034;12;59052;22;59053;10;59055;10;59046.0;0.0
46;48700;ASH_COATED_OSMIUM;9984;11;;;;;10000;15;;;;;9992.5;0.0
46;48700;INTARIAN_PEPPER_ROOT;59040;11;59038;18;59035;10;59053;12;59054;10;59057;8;59046.5;0.0
46;48800;ASH_COATED_OSMIUM;9985;12;9982;13;9980;13;10001;10;10002;30;10005;13;9993.5;0.0
46;48800;INTARIAN_PEPPER_ROOT;59044;11;59043;11;59042;20;59060;5;59061;15;59062;9;59052.0;0.0
46;48900;ASH_COATED_OSMIUM;9989;10;9986;15;;;10005;15;10008;15;;;9997.5;0.0
46;48900;INTARIAN_PEPPER_ROOT;59039;9;59036;8;59033;22;59054;23;59057;21;59058;12;59047.0;0.0
46;49000;ASH_COATED_OSMIUM;9991;13;;;;;10007;13;;;;;9999.0;0.0
46;49000;INTARIAN_PEPPER_ROOT;59044;16;;;;;59059;11;;;;;59051.5;0.0
46;49100;ASH_COATED_OSMIUM;9991;14;9988;3;;;10007;12;10008;12;;;9999.5;0.0
46;49100;INTARIAN_PEPPER_ROOT;59043;9;59040;11;;;59057;8;59060;12;;;59050.5;0.0
46;49200;ASH_COATED_OSMIUM;9990;11;9987;12;;;10006;11;10007;14;;;9998.5;0.0
46;49200;INTARIAN_PEPPER_ROOT;59043;12;59042;12;59041;8;59055;8;59058;8;59061;10;59049.5;0.0
46;49300;ASH_COATED_OSMIUM;9990;15;9988;22;;;10006;11;10009;23;;;9998.5;0.0
46;49300;INTARIAN_PEPPER_ROOT;59045;10;;;;;59057;11;;;;;59051.5;0.0
46;49400;ASH_COATED_OSMIUM;9991;10;9988;13;;;10007;12;10009;12;;;9999.0;0.0
46;49400;INTARIAN_PEPPER_ROOT;59042;5;59040;9;59039;9;59053;16;59054;9;59055;10;59048.0;0.0
46;49500;ASH_COATED_OSMIUM;9989;13;9986;13;9983;12;10005;15;10008;15;10009;12;9997.5;0.0
46;49500;INTARIAN_PEPPER_ROOT;59044;22;59042;11;59039;10;59057;18;59058;12;59061;11;59050.5;0.0
46;49600;ASH_COATED_OSMIUM;9992;26;9989;10;;;10008;12;10011;15;;;10000.0;0.0
46;49600;INTARIAN_PEPPER_ROOT;59046;22;59044;10;59043;11;59057;23;59059;8;59060;10;59052.0;0.0
46;49700;ASH_COATED_OSMIUM;9990;12;9989;14;;;10006;14;10009;11;;;9998.5;0.0
46;49700;INTARIAN_PEPPER_ROOT;59042;10;59041;12;;;59056;10;59058;9;;;59049.5;0.0
46;49800;ASH_COATED_OSMIUM;9985;15;9983;15;9981;14;10001;13;10003;15;10005;15;9993.0;0.0
46;49800;INTARIAN_PEPPER_ROOT;59043;9;;;;;59056;9;;;;;59050.0;0.0
46;49900;ASH_COATED_OSMIUM;9988;27;9986;22;;;10007;21;10008;12;;;9997.5;0.0
46;49900;INTARIAN_PEPPER_ROOT;59043;15;59041;12;;;59055;10;59057;11;;;59049.5;0.0
46;50000;ASH_COATED_OSMIUM;9994;14;9992;14;9990;13;10010;11;10012;15;10014;13;10002.5;0.0
46;50000;INTARIAN_PEPPER_ROOT;59041;23;59040;12;;;59056;10;59059;16;;;59049.0;0.0
46;50100;ASH_COATED_OSMIUM;9999;11;9996;15;;;10005;15;10006;11;;;10002.5;0.0
46;50100;INTARIAN_PEPPER_ROOT;59045;9;59042;8;59039;8;59059;8;59062;9;59064;10;59052.0;0.0
46;50200;ASH_COATED_OSMIUM;10003;10;10001;15;9999;10;10014;27;10015;15;10016;13;10009.0;0.0
46;50200;INTARIAN_PEPPER_ROOT;59042;21;59039;10;;;59056;9;59058;11;;;59049.5;0.0
46;50300;ASH_COATED_OSMIUM;10001;15;;;;;10017;11;;;;;10009.5;0.0
46;50300;INTARIAN_PEPPER_ROOT;59040;10;59037;20;;;59055;11;59058;7;;;59048.0;0.0
46;50400;ASH_COATED_OSMIUM;9997;14;9996;12;9994;14;10013;11;10016;10;10017;2;10005.0;0.0
46;50400;INTARIAN_PEPPER_ROOT;59043;12;;;;;59054;8;;;;;59049.0;0.0
46;50500;ASH_COATED_OSMIUM;9994;10;9991;13;9988;12;10010;14;10012;29;10013;14;10002.0;0.0
46;50500;INTARIAN_PEPPER_ROOT;59039;12;59037;12;59036;9;59051;12;59053;9;59054;11;59045.0;0.0
46;50600;ASH_COATED_OSMIUM;9996;12;;;;;10015;29;;;;;10006.0;0.0
46;50600;INTARIAN_PEPPER_ROOT;59045;10;59043;12;59042;9;59058;8;59061;8;59063;9;59052.0;0.0
46;50700;ASH_COATED_OSMIUM;10000;13;;;;;10016;23;;;;;10008.5;0.0
46;50700;INTARIAN_PEPPER_ROOT;59048;9;59046;23;;;59050;9;59053;10;;;59049.0;0.0
46;50800;ASH_COATED_OSMIUM;9996;15;9993;15;;;10014;13;10017;12;;;10005.0;0.0
46;50800;INTARIAN_PEPPER_ROOT;59045;17;;;;;59061;11;;;;;59053.0;0.0
46;50900;ASH_COATED_OSMIUM;9995;10;;;;;10011;11;;;;;10003.0;0.0
46;50900;INTARIAN_PEPPER_ROOT;59041;9;59039;9;;;59057;3;59060;10;;;59049.0;0.0
46;51000;ASH_COATED_OSMIUM;9997;13;;;;;10013;12;;;;;10005.5;0.0
46;51000;INTARIAN_PEPPER_ROOT;59043;8;59042;23;;;59056;10;59058;9;;;59049.5;0.0
46;51100;ASH_COATED_OSMIUM;10000;15;;;;;10018;13;;;;;10009.5;0.0
46;51100;INTARIAN_PEPPER_ROOT;59046;22;;;;;59058;11;;;;;59052.0;0.0
46;51200;ASH_COATED_OSMIUM;9994;14;;;;;10010;12;;;;;10002.0;0.0
46;51200;INTARIAN_PEPPER_ROOT;59042;12;59039;9;;;59058;11;59060;11;;;59050.0;0.0
46;51300;ASH_COATED_OSMIUM;9998;14;9995;15;;;10014;11;10016;4;;;10006.5;0.0
46;51300;INTARIAN_PEPPER_ROOT;59045;10;59044;10;;;59057;12;59059;8;;;59051.5;0.0
46;51400;ASH_COATED_OSMIUM;9995;12;9993;14;;;10011;10;10012;23;;;10003.0;0.0
46;51400;INTARIAN_PEPPER_ROOT;59049;12;59047;11;59046;11;59061;12;59063;12;59064;10;59055.0;0.0
46;51500;ASH_COATED_OSMIUM;9987;15;9984;12;9982;15;10003;10;10004;12;10006;10;9995.5;0.0
46;51500;INTARIAN_PEPPER_ROOT;59039;16;;;;;59052;11;;;;;59046.0;0.0
46;51600;ASH_COATED_OSMIUM;9985;11;9982;11;9980;15;10004;12;10007;14;10009;23;9995.0;0.0
46;51600;INTARIAN_PEPPER_ROOT;59042;22;;;;;59055;10;;;;;59049.0;0.0
46;51700;ASH_COATED_OSMIUM;9990;14;;;;;10006;13;;;;;9998.0;0.0
46;51700;INTARIAN_PEPPER_ROOT;59043;12;;;;;59056;9;;;;;59050.0;0.0
46;51800;ASH_COATED_OSMIUM;9985;23;;;;;10001;13;;;;;9993.5;0.0
46;51800;INTARIAN_PEPPER_ROOT;59047;9;;;;;59051;8;;;;;59049.5;0.0
46;51900;ASH_COATED_OSMIUM;9989;14;;;;;10005;12;;;;;9997.0;0.0
46;51900;INTARIAN_PEPPER_ROOT;59045;10;59042;15;;;59059;10;59062;7;;;59052.5;0.0
46;52000;ASH_COATED_OSMIUM;9992;13;;;;;10010;13;;;;;10001.5;0.0
46;52000;INTARIAN_PEPPER_ROOT;59041;9;59040;11;;;59053;10;59055;8;;;59047.5;0.0
46;52100;ASH_COATED_OSMIUM;9999;10;;;;;10015;13;;;;;10007.0;0.0
46;52100;INTARIAN_PEPPER_ROOT;59043;11;;;;;59055;8;;;;;59049.0;0.0
46;52200;ASH_COATED_OSMIUM;9992;12;;;;;10008;13;;;;;10000.0;0.0
46;52200;INTARIAN_PEPPER_ROOT;59048;8;59045;11;59044;8;59060;9;59062;11;59065;15;59054.0;0.0
46;52300;ASH_COATED_OSMIUM;9990;12;9989;4;9987;11;10006;12;10009;28;10010;15;9998.0;0.0
46;52300;INTARIAN_PEPPER_ROOT;59044;8;59041;8;59040;11;59056;10;59059;10;59060;7;59050.5;0.0
46;52400;ASH_COATED_OSMIUM;9989;13;;;;;10008;25;;;;;9998.5;0.0
46;52400;INTARIAN_PEPPER_ROOT;59044;11;;;;;59061;9;;;;;59053.0;0.0
46;52500;ASH_COATED_OSMIUM;9987;6;9984;12;;;10003;14;10005;21;;;9995.0;0.0
46;52500;INTARIAN_PEPPER_ROOT;59048;12;59046;12;59044;11;59059;9;59061;6;59064;12;59054.0;0.0
46;52600;ASH_COATED_OSMIUM;9985;14;9983;26;;;10001;14;10004;13;;;9993.5;0.0
46;52600;INTARIAN_PEPPER_ROOT;59043;8;;;;;59056;10;;;;;59050.0;0.0
46;52700;ASH_COATED_OSMIUM;9984;28;9981;11;9978;10;10000;6;10002;12;10005;11;9992.0;0.0
46;52700;INTARIAN_PEPPER_ROOT;59045;12;59043;11;;;59057;8;59058;8;;;59051.0;0.0
46;52800;ASH_COATED_OSMIUM;9990;15;9989;14;9986;5;10006;13;10007;11;10008;26;9998.0;0.0
46;52800;INTARIAN_PEPPER_ROOT;59047;12;59046;8;;;59059;8;59060;6;;;59053.0;0.0
46;52900;ASH_COATED_OSMIUM;9989;13;9987;13;;;10007;12;10008;14;;;9998.0;0.0
46;52900;INTARIAN_PEPPER_ROOT;59044;12;59042;12;;;59057;8;59060;12;;;59051.0;0.0
46;53000;ASH_COATED_OSMIUM;10000;29;9999;10;;;10007;14;10008;11;;;10003.5;0.0
46;53000;INTARIAN_PEPPER_ROOT;59046;10;;;;;59057;8;;;;;59052.0;0.0
46;53100;ASH_COATED_OSMIUM;9991;12;;;;;10009;15;;;;;10000.5;0.0
46;53100;INTARIAN_PEPPER_ROOT;59047;10;59045;8;59044;22;59062;10;59064;8;59067;12;59054.5;0.0
46;53200;ASH_COATED_OSMIUM;9990;11;9987;12;9984;24;10006;11;10008;15;10010;12;9998.0;0.0
46;53200;INTARIAN_PEPPER_ROOT;59049;25;59046;12;;;59060;9;59062;11;;;59055.0;0.0
46;53300;ASH_COATED_OSMIUM;9990;27;9989;21;;;10006;15;10009;12;;;9998.0;0.0
46;53300;INTARIAN_PEPPER_ROOT;59050;9;;;;;59064;9;;;;;59057.5;0.0
46;53400;ASH_COATED_OSMIUM;9992;15;;;;;10013;24;;;;;10002.5;0.0
46;53400;INTARIAN_PEPPER_ROOT;59049;8;59047;12;59046;9;59062;10;59064;10;59065;11;59056.0;0.0
46;53500;ASH_COATED_OSMIUM;9996;13;9993;10;9992;11;10012;14;10013;21;10016;10;10004.0;0.0
46;53500;INTARIAN_PEPPER_ROOT;59051;8;59050;6;;;59062;25;59064;8;;;59057.0;0.0
46;53600;ASH_COATED_OSMIUM;9994;11;9993;15;9991;13;10013;13;10014;10;10015;14;10003.5;0.0
46;53600;INTARIAN_PEPPER_ROOT;59045;19;;;;;59057;10;;;;;59051.5;0.0
46;53700;ASH_COATED_OSMIUM;9991;14;;;;;10007;13;;;;;9999.0;0.0
46;53700;INTARIAN_PEPPER_ROOT;59048;12;;;;;59062;9;;;;;59055.5;0.0
46;53800;ASH_COATED_OSMIUM;9989;15;9986;12;9985;13;10005;11;10008;13;10009;10;9997.5;0.0
46;53800;INTARIAN_PEPPER_ROOT;59049;11;59048;21;59046;12;59061;15;59064;9;59065;20;59055.5;0.0
46;53900;ASH_COATED_OSMIUM;9989;13;9986;24;;;10005;14;10007;26;;;9997.5;0.0
46;53900;INTARIAN_PEPPER_ROOT;59045;10;;;;;59058;9;;;;;59052.0;0.0
46;54000;ASH_COATED_OSMIUM;9989;14;9987;13;;;10005;14;10006;15;;;9997.5;0.0
46;54000;INTARIAN_PEPPER_ROOT;59052;11;59049;4;59048;12;59061;9;59064;9;59067;23;59056.5;0.0
46;54100;ASH_COATED_OSMIUM;9990;12;9987;14;9986;11;10006;11;10008;11;10011;12;9998.5;0.0
46;54100;INTARIAN_PEPPER_ROOT;59051;10;59050;10;;;59064;12;59066;8;;;59058.0;0.0
46;54200;ASH_COATED_OSMIUM;9986;10;;;;;10002;4;;;;;9994.5;0.0
46;54200;INTARIAN_PEPPER_ROOT;59046;12;59044;10;;;59060;24;59063;8;;;59053.5;0.0
46;54300;ASH_COATED_OSMIUM;9995;10;;;;;10000;12;;;;;9998.0;0.0
46;54300;INTARIAN_PEPPER_ROOT;59044;11;59043;10;59041;23;59059;10;59061;12;59062;8;59051.5;0.0
46;54400;ASH_COATED_OSMIUM;9991;11;9988;13;9985;24;10007;10;10010;15;10012;22;9999.5;0.0
46;54400;INTARIAN_PEPPER_ROOT;59049;9;59048;25;;;59061;12;59063;22;;;59055.0;0.0
46;54500;ASH_COATED_OSMIUM;9994;10;9992;14;;;10013;20;10016;4;;;10003.5;0.0
46;54500;INTARIAN_PEPPER_ROOT;59046;19;59043;5;59041;9;59060;11;59063;8;59065;11;59053.5;0.0
46;54600;ASH_COATED_OSMIUM;10000;10;9999;14;9996;10;10018;12;10019;11;10020;4;10009.5;0.0
46;54600;INTARIAN_PEPPER_ROOT;59054;12;59052;8;;;59066;10;59067;7;;;59060.0;0.0
46;54700;ASH_COATED_OSMIUM;9994;22;9991;11;9988;12;10010;14;10013;20;10015;12;10002.5;0.0
46;54700;INTARIAN_PEPPER_ROOT;59047;8;59046;11;;;59064;19;59067;10;;;59056.0;0.0
46;54800;ASH_COATED_OSMIUM;9995;14;9994;14;9992;13;10011;10;10014;14;10017;11;10003.5;0.0
46;54800;INTARIAN_PEPPER_ROOT;59053;16;59052;8;59050;12;59064;25;59065;8;59066;8;59058.5;0.0
46;54900;ASH_COATED_OSMIUM;9992;13;9991;12;9988;15;10010;12;10011;12;10014;23;10001.5;0.0
46;54900;INTARIAN_PEPPER_ROOT;59052;9;59050;10;;;59064;25;59067;11;;;59058.0;0.0
46;55000;ASH_COATED_OSMIUM;9993;12;9992;13;9990;13;10009;15;10012;15;10014;14;10001.0;0.0
46;55000;INTARIAN_PEPPER_ROOT;59043;12;59042;8;;;59056;12;59059;12;;;59049.5;0.0
46;55100;ASH_COATED_OSMIUM;9997;11;9994;10;9993;12;10013;11;10016;11;10018;12;10005.0;0.0
46;55100;INTARIAN_PEPPER_ROOT;59046;10;59044;8;;;59062;11;59065;12;;;59054.0;0.0
46;55200;ASH_COATED_OSMIUM;9999;11;9996;10;;;10018;11;10019;13;;;10008.5;0.0
46;55200;INTARIAN_PEPPER_ROOT;59047;8;59045;11;;;59059;9;59060;9;;;59053.0;0.0
46;55300;ASH_COATED_OSMIUM;9994;13;;;;;10010;14;;;;;10002.0;0.0
46;55300;INTARIAN_PEPPER_ROOT;59048;12;59046;5;;;59062;12;59063;12;;;59055.0;0.0
46;55400;ASH_COATED_OSMIUM;9991;10;9989;11;;;10007;28;10010;12;;;9999.0;0.0
46;55400;INTARIAN_PEPPER_ROOT;59048;24;59045;8;;;59065;18;59067;9;;;59056.5;0.0
46;55500;ASH_COATED_OSMIUM;9992;10;9990;15;;;10010;11;10012;15;;;10001.5;0.0
46;55500;INTARIAN_PEPPER_ROOT;59051;25;59049;9;59046;9;59063;8;59066;8;59068;16;59057.5;0.0
46;55600;ASH_COATED_OSMIUM;9992;10;9990;14;;;10008;14;10009;11;;;10000.5;0.0
46;55600;INTARIAN_PEPPER_ROOT;59055;8;;;;;59057;12;;;;;59056.0;0.0
46;55700;ASH_COATED_OSMIUM;9989;14;9987;21;;;10005;11;10008;15;;;9997.5;0.0
46;55700;INTARIAN_PEPPER_ROOT;59052;9;;;;;59065;12;;;;;59058.5;0.0
46;55800;ASH_COATED_OSMIUM;9987;13;9984;12;9983;13;10003;28;10005;15;10007;14;9995.0;0.0
46;55800;INTARIAN_PEPPER_ROOT;59051;10;59049;9;;;59063;8;59066;21;;;59057.0;0.0
46;55900;ASH_COATED_OSMIUM;9990;13;9987;10;9984;15;10006;14;10007;15;10010;12;9998.0;0.0
46;55900;INTARIAN_PEPPER_ROOT;59049;11;;;;;59063;8;;;;;59056.0;0.0
46;56000;ASH_COATED_OSMIUM;9991;12;9988;13;;;10007;13;10010;14;;;9999.5;0.0
46;56000;INTARIAN_PEPPER_ROOT;59051;11;;;;;59065;19;;;;;59058.5;0.0
46;56100;ASH_COATED_OSMIUM;9987;12;9984;14;9981;14;10003;13;10006;14;10007;12;9995.0;0.0
46;56100;INTARIAN_PEPPER_ROOT;59051;12;59049;12;59048;18;59062;23;59064;11;59066;11;59057.0;0.0
46;56200;ASH_COATED_OSMIUM;9988;22;;;;;10004;30;;;;;9996.5;0.0
46;56200;INTARIAN_PEPPER_ROOT;59050;10;;;;;59062;11;;;;;59056.0;0.0
46;56300;ASH_COATED_OSMIUM;9990;26;9987;11;9986;14;10006;10;10008;12;10011;14;9998.5;0.0
46;56300;INTARIAN_PEPPER_ROOT;59048;9;59046;12;;;59061;19;59064;11;;;59054.5;0.0
46;56400;ASH_COATED_OSMIUM;9994;15;9993;13;;;10010;30;10012;12;;;10002.0;0.0
46;56400;INTARIAN_PEPPER_ROOT;59049;12;59047;8;;;59061;10;59064;9;;;59055.0;0.0
46;56500;ASH_COATED_OSMIUM;9990;10;9989;11;;;10006;10;10007;26;;;9998.0;0.0
46;56500;INTARIAN_PEPPER_ROOT;59049;15;59047;10;;;59062;10;59063;10;;;59055.5;0.0
46;56600;ASH_COATED_OSMIUM;9994;9;;;;;10004;15;;;;;9999.0;0.0
46;56600;INTARIAN_PEPPER_ROOT;59051;11;59050;10;;;59065;18;59066;10;;;59058.0;0.0
46;56700;ASH_COATED_OSMIUM;9988;13;;;;;10004;14;;;;;9996.0;0.0
46;56700;INTARIAN_PEPPER_ROOT;59048;8;59045;9;;;59061;9;59063;11;;;59055.0;0.0
46;56800;ASH_COATED_OSMIUM;9993;12;9990;24;;;10009;11;10012;15;;;10001.0;0.0
46;56800;INTARIAN_PEPPER_ROOT;59047;12;59046;11;;;59059;8;59061;9;;;59053.5;0.0
46;56900;ASH_COATED_OSMIUM;9996;10;;;;;10012;15;;;;;10004.0;0.0
46;56900;INTARIAN_PEPPER_ROOT;59049;11;59046;16;;;59064;11;59066;8;;;59057.0;0.0
46;57000;ASH_COATED_OSMIUM;9998;10;9995;12;;;10014;12;10017;3;;;10006.0;0.0
46;57000;INTARIAN_PEPPER_ROOT;59053;12;;;;;59065;10;;;;;59059.0;0.0
46;57100;ASH_COATED_OSMIUM;10001;29;10000;10;;;10011;27;10012;2;;;10006.5;0.0
46;57100;INTARIAN_PEPPER_ROOT;59053;11;59052;24;;;59065;18;59067;10;;;59059.0;0.0
46;57200;ASH_COATED_OSMIUM;9999;14;;;;;10015;14;;;;;10007.0;0.0
46;57200;INTARIAN_PEPPER_ROOT;59052;11;59050;10;59049;21;59063;8;59064;8;59065;10;59058.0;0.0
46;57300;ASH_COATED_OSMIUM;9996;13;9995;10;9992;14;10012;12;10015;10;10016;12;10004.5;0.0
46;57300;INTARIAN_PEPPER_ROOT;59053;12;59051;9;;;59067;23;59068;22;;;59060.5;0.0
46;57400;ASH_COATED_OSMIUM;9993;2;9992;12;9990;15;10009;10;10012;22;10013;23;10001.5;0.0
46;57400;INTARIAN_PEPPER_ROOT;59052;10;59050;5;;;59069;11;59071;25;;;59060.5;0.0
46;57500;ASH_COATED_OSMIUM;9996;22;9995;11;;;10012;15;10013;20;;;10004.5;0.0
46;57500;INTARIAN_PEPPER_ROOT;59048;10;59045;8;;;59062;12;59064;10;;;59055.5;0.0
46;57600;ASH_COATED_OSMIUM;9995;15;;;;;10014;23;;;;;10004.5;0.0
46;57600;INTARIAN_PEPPER_ROOT;59049;12;;;;;59062;12;;;;;59056.0;0.0
46;57700;ASH_COATED_OSMIUM;9994;28;;;;;10012;10;;;;;10003.5;0.0
46;57700;INTARIAN_PEPPER_ROOT;59049;15;59046;8;;;59061;11;59062;9;;;59055.5;0.0
46;57800;ASH_COATED_OSMIUM;9997;11;9996;15;9993;10;10013;14;10016;10;10017;15;10005.5;0.0
46;57800;INTARIAN_PEPPER_ROOT;59057;9;59056;8;;;59061;10;59062;10;;;59059.5;0.0
46;57900;ASH_COATED_OSMIUM;9993;12;;;;;10009;13;;;;;10001.5;0.0
46;57900;INTARIAN_PEPPER_ROOT;59051;9;;;;;59065;12;;;;;59058.5;0.0
46;58000;ASH_COATED_OSMIUM;9990;20;;;;;10006;15;;;;;9998.5;0.0
46;58000;INTARIAN_PEPPER_ROOT;59047;10;59045;10;59044;8;59062;23;59064;16;59065;21;59055.0;0.0
46;58100;ASH_COATED_OSMIUM;9987;14;9986;28;9984;12;10003;13;10006;10;10007;26;9995.5;0.0
46;58100;INTARIAN_PEPPER_ROOT;59052;3;;;;;59064;10;;;;;59058.0;0.0
46;58200;ASH_COATED_OSMIUM;9988;14;9987;30;9986;22;10004;20;10006;11;10009;14;9996.0;0.0
46;58200;INTARIAN_PEPPER_ROOT;59054;10;59052;8;59049;9;59069;23;59071;12;59072;9;59062.0;0.0
46;58300;ASH_COATED_OSMIUM;9981;30;;;;;9999;13;;;;;9990.5;0.0
46;58300;INTARIAN_PEPPER_ROOT;59051;8;59050;8;59048;10;59063;12;59065;8;59066;9;59057.5;0.0
46;58400;ASH_COATED_OSMIUM;9981;12;9978;11;9975;12;9997;12;9998;12;9999;13;9989.5;0.0
46;58400;INTARIAN_PEPPER_ROOT;59052;9;59050;8;59048;11;59066;11;59067;12;59069;6;59059.0;0.0
46;58500;ASH_COATED_OSMIUM;9986;10;;;;;10002;15;;;;;9994.0;0.0
46;58500;INTARIAN_PEPPER_ROOT;59051;9;;;;;59063;11;;;;;59057.5;0.0
46;58600;ASH_COATED_OSMIUM;9986;30;9983;26;9980;12;10005;10;10008;26;10009;10;9996.0;0.0
46;58600;INTARIAN_PEPPER_ROOT;59050;12;;;;;59064;8;;;;;59057.5;0.0
46;58700;ASH_COATED_OSMIUM;9989;15;9988;14;;;10005;11;10006;14;;;9997.0;0.0
46;58700;INTARIAN_PEPPER_ROOT;59047;12;59046;12;59044;19;59062;10;59064;19;59067;12;59054.5;0.0
46;58800;ASH_COATED_OSMIUM;9987;12;9986;15;;;10003;12;10006;26;;;9995.5;0.0
46;58800;INTARIAN_PEPPER_ROOT;59054;7;;;;;59068;9;;;;;59061.5;0.0
46;58900;ASH_COATED_OSMIUM;9987;10;9984;12;9981;13;10003;14;10006;14;10008;14;9995.5;0.0
46;58900;INTARIAN_PEPPER_ROOT;59049;11;59048;9;;;59066;11;59068;17;;;59058.0;0.0
46;59000;ASH_COATED_OSMIUM;9986;10;9983;13;9980;13;10004;13;10007;12;10008;14;9995.0;0.0
46;59000;INTARIAN_PEPPER_ROOT;59049;11;59046;10;;;59066;9;59068;24;;;59058.0;0.0
46;59100;ASH_COATED_OSMIUM;9989;15;;;;;10005;11;;;;;9997.0;0.0
46;59100;INTARIAN_PEPPER_ROOT;59053;9;59051;12;;;59065;8;59067;12;;;59059.0;0.0
46;59200;ASH_COATED_OSMIUM;9985;27;9984;10;9983;13;10003;15;10004;28;10005;10;9994.5;0.0
46;59200;INTARIAN_PEPPER_ROOT;59052;10;59049;11;59048;12;59066;12;59067;11;59069;9;59059.0;0.0
46;59300;ASH_COATED_OSMIUM;9988;14;;;;;10004;14;;;;;9996.5;0.0
46;59300;INTARIAN_PEPPER_ROOT;59051;8;59048;10;59045;25;59067;7;59068;5;59069;8;59059.0;0.0
46;59400;ASH_COATED_OSMIUM;9992;14;;;;;10008;12;;;;;10000.0;0.0
46;59400;INTARIAN_PEPPER_ROOT;59056;8;59055;9;59053;10;59060;10;59063;9;59066;9;59058.5;0.0
46;59500;ASH_COATED_OSMIUM;9992;13;9991;11;;;10008;28;10009;13;;;10000.0;0.0
46;59500;INTARIAN_PEPPER_ROOT;59050;10;;;;;59063;9;;;;;59056.5;0.0
46;59600;ASH_COATED_OSMIUM;9990;13;9989;12;9988;12;10006;11;10008;12;10010;13;9998.5;0.0
46;59600;INTARIAN_PEPPER_ROOT;59055;22;59053;10;;;59067;19;59070;8;;;59061.0;0.0
46;59700;ASH_COATED_OSMIUM;9995;28;9993;20;9991;11;10014;11;10016;30;10017;27;10005.0;0.0
46;59700;INTARIAN_PEPPER_ROOT;59053;8;;;;;59066;12;;;;;59060.0;0.0
46;59800;ASH_COATED_OSMIUM;9994;14;;;;;10010;13;;;;;10002.5;0.0
46;59800;INTARIAN_PEPPER_ROOT;59053;11;59051;11;59050;11;59067;25;59068;8;59071;10;59060.5;0.0
46;59900;ASH_COATED_OSMIUM;9996;15;9995;5;;;10012;10;10014;13;;;10004.5;0.0
46;59900;INTARIAN_PEPPER_ROOT;59051;10;;;;;59064;12;;;;;59058.0;0.0
46;60000;ASH_COATED_OSMIUM;9994;28;9992;15;;;10010;23;10011;13;;;10002.5;0.0
46;60000;INTARIAN_PEPPER_ROOT;59052;9;59051;11;;;59064;11;59067;10;;;59058.0;0.0
46;60100;ASH_COATED_OSMIUM;9997;11;;;;;10013;28;;;;;10005.5;0.0
46;60100;INTARIAN_PEPPER_ROOT;59050;10;;;;;59062;9;;;;;59056.5;0.0
46;60200;ASH_COATED_OSMIUM;9996;12;9994;10;;;10012;10;10015;13;;;10004.5;0.0
46;60200;INTARIAN_PEPPER_ROOT;59052;8;;;;;59066;11;;;;;59059.5;0.0
46;60300;ASH_COATED_OSMIUM;9991;11;;;;;10010;12;;;;;10000.5;0.0
46;60300;INTARIAN_PEPPER_ROOT;59058;9;59057;9;;;59069;12;59070;8;;;59063.5;0.0
46;60400;ASH_COATED_OSMIUM;9991;15;9989;11;;;10007;12;10010;20;;;9999.5;0.0
46;60400;INTARIAN_PEPPER_ROOT;59051;9;;;;;59065;9;;;;;59058.5;0.0
46;60500;ASH_COATED_OSMIUM;9990;14;;;;;10006;12;;;;;9998.0;0.0
46;60500;INTARIAN_PEPPER_ROOT;59055;10;59054;9;59051;11;59066;15;59069;10;59072;10;59060.5;0.0
46;60600;ASH_COATED_OSMIUM;9997;10;;;;;10004;11;;;;;10001.0;0.0
46;60600;INTARIAN_PEPPER_ROOT;59057;10;59054;10;;;59069;24;59070;8;;;59063.5;0.0
46;60700;ASH_COATED_OSMIUM;9999;25;9996;13;;;10015;22;10016;11;;;10007.0;0.0
46;60700;INTARIAN_PEPPER_ROOT;59050;9;59049;12;;;59064;8;59066;11;;;59057.5;0.0
46;60800;ASH_COATED_OSMIUM;10005;13;10004;13;;;10021;12;10022;10;;;10013.0;0.0
46;60800;INTARIAN_PEPPER_ROOT;59054;15;59051;9;;;59067;12;59068;10;;;59061.0;0.0
46;60900;ASH_COATED_OSMIUM;9999;14;9997;12;;;10015;15;10017;24;;;10007.0;0.0
46;60900;INTARIAN_PEPPER_ROOT;59054;10;;;;;59068;8;;;;;59061.5;0.0
46;61000;ASH_COATED_OSMIUM;10000;13;9999;15;;;10016;12;10019;13;;;10008.0;0.0
46;61000;INTARIAN_PEPPER_ROOT;59054;9;;;;;59068;9;;;;;59061.0;0.0
46;61100;ASH_COATED_OSMIUM;9993;14;9990;15;;;10012;14;10015;13;;;10003.0;0.0
46;61100;INTARIAN_PEPPER_ROOT;59057;11;;;;;59070;9;;;;;59063.5;0.0
46;61200;ASH_COATED_OSMIUM;9994;11;9992;13;;;10012;11;10013;13;;;10003.5;0.0
46;61200;INTARIAN_PEPPER_ROOT;59051;19;;;;;59065;12;;;;;59058.0;0.0
46;61300;ASH_COATED_OSMIUM;9997;13;;;;;10006;10;;;;;10001.5;0.0
46;61300;INTARIAN_PEPPER_ROOT;59058;11;;;;;59072;12;;;;;59065.0;0.0
46;61400;ASH_COATED_OSMIUM;9996;15;;;;;10012;11;;;;;10004.5;0.0
46;61400;INTARIAN_PEPPER_ROOT;59059;10;;;;;59073;20;;;;;59066.5;0.0
46;61500;ASH_COATED_OSMIUM;9991;5;9990;10;;;10007;10;10009;13;;;9999.0;0.0
46;61500;INTARIAN_PEPPER_ROOT;59059;10;59058;12;59057;12;59070;8;59073;22;59076;11;59064.5;0.0
46;61600;ASH_COATED_OSMIUM;9981;12;9979;25;;;10002;15;10003;15;;;9992.0;0.0
46;61600;INTARIAN_PEPPER_ROOT;59057;19;;;;;59072;10;;;;;59065.0;0.0
46;61700;ASH_COATED_OSMIUM;9981;15;9978;15;;;9997;15;9999;22;;;9989.5;0.0
46;61700;INTARIAN_PEPPER_ROOT;59062;10;59059;11;59058;11;59064;12;59067;22;59070;9;59063.5;0.0
46;61800;ASH_COATED_OSMIUM;9994;10;9991;13;;;10010;11;10011;10;;;10002.0;0.0
46;61800;INTARIAN_PEPPER_ROOT;59055;24;59053;9;;;59068;10;59070;9;;;59062.0;0.0
46;61900;ASH_COATED_OSMIUM;9990;14;;;;;10009;12;;;;;9999.5;0.0
46;61900;INTARIAN_PEPPER_ROOT;59058;16;59056;8;;;59073;9;59074;8;;;59065.5;0.0
46;62000;ASH_COATED_OSMIUM;9987;22;9985;15;9982;15;10006;2;10008;10;10011;10;9997.0;0.0
46;62000;INTARIAN_PEPPER_ROOT;59054;12;;;;;59067;10;;;;;59061.0;0.0
46;62100;ASH_COATED_OSMIUM;9988;11;9985;14;9984;13;10004;14;10007;5;10008;13;9996.5;0.0
46;62100;INTARIAN_PEPPER_ROOT;59056;12;59055;22;59053;8;59070;10;59073;9;59075;8;59063.0;0.0
46;62200;ASH_COATED_OSMIUM;9992;12;9991;21;;;10008;20;10010;14;;;10000.0;0.0
46;62200;INTARIAN_PEPPER_ROOT;59058;23;59055;8;59053;11;59072;10;59075;9;59077;8;59065.0;0.0
46;62300;ASH_COATED_OSMIUM;9985;11;9984;30;;;10001;14;10004;26;;;9993.5;0.0
46;62300;INTARIAN_PEPPER_ROOT;59059;12;59056;18;;;59070;7;59073;11;;;59064.5;0.0
46;62400;ASH_COATED_OSMIUM;9990;12;;;;;9999;14;;;;;9995.0;0.0
46;62400;INTARIAN_PEPPER_ROOT;59059;9;;;;;59071;11;;;;;59065.0;0.0
46;62500;ASH_COATED_OSMIUM;9992;12;;;;;10008;14;;;;;10000.0;0.0
46;62500;INTARIAN_PEPPER_ROOT;59053;12;;;;;59067;10;;;;;59060.5;0.0
46;62600;ASH_COATED_OSMIUM;9989;13;;;;;9997;15;;;;;9993.5;0.0
46;62600;INTARIAN_PEPPER_ROOT;59059;11;;;;;59071;9;;;;;59065.0;0.0
46;62700;ASH_COATED_OSMIUM;9987;15;;;;;10003;10;;;;;9995.0;0.0
46;62700;INTARIAN_PEPPER_ROOT;59051;22;;;;;59070;10;;;;;59061.0;0.0
46;62800;ASH_COATED_OSMIUM;9985;13;;;;;9996;10;;;;;9990.5;0.0
46;62800;INTARIAN_PEPPER_ROOT;59055;8;59052;8;;;59070;24;59073;9;;;59063.0;0.0
46;62900;ASH_COATED_OSMIUM;9983;28;;;;;9999;29;;;;;9991.5;0.0
46;62900;INTARIAN_PEPPER_ROOT;59056;18;;;;;59073;21;;;;;59064.5;0.0
46;63000;ASH_COATED_OSMIUM;9985;15;9984;14;9981;15;9995;11;9996;15;9997;10;9990.0;0.0
46;63000;INTARIAN_PEPPER_ROOT;59055;10;59053;9;;;59068;8;59071;8;;;59062.0;0.0
46;63100;ASH_COATED_OSMIUM;9988;11;9987;15;9986;28;10007;11;10010;10;10013;22;9998.0;0.0
46;63100;INTARIAN_PEPPER_ROOT;59057;10;59056;10;59055;8;59070;9;59072;9;59073;22;59063.5;0.0
46;63200;ASH_COATED_OSMIUM;9995;30;;;;;10011;14;;;;;10003.0;0.0
46;63200;INTARIAN_PEPPER_ROOT;59055;19;;;;;59069;12;;;;;59062.5;0.0
46;63300;ASH_COATED_OSMIUM;9989;28;9988;10;;;10005;11;10008;15;;;9997.5;0.0
46;63300;INTARIAN_PEPPER_ROOT;59051;12;59049;9;;;59065;10;59067;10;;;59058.5;0.0
46;63400;ASH_COATED_OSMIUM;9994;13;;;;;10012;14;;;;;10003.0;0.0
46;63400;INTARIAN_PEPPER_ROOT;59051;8;;;;;59068;12;;;;;59060.0;0.0
46;63500;ASH_COATED_OSMIUM;9993;10;9991;25;;;10009;15;10010;11;;;10001.5;0.0
46;63500;INTARIAN_PEPPER_ROOT;59057;12;;;;;59070;10;;;;;59064.0;0.0
46;63600;ASH_COATED_OSMIUM;9992;13;;;;;10008;14;;;;;10000.0;0.0
46;63600;INTARIAN_PEPPER_ROOT;59062;9;59060;10;59057;8;59064;23;59066;21;59069;8;59063.5;0.0
46;63700;ASH_COATED_OSMIUM;9995;10;9993;13;9991;11;10011;29;10013;10;10015;25;10003.0;0.0
