day;timestamp;product;bid_price_1;bid_volume_1;bid_price_2;bid_volume_2;bid_price_3;bid_volume_3;ask_price_1;ask_volume_1;ask_price_2;ask_volume_2;ask_price_3;ask_volume_3;mid_price;profit_and_loss
15;0;ASH_COATED_OSMIUM;9995;2;9994;11;9992;14;10011;15;10013;12;10014;10;10003.0;0.0
15;0;INTARIAN_PEPPER_ROOT;27994;10;27992;16;;;28007;25;28010;24;;;28000.5;0.0
15;100;ASH_COATED_OSMIUM;9998;13;9997;28;;;10009;15;10010;13;;;10004.0;0.0
15;100;INTARIAN_PEPPER_ROOT;27998;11;27995;8;;;28011;12;28014;10;;;28004.5;0.0
15;200;ASH_COATED_OSMIUM;9991;15;;;;;10007;12;;;;;9999.0;0.0
15;200;INTARIAN_PEPPER_ROOT;27993;19;;;;;28008;10;;;;;28000.5;0.0
15;300;ASH_COATED_OSMIUM;9996;14;9995;13;;;10012;10;10013;13;;;10004.5;0.0
15;300;INTARIAN_PEPPER_ROOT;27992;8;27989;12;27987;12;28005;21;28006;9;28009;11;27999.0;0.0
15;400;ASH_COATED_OSMIUM;9996;28;;;;;10012;10;;;;;10004.5;0.0
15;400;INTARIAN_PEPPER_ROOT;27991;10;27990;12;;;28005;12;28007;11;;;27998.0;0.0
15;500;ASH_COATED_OSMIUM;9996;12;9993;15;9990;14;10012;15;10014;13;10015;13;10004.5;0.0
15;500;INTARIAN_PEPPER_ROOT;27993;9;27992;9;;;28006;11;28007;8;;;28000.0;0.0
15;600;ASH_COATED_OSMIUM;9991;13;9988;15;;;10007;10;10009;12;;;9999.5;0.0
15;600;INTARIAN_PEPPER_ROOT;27997;12;27996;24;27995;8;28008;25;28009;8;28012;21;28003.0;0.0
15;700;ASH_COATED_OSMIUM;9996;13;9994;20;;;10014;14;10015;12;;;10005.0;0.0
15;700;INTARIAN_PEPPER_ROOT;27993;9;27992;10;;;28007;16;28009;16;;;28000.0;0.0
15;800;ASH_COATED_OSMIUM;9995;15;9994;12;;;10013;12;10015;25;;;10004.5;0.0
15;800;INTARIAN_PEPPER_ROOT;27994;9;27992;9;;;28007;10;28008;8;;;28001.0;0.0
15;900;ASH_COATED_OSMIUM;9990;14;9988;10;;;10006;12;10008;15;;;9998.5;0.0
15;900;INTARIAN_PEPPER_ROOT;27996;16;27994;12;;;28012;12;28013;11;;;28004.0;0.0
15;1000;ASH_COATED_OSMIUM;9995;13;;;;;10011;14;;;;;10003.5;0.0
15;1000;INTARIAN_PEPPER_ROOT;27994;8;27993;9;;;28006;19;28009;24;;;28000.5;0.0
15;1100;ASH_COATED_OSMIUM;9994;12;;;;;10013;14;;;;;10003.5;0.0
15;1100;INTARIAN_PEPPER_ROOT;27995;9;27992;10;;;28008;12;28010;8;;;28001.5;0.0
15;1200;ASH_COATED_OSMIUM;9995;14;9994;10;;;10011;11;10013;14;;;10003.0;0.0
15;1200;INTARIAN_PEPPER_ROOT;27998;9;;;;;28012;11;;;;;28005.5;0.0
15;1300;ASH_COATED_OSMIUM;9995;11;9992;15;;;10011;25;10013;10;;;10003.0;0.0
15;1300;INTARIAN_PEPPER_ROOT;28000;12;27999;11;;;28009;11;28010;10;;;28005.0;0.0
15;1400;ASH_COATED_OSMIUM;9989;29;;;;;10005;13;;;;;9997.5;0.0
15;1400;INTARIAN_PEPPER_ROOT;27995;9;27993;16;;;28009;12;28012;8;;;28002.5;0.0
15;1500;ASH_COATED_OSMIUM;9989;11;9986;21;;;10005;11;10006;29;;;9997.5;0.0
15;1500;INTARIAN_PEPPER_ROOT;27995;10;27993;10;27992;9;28009;8;28012;12;28014;9;28002.5;0.0
15;1600;ASH_COATED_OSMIUM;9989;4;9988;11;;;10005;11;10007;26;;;9997.5;0.0
15;1600;INTARIAN_PEPPER_ROOT;28000;9;27997;21;27996;8;28011;12;28014;9;28015;19;28005.5;0.0
15;1700;ASH_COATED_OSMIUM;9994;11;9991;15;;;10010;11;10013;15;;;10002.5;0.0
15;1700;INTARIAN_PEPPER_ROOT;27997;12;27996;9;;;28010;10;28011;10;;;28003.5;0.0
15;1800;ASH_COATED_OSMIUM;9988;11;9985;15;;;10004;12;10007;20;;;9996.5;0.0
15;1800;INTARIAN_PEPPER_ROOT;27998;10;27997;9;;;28014;8;28015;11;;;28006.5;0.0
15;1900;ASH_COATED_OSMIUM;9993;14;9991;12;;;10009;11;10012;13;;;10001.5;0.0
15;1900;INTARIAN_PEPPER_ROOT;27993;8;;;;;28006;12;;;;;27999.5;0.0
15;2000;ASH_COATED_OSMIUM;9994;15;9992;10;;;10010;26;10011;10;;;10002.5;0.0
15;2000;INTARIAN_PEPPER_ROOT;28000;11;27999;11;;;28004;10;28007;8;;;28002.5;0.0
15;2100;ASH_COATED_OSMIUM;9994;12;9993;24;;;10010;12;10013;11;;;10002.5;0.0
15;2100;INTARIAN_PEPPER_ROOT;27994;9;27992;8;;;28008;8;28009;11;;;28001.5;0.0
15;2200;ASH_COATED_OSMIUM;9989;13;;;;;10005;14;;;;;9997.0;0.0
15;2200;INTARIAN_PEPPER_ROOT;27995;12;27992;10;27990;22;28006;10;28007;9;28009;7;28000.5;0.0
15;2300;ASH_COATED_OSMIUM;9993;13;;;;;10012;4;;;;;10002.5;0.0
15;2300;INTARIAN_PEPPER_ROOT;27996;12;27994;15;27991;16;28012;24;28015;12;28017;8;28004.5;0.0
15;2400;ASH_COATED_OSMIUM;9994;10;9991;15;;;10010;15;10012;15;;;10002.0;0.0
15;2400;INTARIAN_PEPPER_ROOT;27998;8;27997;11;27995;20;28014;11;28017;10;28020;18;28006.0;0.0
15;2500;ASH_COATED_OSMIUM;9993;15;9992;15;9989;11;10009;12;10012;30;10013;11;10001.5;0.0
15;2500;INTARIAN_PEPPER_ROOT;27996;9;27994;11;27991;15;28010;12;28011;9;28014;9;28003.5;0.0
15;2600;ASH_COATED_OSMIUM;9993;13;9990;3;9987;15;10009;13;10010;12;10011;15;10001.5;0.0
15;2600;INTARIAN_PEPPER_ROOT;27997;23;27995;12;27993;10;28010;11;28011;8;28014;8;28004.0;0.0
15;2700;ASH_COATED_OSMIUM;9988;15;9987;12;;;10004;10;10006;11;;;9996.5;0.0
15;2700;INTARIAN_PEPPER_ROOT;27997;11;27995;8;27994;8;28008;17;28011;10;28013;8;28003.0;0.0
15;2800;ASH_COATED_OSMIUM;9993;13;;;;;10012;11;;;;;10002.5;0.0
15;2800;INTARIAN_PEPPER_ROOT;27988;10;27987;10;27985;24;27999;12;28002;18;28003;9;27994.0;0.0
15;2900;ASH_COATED_OSMIUM;9994;10;9992;14;;;10010;15;10011;15;;;10002.5;0.0
15;2900;INTARIAN_PEPPER_ROOT;27997;10;27995;10;;;28010;10;28012;9;;;28004.0;0.0
15;3000;ASH_COATED_OSMIUM;9993;29;9990;23;9987;10;10012;15;10015;4;10018;14;10003.0;0.0
15;3000;INTARIAN_PEPPER_ROOT;27998;19;27996;8;27994;16;28009;10;28010;17;28011;10;28003.5;0.0
15;3100;ASH_COATED_OSMIUM;9994;30;;;;;10013;13;;;;;10003.5;0.0
15;3100;INTARIAN_PEPPER_ROOT;27998;10;27995;23;27994;9;28010;11;28012;11;28014;23;28004.0;0.0
15;3200;ASH_COATED_OSMIUM;9989;11;9986;11;;;10008;14;10009;14;;;9998.5;0.0
15;3200;INTARIAN_PEPPER_ROOT;27996;10;27993;10;;;28011;23;28012;10;;;28004.0;0.0
15;3300;ASH_COATED_OSMIUM;9990;3;;;;;10006;15;;;;;9998.5;0.0
15;3300;INTARIAN_PEPPER_ROOT;27998;9;27996;18;27993;10;28012;18;28013;9;28016;10;28005.0;0.0
15;3400;ASH_COATED_OSMIUM;9995;13;9993;21;;;10011;13;10014;25;;;10003.5;0.0
15;3400;INTARIAN_PEPPER_ROOT;27997;16;27995;15;;;28009;16;28010;25;;;28003.5;0.0
15;3500;ASH_COATED_OSMIUM;9990;26;9989;30;9986;13;10006;14;10008;12;10011;3;9998.5;0.0
15;3500;INTARIAN_PEPPER_ROOT;27995;9;27992;10;;;28009;8;28012;11;;;28002.5;0.0
15;3600;ASH_COATED_OSMIUM;9989;10;9986;14;;;10008;13;10009;12;;;9998.5;0.0
15;3600;INTARIAN_PEPPER_ROOT;27997;9;27996;10;27995;12;28009;9;28010;11;28012;19;28003.0;0.0
15;3700;ASH_COATED_OSMIUM;9990;12;9987;11;;;10008;12;10010;11;;;9999.0;0.0
15;3700;INTARIAN_PEPPER_ROOT;28001;12;;;;;28003;15;;;;;28002.5;0.0
15;3800;ASH_COATED_OSMIUM;9991;22;9989;13;;;10007;20;10009;13;;;9999.0;0.0
15;3800;INTARIAN_PEPPER_ROOT;27995;9;27992;8;;;28008;9;28010;22;;;28001.5;0.0
15;3900;ASH_COATED_OSMIUM;9991;10;9988;13;;;10007;14;10010;2;;;9999.0;0.0
15;3900;INTARIAN_PEPPER_ROOT;27998;9;27995;10;;;28010;10;28013;20;;;28004.5;0.0
15;4000;ASH_COATED_OSMIUM;9999;11;;;;;10009;15;;;;;10004.0;0.0
15;4000;INTARIAN_PEPPER_ROOT;28006;10;28005;8;28003;25;28018;17;28019;9;28020;8;28012.5;0.0
15;4100;ASH_COATED_OSMIUM;9995;15;9994;11;9993;11;10013;14;10016;26;10017;11;10004.0;0.0
15;4100;INTARIAN_PEPPER_ROOT;27994;12;27993;10;27992;10;28007;11;28009;8;28012;10;28000.5;0.0
15;4200;ASH_COATED_OSMIUM;9991;14;9988;10;;;10007;10;10008;27;;;9999.0;0.0
15;4200;INTARIAN_PEPPER_ROOT;27996;8;;;;;28009;11;;;;;28003.0;0.0
15;4300;ASH_COATED_OSMIUM;9995;22;9994;10;;;10013;14;10016;14;;;10004.0;0.0
15;4300;INTARIAN_PEPPER_ROOT;27996;23;;;;;28010;12;;;;;28003.5;0.0
15;4400;ASH_COATED_OSMIUM;9996;13;9995;13;;;10012;12;10013;11;;;10004.5;0.0
15;4400;INTARIAN_PEPPER_ROOT;27996;11;27993;11;;;28009;8;28010;19;;;28002.5;0.0
15;4500;ASH_COATED_OSMIUM;9990;15;9987;12;9986;10;10008;12;10010;10;10012;11;9999.5;0.0
15;4500;INTARIAN_PEPPER_ROOT;27995;11;;;;;28012;9;;;;;28004.0;0.0
15;4600;ASH_COATED_OSMIUM;9999;10;9996;11;;;10009;14;10010;14;;;10004.5;0.0
15;4600;INTARIAN_PEPPER_ROOT;28002;8;28001;12;;;28014;8;28015;18;;;28008.5;0.0
15;4700;ASH_COATED_OSMIUM;9997;10;9996;10;;;10002;10;10004;14;;;9999.5;0.0
15;4700;INTARIAN_PEPPER_ROOT;27994;12;27993;8;27992;12;28010;9;28011;11;28013;9;28002.5;0.0
15;4800;ASH_COATED_OSMIUM;9993;27;;;;;10005;22;;;;;9999.5;0.0
15;4800;INTARIAN_PEPPER_ROOT;28000;9;;;;;28013;12;;;;;28007.0;0.0
15;4900;ASH_COATED_OSMIUM;9997;13;9996;10;9994;30;10013;11;10014;14;10015;12;10005.0;0.0
15;4900;INTARIAN_PEPPER_ROOT;27999;23;27998;11;;;28013;23;28015;10;;;28006.5;0.0
15;5000;ASH_COATED_OSMIUM;9996;15;;;;;10014;15;;;;;10005.0;0.0
15;5000;INTARIAN_PEPPER_ROOT;27996;11;;;;;28014;8;;;;;28005.5;0.0
15;5100;ASH_COATED_OSMIUM;9991;13;;;;;10010;10;;;;;10000.5;0.0
15;5100;INTARIAN_PEPPER_ROOT;27995;20;27993;10;;;28011;9;28013;21;;;28003.5;0.0
15;5200;ASH_COATED_OSMIUM;9997;11;9994;20;;;10013;15;10016;10;;;10005.5;0.0
15;5200;INTARIAN_PEPPER_ROOT;27998;9;27996;12;27995;9;28014;11;28017;10;28018;10;28006.0;0.0
15;5300;ASH_COATED_OSMIUM;9997;12;9996;15;;;10013;14;10016;29;;;10005.5;0.0
15;5300;INTARIAN_PEPPER_ROOT;28001;10;27998;20;27996;8;28012;17;28013;10;28014;8;28007.0;0.0
15;5400;ASH_COATED_OSMIUM;9992;30;9990;6;;;10008;3;10009;13;;;10000.0;0.0
15;5400;INTARIAN_PEPPER_ROOT;28000;10;27999;25;27998;18;28013;9;28016;10;28018;8;28007.0;0.0
15;5500;ASH_COATED_OSMIUM;9997;14;;;;;10013;8;;;;;10005.5;0.0
15;5500;INTARIAN_PEPPER_ROOT;27999;11;27998;8;;;28015;10;28018;20;;;28007.5;0.0
15;5600;ASH_COATED_OSMIUM;9996;2;9995;14;;;10014;30;10017;12;;;10005.0;0.0
15;5600;INTARIAN_PEPPER_ROOT;27999;9;27996;12;27993;12;28011;15;28013;10;28014;10;28005.0;0.0
15;5700;ASH_COATED_OSMIUM;9991;20;9989;14;9987;14;10009;11;10012;23;10013;14;10000.0;0.0
15;5700;INTARIAN_PEPPER_ROOT;27997;10;27994;12;27992;11;28009;11;28011;8;28014;10;28003.5;0.0
15;5800;ASH_COATED_OSMIUM;9992;20;;;;;10008;13;;;;;10000.0;0.0
15;5800;INTARIAN_PEPPER_ROOT;27998;12;27995;8;;;28010;10;28011;9;;;28004.0;0.0
15;5900;ASH_COATED_OSMIUM;9991;13;9988;24;;;10007;29;10010;13;;;9999.5;0.0
15;5900;INTARIAN_PEPPER_ROOT;28000;8;27998;22;;;28013;8;28016;16;;;28006.5;0.0
15;6000;ASH_COATED_OSMIUM;10000;11;9998;14;9995;11;10010;13;10012;13;10013;15;10005.5;0.0
15;6000;INTARIAN_PEPPER_ROOT;28000;10;27997;8;27995;10;28014;11;28016;11;28017;25;28007.0;0.0
15;6100;ASH_COATED_OSMIUM;9991;11;9989;14;9987;12;10009;15;10010;15;10012;13;10000.0;0.0
15;6100;INTARIAN_PEPPER_ROOT;27997;18;27994;11;;;28016;18;28018;10;;;28007.0;0.0
15;6200;ASH_COATED_OSMIUM;9992;12;9991;15;9990;12;10008;4;10010;25;10011;29;10000.0;0.0
15;6200;INTARIAN_PEPPER_ROOT;27995;11;;;;;28010;9;;;;;28003.0;0.0
15;6300;ASH_COATED_OSMIUM;9995;11;9992;15;;;10006;14;10009;12;;;10000.5;0.0
15;6300;INTARIAN_PEPPER_ROOT;28003;8;;;;;28017;10;;;;;28010.0;0.0
15;6400;ASH_COATED_OSMIUM;9989;10;9987;13;9986;5;10010;13;10013;14;10015;10;10000.0;0.0
15;6400;INTARIAN_PEPPER_ROOT;28001;10;27999;21;;;28014;12;28015;8;;;28008.0;0.0
15;6500;ASH_COATED_OSMIUM;9996;15;9994;14;9992;14;10012;13;10015;15;10017;10;10004.5;0.0
15;6500;INTARIAN_PEPPER_ROOT;28000;10;;;;;28011;9;;;;;28005.5;0.0
15;6600;ASH_COATED_OSMIUM;9990;13;9989;11;;;10008;11;10009;10;;;9999.0;0.0
15;6600;INTARIAN_PEPPER_ROOT;28000;8;27998;8;27996;8;28013;12;28014;8;28015;8;28006.5;0.0
15;6700;ASH_COATED_OSMIUM;9991;11;9988;15;;;10007;14;10009;10;;;9999.0;0.0
15;6700;INTARIAN_PEPPER_ROOT;28004;9;28001;11;;;28015;9;28017;10;;;28009.5;0.0
15;6800;ASH_COATED_OSMIUM;9991;13;9989;27;9988;25;10007;11;10010;12;10012;15;9999.5;0.0
15;6800;INTARIAN_PEPPER_ROOT;27998;23;27995;22;;;28010;11;28012;9;;;28004.0;0.0
15;6900;ASH_COATED_OSMIUM;9996;13;9993;10;;;10012;13;10013;3;;;10004.5;0.0
15;6900;INTARIAN_PEPPER_ROOT;27997;10;27996;9;;;28010;10;28011;8;;;28004.0;0.0
15;7000;ASH_COATED_OSMIUM;9990;12;9988;10;;;10006;13;10008;14;;;9998.5;0.0
15;7000;INTARIAN_PEPPER_ROOT;27999;9;27996;17;;;28013;8;28015;9;;;28006.5;0.0
15;7100;ASH_COATED_OSMIUM;9990;4;9987;11;9985;15;10006;13;10008;14;10009;27;9998.5;0.0
15;7100;INTARIAN_PEPPER_ROOT;27995;10;27992;9;;;28010;12;28011;9;;;28002.5;0.0
15;7200;ASH_COATED_OSMIUM;9995;10;9994;4;9991;14;10011;27;10012;11;10015;14;10003.5;0.0
15;7200;INTARIAN_PEPPER_ROOT;28001;10;;;;;28015;12;;;;;28008.5;0.0
15;7300;ASH_COATED_OSMIUM;9990;14;;;;;10006;27;;;;;9998.5;0.0
15;7300;INTARIAN_PEPPER_ROOT;27999;8;27997;21;27996;9;28012;20;28013;11;28016;12;28006.0;0.0
15;7400;ASH_COATED_OSMIUM;9990;12;9987;15;9984;10;10006;13;10007;11;10010;23;9998.0;0.0
15;7400;INTARIAN_PEPPER_ROOT;28003;10;28002;15;;;28014;24;28017;10;;;28009.0;0.0
15;7500;ASH_COATED_OSMIUM;9994;10;9993;24;9992;15;10013;15;10015;4;10017;15;10003.5;0.0
15;7500;INTARIAN_PEPPER_ROOT;28000;10;27997;18;27996;9;28013;21;28014;23;28017;8;28006.5;0.0
15;7600;ASH_COATED_OSMIUM;9995;11;9992;15;;;10011;15;10012;27;;;10003.0;0.0
15;7600;INTARIAN_PEPPER_ROOT;27999;10;27998;8;27996;10;28013;10;28015;16;28016;10;28006.0;0.0
15;7700;ASH_COATED_OSMIUM;9995;14;9994;10;;;10011;3;10014;14;;;10003.0;0.0
15;7700;INTARIAN_PEPPER_ROOT;28001;8;27999;7;;;28014;8;28015;9;;;28008.0;0.0
15;7800;ASH_COATED_OSMIUM;9990;10;9987;14;;;10006;10;10007;26;;;9998.0;0.0
15;7800;INTARIAN_PEPPER_ROOT;28005;10;28003;10;;;28016;11;28017;9;;;28011.0;0.0
15;7900;ASH_COATED_OSMIUM;9994;13;9993;21;;;10013;14;10016;14;;;10003.5;0.0
15;7900;INTARIAN_PEPPER_ROOT;28001;21;27999;12;27996;11;28014;8;28015;18;28018;8;28007.5;0.0
15;8000;ASH_COATED_OSMIUM;9990;22;;;;;10006;11;;;;;9998.0;0.0
15;8000;INTARIAN_PEPPER_ROOT;28005;8;28004;24;;;28017;10;28018;12;;;28011.0;0.0
15;8100;ASH_COATED_OSMIUM;9990;26;;;;;10006;14;;;;;9998.0;0.0
15;8100;INTARIAN_PEPPER_ROOT;27997;8;27996;22;;;28011;25;28014;12;;;28004.5;0.0
15;8200;ASH_COATED_OSMIUM;9990;14;9988;11;;;10006;12;10009;13;;;9998.0;0.0
15;8200;INTARIAN_PEPPER_ROOT;27999;11;27996;8;;;28012;8;28014;12;;;28005.5;0.0
15;8300;ASH_COATED_OSMIUM;9989;12;9987;15;;;10005;12;10006;11;;;9997.5;0.0
15;8300;INTARIAN_PEPPER_ROOT;27999;11;27997;11;;;28014;8;28015;11;;;28007.0;0.0
15;8400;ASH_COATED_OSMIUM;9986;12;;;;;10007;13;;;;;9997.0;0.0
15;8400;INTARIAN_PEPPER_ROOT;28001;9;28000;10;;;28017;8;28019;10;;;28009.5;0.0
15;8500;ASH_COATED_OSMIUM;9989;14;9986;27;;;10005;15;10008;10;;;9997.0;0.0
15;8500;INTARIAN_PEPPER_ROOT;28000;10;27999;10;;;28014;21;28016;11;;;28007.5;0.0
15;8600;ASH_COATED_OSMIUM;9994;14;9991;26;9989;14;10010;15;10013;13;10015;22;10002.0;0.0
15;8600;INTARIAN_PEPPER_ROOT;27998;12;27996;8;;;28011;24;28014;10;;;28004.5;0.0
15;8700;ASH_COATED_OSMIUM;9993;10;9990;14;9987;10;10011;10;10013;10;10014;10;10002.0;0.0
15;8700;INTARIAN_PEPPER_ROOT;28003;22;;;;;28016;9;;;;;28009.5;0.0
15;8800;ASH_COATED_OSMIUM;9993;10;9991;10;9988;11;9999;12;10000;21;10003;12;9996.5;0.0
15;8800;INTARIAN_PEPPER_ROOT;28004;23;28003;12;28001;10;28016;9;28017;20;28020;12;28010.0;0.0
15;8900;ASH_COATED_OSMIUM;9988;23;9987;25;;;10004;14;10006;13;;;9996.5;0.0
15;8900;INTARIAN_PEPPER_ROOT;28000;20;27999;12;;;28015;20;28016;11;;;28007.5;0.0
15;9000;ASH_COATED_OSMIUM;9991;11;9989;14;9988;24;10012;28;10015;12;10017;15;10001.5;0.0
15;9000;INTARIAN_PEPPER_ROOT;28001;12;;;;;28017;10;;;;;28009.0;0.0
15;9100;ASH_COATED_OSMIUM;9990;15;9988;12;9987;11;10003;10;10004;23;10006;12;9996.5;0.0
15;9100;INTARIAN_PEPPER_ROOT;28002;8;27999;11;;;28014;9;28016;8;;;28008.5;0.0
15;9200;ASH_COATED_OSMIUM;9987;12;;;;;10006;15;;;;;9996.5;0.0
15;9200;INTARIAN_PEPPER_ROOT;28007;9;28004;15;28002;11;28018;10;28019;11;28021;11;28013.0;0.0
15;9300;ASH_COATED_OSMIUM;9987;11;;;;;10005;10;;;;;9996.0;0.0
15;9300;INTARIAN_PEPPER_ROOT;28005;12;28002;11;;;28019;12;28022;11;;;28012.0;0.0
15;9400;ASH_COATED_OSMIUM;9988;13;;;;;10004;2;;;;;9996.0;0.0
15;9400;INTARIAN_PEPPER_ROOT;28001;12;27999;9;;;28013;9;28014;9;;;28007.0;0.0
15;9500;ASH_COATED_OSMIUM;9993;14;9992;15;9990;27;10009;10;10010;15;10012;11;10001.5;0.0
15;9500;INTARIAN_PEPPER_ROOT;27997;8;;;;;28014;7;;;;;28006.0;0.0
15;9600;ASH_COATED_OSMIUM;9993;14;9991;10;9989;30;10009;21;10011;5;10014;12;10001.5;0.0
15;9600;INTARIAN_PEPPER_ROOT;28006;9;;;;;28018;9;;;;;28012.0;0.0
15;9700;ASH_COATED_OSMIUM;9988;13;;;;;10004;13;;;;;9996.0;0.0
15;9700;INTARIAN_PEPPER_ROOT;28007;11;;;;;28009;8;;;;;28008.5;0.0
15;9800;ASH_COATED_OSMIUM;9992;11;;;;;10010;11;;;;;10001.0;0.0
15;9800;INTARIAN_PEPPER_ROOT;28004;10;;;;;28017;11;;;;;28010.5;0.0
15;9900;ASH_COATED_OSMIUM;9993;29;9991;14;;;10009;11;10012;21;;;10001.0;0.0
15;9900;INTARIAN_PEPPER_ROOT;28003;12;;;;;28016;9;;;;;28009.5;0.0
15;10000;ASH_COATED_OSMIUM;9992;13;;;;;10010;15;;;;;10001.0;0.0
15;10000;INTARIAN_PEPPER_ROOT;28006;11;28003;18;;;28018;11;28021;11;;;28012.0;0.0
15;10100;ASH_COATED_OSMIUM;9986;12;9983;14;;;10005;9;10007;10;;;9995.5;0.0
15;10100;INTARIAN_PEPPER_ROOT;28002;11;28001;11;;;28014;10;28015;9;;;28008.0;0.0
15;10200;ASH_COATED_OSMIUM;9988;14;9986;2;;;10004;14;10005;11;;;9996.0;0.0
15;10200;INTARIAN_PEPPER_ROOT;28005;12;28002;12;;;28021;9;28024;18;;;28013.0;0.0
15;10300;ASH_COATED_OSMIUM;9992;5;9989;3;;;10008;13;10009;1;;;10000.5;0.0
15;10300;INTARIAN_PEPPER_ROOT;28003;12;28000;11;;;28019;12;28021;11;;;28011.0;0.0
15;10400;ASH_COATED_OSMIUM;9993;14;9990;14;9988;13;10009;15;10010;30;10011;11;10001.0;0.0
15;10400;INTARIAN_PEPPER_ROOT;28007;8;28006;24;;;28020;8;28022;11;;;28014.0;0.0
15;10500;ASH_COATED_OSMIUM;9991;12;9990;13;;;10010;12;10012;10;;;10001.0;0.0
15;10500;INTARIAN_PEPPER_ROOT;28002;11;27999;12;27996;9;28013;10;28015;24;28018;8;28008.0;0.0
15;10600;ASH_COATED_OSMIUM;9992;11;;;;;10008;12;;;;;10000.5;0.0
15;10600;INTARIAN_PEPPER_ROOT;28004;11;;;;;28017;19;;;;;28011.0;0.0
15;10700;ASH_COATED_OSMIUM;9985;10;9982;14;9979;13;10006;13;10007;12;10010;11;9995.5;0.0
15;10700;INTARIAN_PEPPER_ROOT;28005;12;28002;11;27999;8;28021;10;28023;11;28025;9;28013.5;0.0
15;10800;ASH_COATED_OSMIUM;9986;13;9984;11;9981;12;10004;28;10005;12;10007;5;9995.5;0.0
15;10800;INTARIAN_PEPPER_ROOT;28000;9;27999;9;;;28012;10;28015;11;;;28006.5;0.0
15;10900;ASH_COATED_OSMIUM;9992;15;;;;;10008;14;;;;;10000.5;0.0
15;10900;INTARIAN_PEPPER_ROOT;28003;8;28000;8;27998;11;28020;21;28022;8;28025;17;28012.0;0.0
15;11000;ASH_COATED_OSMIUM;9991;26;9989;10;;;10009;15;10012;10;;;10000.5;0.0
15;11000;INTARIAN_PEPPER_ROOT;28004;22;28001;8;;;28017;9;28019;11;;;28010.5;0.0
15;11100;ASH_COATED_OSMIUM;9995;20;;;;;10007;10;;;;;10001.0;0.0
15;11100;INTARIAN_PEPPER_ROOT;28005;12;28004;11;28003;12;28016;3;28018;10;28020;12;28011.0;0.0
15;11200;ASH_COATED_OSMIUM;9986;5;;;;;10004;12;;;;;9995.5;0.0
15;11200;INTARIAN_PEPPER_ROOT;28002;9;27999;8;27998;12;28015;10;28017;10;28019;10;28009.0;0.0
15;11300;ASH_COATED_OSMIUM;9987;25;9984;12;;;10003;4;10004;11;;;9995.5;0.0
15;11300;INTARIAN_PEPPER_ROOT;28005;10;28003;10;28000;22;28019;9;28022;19;28024;11;28012.0;0.0
15;11400;ASH_COATED_OSMIUM;9988;14;;;;;10004;11;;;;;9996.0;0.0
15;11400;INTARIAN_PEPPER_ROOT;28001;12;27999;10;;;28017;17;28018;4;;;28009.5;0.0
15;11500;ASH_COATED_OSMIUM;9988;13;9985;15;;;10004;11;10005;13;;;9996.0;0.0
15;11500;INTARIAN_PEPPER_ROOT;28003;24;28002;20;;;28016;12;28018;12;;;28010.0;0.0
15;11600;ASH_COATED_OSMIUM;9991;30;9988;11;9987;11;10010;13;10012;14;10014;10;10001.0;0.0
15;11600;INTARIAN_PEPPER_ROOT;28005;23;28003;11;;;28019;8;28020;11;;;28012.5;0.0
15;11700;ASH_COATED_OSMIUM;9991;10;;;;;10010;11;;;;;10001.0;0.0
15;11700;INTARIAN_PEPPER_ROOT;28003;9;;;;;28017;8;;;;;28010.0;0.0
15;11800;ASH_COATED_OSMIUM;9987;15;9986;12;9984;13;10003;20;10006;15;10008;14;9995.5;0.0
15;11800;INTARIAN_PEPPER_ROOT;28010;17;28009;8;;;28022;10;28023;12;;;28016.5;0.0
15;11900;ASH_COATED_OSMIUM;9987;10;;;;;10003;10;;;;;9995.0;0.0
15;11900;INTARIAN_PEPPER_ROOT;28004;12;;;;;28016;12;;;;;28010.5;0.0
15;12000;ASH_COATED_OSMIUM;9991;11;9988;10;9985;15;10010;11;10013;15;10016;14;10000.5;0.0
15;12000;INTARIAN_PEPPER_ROOT;28009;11;;;;;28021;10;;;;;28015.5;0.0
15;12100;ASH_COATED_OSMIUM;9992;10;9990;13;9987;12;10008;13;10011;11;10014;15;10000.5;0.0
15;12100;INTARIAN_PEPPER_ROOT;28004;11;;;;;28018;11;;;;;28011.5;0.0
15;12200;ASH_COATED_OSMIUM;9992;12;9989;12;;;10008;13;10011;14;;;10000.5;0.0
15;12200;INTARIAN_PEPPER_ROOT;28008;18;28006;9;28003;8;28017;10;28020;8;28023;10;28012.5;0.0
15;12300;ASH_COATED_OSMIUM;9993;25;9992;14;9990;13;10009;14;10011;10;10014;15;10001.0;0.0
15;12300;INTARIAN_PEPPER_ROOT;28009;9;28006;12;28003;9;28021;16;28024;10;28027;10;28015.0;0.0
15;12400;ASH_COATED_OSMIUM;9987;13;9984;12;;;10003;13;10005;14;;;9995.5;0.0
15;12400;INTARIAN_PEPPER_ROOT;28013;8;;;;;28015;19;;;;;28014.5;0.0
15;12500;ASH_COATED_OSMIUM;9996;28;9994;12;9993;12;10005;11;10007;11;10008;12;10001.0;0.0
15;12500;INTARIAN_PEPPER_ROOT;28005;9;28003;25;28001;10;28017;18;28019;10;28021;22;28011.0;0.0
15;12600;ASH_COATED_OSMIUM;9993;11;9991;13;9990;11;10009;13;10012;11;10013;11;10001.0;0.0
15;12600;INTARIAN_PEPPER_ROOT;28005;16;28002;12;;;28021;8;28023;9;;;28013.5;0.0
15;12700;ASH_COATED_OSMIUM;9992;14;9990;10;;;10008;15;10009;11;;;10000.0;0.0
15;12700;INTARIAN_PEPPER_ROOT;28005;11;;;;;28017;8;;;;;28011.0;0.0
15;12800;ASH_COATED_OSMIUM;9990;15;;;;;10009;12;;;;;9999.5;0.0
15;12800;INTARIAN_PEPPER_ROOT;28010;11;28007;12;;;28023;12;28026;8;;;28017.0;0.0
15;12900;ASH_COATED_OSMIUM;9992;13;9991;12;;;10008;10;10010;12;;;10000.0;0.0
15;12900;INTARIAN_PEPPER_ROOT;28004;12;28001;24;;;28017;9;28020;12;;;28011.0;0.0
15;13000;ASH_COATED_OSMIUM;9990;15;;;;;10006;2;;;;;9998.5;0.0
15;13000;INTARIAN_PEPPER_ROOT;28004;16;;;;;28019;10;;;;;28012.0;0.0
15;13100;ASH_COATED_OSMIUM;9988;11;9987;11;;;10007;14;10010;27;;;9998.0;0.0
15;13100;INTARIAN_PEPPER_ROOT;28003;12;28002;25;27999;12;28016;11;28019;12;28022;8;28010.0;0.0
15;13200;ASH_COATED_OSMIUM;9988;15;9985;13;;;10007;13;10009;14;;;9998.0;0.0
15;13200;INTARIAN_PEPPER_ROOT;28005;9;28002;10;;;28022;23;28024;11;;;28013.5;0.0
15;13300;ASH_COATED_OSMIUM;9989;13;9987;10;;;9995;11;9996;13;;;9992.5;0.0
15;13300;INTARIAN_PEPPER_ROOT;28003;17;;;;;28019;8;;;;;28011.5;0.0
15;13400;ASH_COATED_OSMIUM;9989;12;9987;12;;;10005;12;10006;23;;;9997.5;0.0
15;13400;INTARIAN_PEPPER_ROOT;28006;12;28005;8;;;28018;11;28020;18;;;28012.0;0.0
15;13500;ASH_COATED_OSMIUM;9992;12;;;;;10003;11;;;;;9998.0;0.0
15;13500;INTARIAN_PEPPER_ROOT;28005;8;28003;8;;;28022;10;28025;11;;;28013.5;0.0
15;13600;ASH_COATED_OSMIUM;9983;10;9981;10;9980;14;10001;13;10004;13;10006;20;9992.5;0.0
15;13600;INTARIAN_PEPPER_ROOT;28007;10;28005;24;28002;12;28019;9;28020;10;28023;8;28013.5;0.0
15;13700;ASH_COATED_OSMIUM;9983;14;;;;;10001;10;;;;;9992.5;0.0
15;13700;INTARIAN_PEPPER_ROOT;28005;11;28002;11;;;28018;10;28021;11;;;28012.0;0.0
15;13800;ASH_COATED_OSMIUM;9993;10;9991;12;9989;14;10002;12;10005;13;10008;10;9997.5;0.0
15;13800;INTARIAN_PEPPER_ROOT;28009;9;28007;12;;;28022;11;28024;12;;;28015.5;0.0
15;13900;ASH_COATED_OSMIUM;9982;21;9979;10;;;10001;10;10003;25;;;9992.0;0.0
15;13900;INTARIAN_PEPPER_ROOT;28005;16;28002;9;;;28016;8;28019;9;;;28011.0;0.0
15;14000;ASH_COATED_OSMIUM;9983;10;9982;24;;;10001;15;10002;12;;;9992.0;0.0
15;14000;INTARIAN_PEPPER_ROOT;28007;10;;;;;28023;8;;;;;28015.0;0.0
15;14100;ASH_COATED_OSMIUM;9987;13;9985;12;9984;12;9998;14;9999;15;10002;15;9992.5;0.0
15;14100;INTARIAN_PEPPER_ROOT;28010;11;28007;8;28006;9;28022;16;28023;10;28025;9;28016.0;0.0
15;14200;ASH_COATED_OSMIUM;9989;13;9988;15;9987;30;10005;15;10007;25;10008;10;9997.5;0.0
15;14200;INTARIAN_PEPPER_ROOT;28009;11;28007;11;28006;12;28020;8;28021;12;28022;12;28015.0;0.0
15;14300;ASH_COATED_OSMIUM;9984;13;;;;;10000;15;;;;;9992.0;0.0
15;14300;INTARIAN_PEPPER_ROOT;28007;11;;;;;28020;9;;;;;28014.0;0.0
15;14400;ASH_COATED_OSMIUM;9984;10;;;;;10000;12;;;;;9992.0;0.0
15;14400;INTARIAN_PEPPER_ROOT;28008;10;28005;10;;;28019;11;28021;7;;;28013.5;0.0
15;14500;ASH_COATED_OSMIUM;9983;14;9981;26;;;9999;12;10001;26;;;9991.0;0.0
15;14500;INTARIAN_PEPPER_ROOT;28006;11;28003;8;;;28019;12;28021;22;;;28012.5;0.0
15;14600;ASH_COATED_OSMIUM;9988;14;9985;12;9983;13;10004;14;10007;12;10009;13;9996.5;0.0
15;14600;INTARIAN_PEPPER_ROOT;28008;12;28006;9;28005;12;28020;12;28021;12;28023;8;28014.5;0.0
15;14700;ASH_COATED_OSMIUM;9983;26;9981;29;;;9999;20;10000;13;;;9991.0;0.0
15;14700;INTARIAN_PEPPER_ROOT;28006;6;28005;9;28004;9;28023;11;28025;9;28026;12;28014.5;0.0
15;14800;ASH_COATED_OSMIUM;9983;13;9981;13;9978;12;9999;11;10002;15;10004;14;9991.0;0.0
15;14800;INTARIAN_PEPPER_ROOT;28011;12;;;;;28023;21;;;;;28017.0;0.0
15;14900;ASH_COATED_OSMIUM;9986;15;9984;13;9982;14;10005;14;10007;28;10008;11;9996.0;0.0
15;14900;INTARIAN_PEPPER_ROOT;28009;5;;;;;28024;8;;;;;28016.5;0.0
15;15000;ASH_COATED_OSMIUM;9982;14;9979;15;9976;6;9998;14;9999;13;10002;22;9990.5;0.0
15;15000;INTARIAN_PEPPER_ROOT;28008;11;28006;9;28005;11;28025;12;28026;20;28027;12;28016.5;0.0
15;15100;ASH_COATED_OSMIUM;9982;13;9981;10;;;9998;11;9999;10;;;9990.5;0.0
15;15100;INTARIAN_PEPPER_ROOT;28010;4;28009;11;;;28022;10;28024;12;;;28016.5;0.0
15;15200;ASH_COATED_OSMIUM;9987;15;;;;;10003;11;;;;;9995.5;0.0
15;15200;INTARIAN_PEPPER_ROOT;28008;8;28005;11;;;28020;12;28021;10;;;28014.0;0.0
15;15300;ASH_COATED_OSMIUM;9986;13;;;;;10004;14;;;;;9995.5;0.0
15;15300;INTARIAN_PEPPER_ROOT;28010;10;;;;;28022;11;;;;;28016.0;0.0
15;15400;ASH_COATED_OSMIUM;9981;15;9978;13;;;9999;11;10000;13;;;9990.0;0.0
15;15400;INTARIAN_PEPPER_ROOT;28010;18;;;;;28024;11;;;;;28017.0;0.0
15;15500;ASH_COATED_OSMIUM;9986;20;;;;;10004;14;;;;;9995.0;0.0
15;15500;INTARIAN_PEPPER_ROOT;28012;21;;;;;28025;11;;;;;28018.5;0.0
15;15600;ASH_COATED_OSMIUM;9987;10;9986;14;;;10003;14;10004;3;;;9995.5;0.0
15;15600;INTARIAN_PEPPER_ROOT;28013;4;28012;22;;;28028;12;28029;9;;;28020.5;0.0
15;15700;ASH_COATED_OSMIUM;9982;13;9979;23;;;9998;15;9999;3;;;9990.0;0.0
15;15700;INTARIAN_PEPPER_ROOT;28007;8;;;;;28022;12;;;;;28014.5;0.0
15;15800;ASH_COATED_OSMIUM;9986;24;9984;27;9981;30;10005;13;10008;14;10010;13;9996.0;0.0
15;15800;INTARIAN_PEPPER_ROOT;28011;9;28009;10;;;28023;9;28026;10;;;28017.5;0.0
15;15900;ASH_COATED_OSMIUM;9987;10;9986;5;9983;10;9993;4;9995;13;9998;12;9990.5;0.0
15;15900;INTARIAN_PEPPER_ROOT;28008;10;28006;23;;;28025;17;28028;22;;;28017.0;0.0
15;16000;ASH_COATED_OSMIUM;9988;11;9987;4;9985;12;10004;15;10005;12;10007;26;9996.0;0.0
15;16000;INTARIAN_PEPPER_ROOT;28013;11;;;;;28025;11;;;;;28019.0;0.0
15;16100;ASH_COATED_OSMIUM;9987;15;9984;11;;;10005;26;10008;15;;;9996.5;0.0
15;16100;INTARIAN_PEPPER_ROOT;28010;12;28009;10;;;28022;9;28025;12;;;28016.5;0.0
15;16200;ASH_COATED_OSMIUM;9988;11;;;;;10004;13;;;;;9996.5;0.0
15;16200;INTARIAN_PEPPER_ROOT;28011;9;28009;9;28008;17;28023;9;28025;9;28026;10;28017.5;0.0
15;16300;ASH_COATED_OSMIUM;9987;11;;;;;9997;11;;;;;9992.0;0.0
15;16300;INTARIAN_PEPPER_ROOT;28008;10;;;;;28021;10;;;;;28015.0;0.0
15;16400;ASH_COATED_OSMIUM;9988;13;9985;14;;;10004;14;10005;22;;;9996.5;0.0
15;16400;INTARIAN_PEPPER_ROOT;28009;8;28008;20;;;28025;22;28026;11;;;28017.5;0.0
15;16500;ASH_COATED_OSMIUM;9989;15;9988;12;9987;15;10005;12;10006;13;10008;10;9997.0;0.0
15;16500;INTARIAN_PEPPER_ROOT;28011;24;28010;12;;;28027;12;28029;10;;;28019.0;0.0
15;16600;ASH_COATED_OSMIUM;9988;11;9986;21;9985;14;10004;12;10005;11;10007;13;9996.5;0.0
15;16600;INTARIAN_PEPPER_ROOT;28007;23;;;;;28022;8;;;;;28015.0;0.0
15;16700;ASH_COATED_OSMIUM;9983;15;9980;15;;;9999;25;10001;30;;;9991.0;0.0
15;16700;INTARIAN_PEPPER_ROOT;28008;9;;;;;28021;10;;;;;28014.5;0.0
15;16800;ASH_COATED_OSMIUM;9988;11;9985;10;9983;13;10004;12;10005;10;10006;11;9996.0;0.0
15;16800;INTARIAN_PEPPER_ROOT;28012;11;28011;11;;;28024;16;28025;10;;;28018.5;0.0
15;16900;ASH_COATED_OSMIUM;9983;14;9980;26;9977;12;9999;13;10001;10;10004;11;9991.5;0.0
15;16900;INTARIAN_PEPPER_ROOT;28010;9;;;;;28027;8;;;;;28019.0;0.0
15;17000;ASH_COATED_OSMIUM;9983;14;9981;26;9979;13;9999;10;10001;24;10003;11;9991.5;0.0
15;17000;INTARIAN_PEPPER_ROOT;28017;12;28015;11;;;28028;10;28031;10;;;28023.0;0.0
15;17100;ASH_COATED_OSMIUM;9983;15;9980;13;;;9999;10;10002;10;;;9991.5;0.0
15;17100;INTARIAN_PEPPER_ROOT;28013;16;28012;10;28009;10;28026;22;28028;8;28031;8;28020.0;0.0
15;17200;ASH_COATED_OSMIUM;9983;12;9980;7;;;9999;12;10001;15;;;9991.5;0.0
15;17200;INTARIAN_PEPPER_ROOT;28007;8;28006;10;;;28021;9;28023;16;;;28014.5;0.0
15;17300;ASH_COATED_OSMIUM;9983;11;9981;11;;;9999;14;10000;25;;;9991.5;0.0
15;17300;INTARIAN_PEPPER_ROOT;28011;8;28008;9;;;28025;11;28028;24;;;28018.5;0.0
15;17400;ASH_COATED_OSMIUM;9987;13;;;;;10006;12;;;;;9997.0;0.0
15;17400;INTARIAN_PEPPER_ROOT;28016;16;28013;8;28010;22;28019;8;28022;11;28024;9;28018.0;0.0
15;17500;ASH_COATED_OSMIUM;9983;26;9980;10;9977;20;9999;26;10001;13;10002;12;9991.5;0.0
15;17500;INTARIAN_PEPPER_ROOT;28016;9;28013;8;28010;19;28029;21;28032;9;28033;6;28023.0;0.0
15;17600;ASH_COATED_OSMIUM;9983;12;9982;30;;;9999;23;10001;12;;;9991.5;0.0
15;17600;INTARIAN_PEPPER_ROOT;28014;9;;;;;28027;9;;;;;28020.5;0.0
15;17700;ASH_COATED_OSMIUM;9981;10;9979;2;;;10002;13;10004;10;;;9991.5;0.0
15;17700;INTARIAN_PEPPER_ROOT;28005;10;28002;8;27999;9;28019;9;28022;12;28024;25;28012.5;0.0
15;17800;ASH_COATED_OSMIUM;9988;14;;;;;10004;15;;;;;9996.5;0.0
15;17800;INTARIAN_PEPPER_ROOT;28008;11;;;;;28024;10;;;;;28016.5;0.0
15;17900;ASH_COATED_OSMIUM;9989;10;9988;15;;;10005;15;10008;13;;;9997.0;0.0
15;17900;INTARIAN_PEPPER_ROOT;28012;12;;;;;28026;9;;;;;28019.0;0.0
15;18000;ASH_COATED_OSMIUM;9983;12;9980;11;9979;21;9999;11;10002;10;10003;11;9991.5;0.0
15;18000;INTARIAN_PEPPER_ROOT;28010;10;28009;22;;;28021;10;28023;24;;;28015.5;0.0
15;18100;ASH_COATED_OSMIUM;9983;11;;;;;9999;10;;;;;9991.5;0.0
15;18100;INTARIAN_PEPPER_ROOT;28013;11;28011;9;;;28027;21;28029;9;;;28020.0;0.0
15;18200;ASH_COATED_OSMIUM;9989;14;;;;;10005;14;;;;;9997.0;0.0
15;18200;INTARIAN_PEPPER_ROOT;28009;8;28006;8;28004;11;28021;9;28023;11;28026;10;28015.5;0.0
15;18300;ASH_COATED_OSMIUM;9989;11;9987;13;;;10005;10;10007;14;;;9997.5;0.0
15;18300;INTARIAN_PEPPER_ROOT;28010;11;28007;11;28004;8;28021;9;28023;10;28026;20;28015.5;0.0
15;18400;ASH_COATED_OSMIUM;9984;15;9983;13;9982;14;10000;10;10001;25;10004;12;9992.5;0.0
15;18400;INTARIAN_PEPPER_ROOT;28011;22;;;;;28025;11;;;;;28018.0;0.0
15;18500;ASH_COATED_OSMIUM;9984;14;;;;;10000;10;;;;;9992.5;0.0
15;18500;INTARIAN_PEPPER_ROOT;28013;11;;;;;28026;10;;;;;28020.0;0.0
15;18600;ASH_COATED_OSMIUM;9990;11;9988;13;9985;11;10006;25;10007;15;10010;13;9998.5;0.0
15;18600;INTARIAN_PEPPER_ROOT;28010;10;28007;9;;;28025;12;28028;9;;;28017.5;0.0
15;18700;ASH_COATED_OSMIUM;9990;10;9988;11;;;10006;13;10009;10;;;9998.5;0.0
15;18700;INTARIAN_PEPPER_ROOT;28018;11;28016;11;28015;12;28020;12;28022;10;28024;10;28019.5;0.0
15;18800;ASH_COATED_OSMIUM;9992;4;9991;15;9990;12;10005;10;10007;11;10009;14;9999.0;0.0
15;18800;INTARIAN_PEPPER_ROOT;28010;12;;;;;28024;10;;;;;28017.0;0.0
15;18900;ASH_COATED_OSMIUM;9987;11;;;;;10003;10;;;;;9995.0;0.0
15;18900;INTARIAN_PEPPER_ROOT;28009;8;28008;10;;;28021;11;28024;8;;;28015.0;0.0
15;19000;ASH_COATED_OSMIUM;9993;13;9991;29;;;10009;12;10012;15;;;10001.0;0.0
15;19000;INTARIAN_PEPPER_ROOT;28011;12;;;;;28024;8;;;;;28017.5;0.0
15;19100;ASH_COATED_OSMIUM;9995;21;9992;14;9991;26;10006;15;10007;15;10008;13;10001.0;0.0
15;19100;INTARIAN_PEPPER_ROOT;28014;9;;;;;28027;10;;;;;28021.0;0.0
15;19200;ASH_COATED_OSMIUM;9987;13;;;;;10003;13;;;;;9995.0;0.0
15;19200;INTARIAN_PEPPER_ROOT;28013;8;28011;8;;;28025;15;28026;10;;;28019.0;0.0
15;19300;ASH_COATED_OSMIUM;9995;10;9993;22;;;10005;12;10006;10;;;10000.0;0.0
15;19300;INTARIAN_PEPPER_ROOT;28012;15;28010;10;;;28028;10;28030;12;;;28020.0;0.0
15;19400;ASH_COATED_OSMIUM;9992;15;9989;14;;;10008;12;10009;15;;;10000.5;0.0
15;19400;INTARIAN_PEPPER_ROOT;28002;10;27999;9;;;28015;10;28018;9;;;28009.0;0.0
15;19500;ASH_COATED_OSMIUM;9987;22;9986;15;9985;12;10003;14;10004;13;10006;13;9995.0;0.0
15;19500;INTARIAN_PEPPER_ROOT;28016;12;28013;9;;;28029;9;28030;8;;;28022.5;0.0
15;19600;ASH_COATED_OSMIUM;9992;10;9989;11;9988;10;10008;14;10009;14;10011;11;10000.5;0.0
15;19600;INTARIAN_PEPPER_ROOT;28010;8;28007;12;28004;10;28025;23;28026;22;28027;12;28018.0;0.0
15;19700;ASH_COATED_OSMIUM;9992;14;9991;15;9989;13;10008;20;10010;10;10012;10;10000.0;0.0
15;19700;INTARIAN_PEPPER_ROOT;28014;12;28012;9;;;28025;25;28026;18;;;28020.0;0.0
15;19800;ASH_COATED_OSMIUM;9986;11;9985;13;;;10002;29;10004;24;;;9994.5;0.0
15;19800;INTARIAN_PEPPER_ROOT;28010;9;28008;8;28006;12;28026;9;28028;10;28029;8;28018.5;0.0
15;19900;ASH_COATED_OSMIUM;9985;10;9983;12;9982;12;10004;28;10005;10;10008;12;9994.5;0.0
15;19900;INTARIAN_PEPPER_ROOT;28016;10;;;;;28027;8;;;;;28021.5;0.0
15;20000;ASH_COATED_OSMIUM;9986;13;9985;11;;;10002;14;10004;13;;;9994.0;0.0
15;20000;INTARIAN_PEPPER_ROOT;28011;22;28008;10;;;28025;15;28028;10;;;28018.0;0.0
15;20100;ASH_COATED_OSMIUM;9986;15;;;;;10002;13;;;;;9994.0;0.0
15;20100;INTARIAN_PEPPER_ROOT;28012;12;;;;;28026;10;;;;;28019.5;0.0
15;20200;ASH_COATED_OSMIUM;9987;26;9985;13;9982;10;10003;29;10005;11;10007;11;9995.0;0.0
15;20200;INTARIAN_PEPPER_ROOT;28009;9;28006;8;28005;8;28022;12;28025;12;28027;10;28015.5;0.0
15;20300;ASH_COATED_OSMIUM;9992;11;9991;24;;;10008;30;10010;12;;;10000.0;0.0
15;20300;INTARIAN_PEPPER_ROOT;28014;10;;;;;28026;10;;;;;28020.0;0.0
15;20400;ASH_COATED_OSMIUM;9992;14;9991;12;9989;15;10008;14;10010;21;10012;14;10000.0;0.0
15;20400;INTARIAN_PEPPER_ROOT;28015;12;;;;;28029;12;;;;;28022.0;0.0
15;20500;ASH_COATED_OSMIUM;9986;12;9984;11;9983;25;10002;12;10004;14;10005;15;9994.5;0.0
15;20500;INTARIAN_PEPPER_ROOT;28017;8;;;;;28030;8;;;;;28024.0;0.0
15;20600;ASH_COATED_OSMIUM;9992;10;9991;4;;;10008;15;10010;15;;;10000.0;0.0
15;20600;INTARIAN_PEPPER_ROOT;28013;8;28011;12;28010;10;28028;8;28029;19;28030;10;28020.5;0.0
15;20700;ASH_COATED_OSMIUM;9986;14;9983;12;;;10002;11;10003;23;;;9994.5;0.0
15;20700;INTARIAN_PEPPER_ROOT;28009;8;;;;;28023;24;;;;;28016.5;0.0
15;20800;ASH_COATED_OSMIUM;9986;20;;;;;10002;13;;;;;9994.5;0.0
15;20800;INTARIAN_PEPPER_ROOT;28016;12;28013;9;;;28029;8;28031;8;;;28023.0;0.0
15;20900;ASH_COATED_OSMIUM;9996;14;;;;;10002;15;;;;;9999.5;0.0
15;20900;INTARIAN_PEPPER_ROOT;28021;22;28018;10;;;28033;12;28036;11;;;28027.5;0.0
15;21000;ASH_COATED_OSMIUM;9986;10;;;;;10002;15;;;;;9994.5;0.0
15;21000;INTARIAN_PEPPER_ROOT;28016;12;28014;9;28011;12;28030;9;28031;11;28034;12;28023.5;0.0
15;21100;ASH_COATED_OSMIUM;9991;12;9989;27;;;10007;15;10009;28;;;9999.5;0.0
15;21100;INTARIAN_PEPPER_ROOT;28015;10;;;;;28027;21;;;;;28021.0;0.0
15;21200;ASH_COATED_OSMIUM;9985;23;;;;;10003;11;;;;;9994.5;0.0
15;21200;INTARIAN_PEPPER_ROOT;28017;11;28014;11;28012;23;28026;11;28029;9;28031;16;28022.0;0.0
15;21300;ASH_COATED_OSMIUM;9989;13;9986;15;9985;15;9999;13;10001;14;10002;14;9994.5;0.0
15;21300;INTARIAN_PEPPER_ROOT;28017;8;28014;11;28012;11;28030;12;28031;12;28033;20;28024.0;0.0
15;21400;ASH_COATED_OSMIUM;9996;15;9994;26;;;10003;12;10006;13;;;9999.5;0.0
15;21400;INTARIAN_PEPPER_ROOT;28014;12;28012;11;;;28027;12;28030;11;;;28020.5;0.0
15;21500;ASH_COATED_OSMIUM;9991;11;9989;13;9987;12;10007;10;10008;15;10009;27;9999.0;0.0
15;21500;INTARIAN_PEPPER_ROOT;28014;17;28012;11;;;28028;8;28031;8;;;28021.0;0.0
15;21600;ASH_COATED_OSMIUM;9990;15;9987;15;;;10006;12;10007;25;;;9998.5;0.0
15;21600;INTARIAN_PEPPER_ROOT;28017;11;28016;8;;;28031;11;28033;12;;;28024.0;0.0
15;21700;ASH_COATED_OSMIUM;9987;14;;;;;10000;13;;;;;9993.5;0.0
15;21700;INTARIAN_PEPPER_ROOT;28016;11;28014;12;28012;12;28028;8;28030;12;28033;11;28022.0;0.0
15;21800;ASH_COATED_OSMIUM;9985;10;9984;15;;;10001;14;10003;11;;;9993.0;0.0
15;21800;INTARIAN_PEPPER_ROOT;28016;9;28015;9;;;28027;10;28030;10;;;28021.5;0.0
15;21900;ASH_COATED_OSMIUM;9989;21;;;;;10007;13;;;;;9998.0;0.0
15;21900;INTARIAN_PEPPER_ROOT;28013;8;;;;;28026;24;;;;;28020.0;0.0
15;22000;ASH_COATED_OSMIUM;9983;13;9981;15;9978;11;10002;24;10005;12;10006;5;9993.0;0.0
15;22000;INTARIAN_PEPPER_ROOT;28019;8;28017;9;;;28022;11;28025;8;;;28020.5;0.0
15;22100;ASH_COATED_OSMIUM;9990;10;9988;21;;;10006;13;10009;13;;;9998.5;0.0
15;22100;INTARIAN_PEPPER_ROOT;28015;9;28012;10;;;28031;11;28033;12;;;28023.0;0.0
15;22200;ASH_COATED_OSMIUM;9994;12;9991;11;9990;13;10003;12;10005;15;10007;10;9998.5;0.0
15;22200;INTARIAN_PEPPER_ROOT;28013;8;;;;;28027;10;;;;;28020.5;0.0
15;22300;ASH_COATED_OSMIUM;9985;13;;;;;10001;10;;;;;9993.0;0.0
15;22300;INTARIAN_PEPPER_ROOT;28012;10;;;;;28024;10;;;;;28018.0;0.0
15;22400;ASH_COATED_OSMIUM;9983;11;;;;;10001;13;;;;;9992.5;0.0
15;22400;INTARIAN_PEPPER_ROOT;28019;8;;;;;28030;15;;;;;28025.0;0.0
15;22500;ASH_COATED_OSMIUM;9984;15;9982;15;;;10000;3;10001;13;;;9992.0;0.0
15;22500;INTARIAN_PEPPER_ROOT;28014;9;28013;11;28010;10;28031;8;28034;11;28035;9;28022.5;0.0
15;22600;ASH_COATED_OSMIUM;9989;13;9988;22;;;9996;11;9998;10;;;9992.5;0.0
15;22600;INTARIAN_PEPPER_ROOT;28016;8;;;;;28027;9;;;;;28021.5;0.0
15;22700;ASH_COATED_OSMIUM;9990;24;;;;;10006;14;;;;;9998.0;0.0
15;22700;INTARIAN_PEPPER_ROOT;28014;17;28011;9;;;28032;10;28033;8;;;28023.0;0.0
15;22800;ASH_COATED_OSMIUM;9983;12;;;;;9999;13;;;;;9991.5;0.0
15;22800;INTARIAN_PEPPER_ROOT;28018;8;28015;10;28013;11;28029;11;28030;20;28033;9;28023.5;0.0
15;22900;ASH_COATED_OSMIUM;9983;15;9982;14;9979;14;9999;11;10001;10;10002;5;9991.0;0.0
15;22900;INTARIAN_PEPPER_ROOT;28011;8;28010;11;;;28023;21;28026;12;;;28017.5;0.0
15;23000;ASH_COATED_OSMIUM;9988;12;;;;;10004;13;;;;;9996.5;0.0
15;23000;INTARIAN_PEPPER_ROOT;28014;10;28012;10;;;28026;10;28028;9;;;28020.5;0.0
15;23100;ASH_COATED_OSMIUM;9983;14;9981;13;;;9999;14;10000;12;;;9991.0;0.0
15;23100;INTARIAN_PEPPER_ROOT;28016;20;28015;9;;;28029;12;28031;8;;;28023.0;0.0
15;23200;ASH_COATED_OSMIUM;9979;15;9978;15;;;10000;22;10001;25;;;9989.5;0.0
15;23200;INTARIAN_PEPPER_ROOT;28012;12;28009;12;;;28028;19;28030;20;;;28020.0;0.0
15;23300;ASH_COATED_OSMIUM;9987;12;9985;14;;;10003;13;10004;27;;;9995.0;0.0
15;23300;INTARIAN_PEPPER_ROOT;28015;10;28014;17;28012;11;28028;9;28030;9;28033;12;28022.0;0.0
15;23400;ASH_COATED_OSMIUM;9981;15;9978;14;9977;25;9997;14;10000;26;10001;11;9989.5;0.0
15;23400;INTARIAN_PEPPER_ROOT;28017;10;28014;24;28012;9;28032;22;28035;8;28036;11;28025.0;0.0
15;23500;ASH_COATED_OSMIUM;9986;22;9985;14;9984;11;10002;15;10005;11;10006;20;9994.5;0.0
15;23500;INTARIAN_PEPPER_ROOT;28014;15;28012;12;28011;12;28031;12;28032;17;28035;8;28022.5;0.0
15;23600;ASH_COATED_OSMIUM;9987;24;;;;;10003;11;;;;;9995.0;0.0
15;23600;INTARIAN_PEPPER_ROOT;28014;6;28012;10;;;28030;8;28033;8;;;28022.5;0.0
15;23700;ASH_COATED_OSMIUM;9986;11;;;;;10004;10;;;;;9995.5;0.0
15;23700;INTARIAN_PEPPER_ROOT;28014;8;28013;24;28012;19;28031;25;28034;12;28036;11;28022.5;0.0
15;23800;ASH_COATED_OSMIUM;9987;12;9984;20;;;10003;10;10006;15;;;9995.5;0.0
15;23800;INTARIAN_PEPPER_ROOT;28016;10;28013;9;;;28029;10;28030;10;;;28023.0;0.0
15;23900;ASH_COATED_OSMIUM;9987;11;;;;;10005;4;;;;;9996.0;0.0
15;23900;INTARIAN_PEPPER_ROOT;28016;8;28014;8;;;28032;17;28034;9;;;28024.0;0.0
15;24000;ASH_COATED_OSMIUM;9982;10;9980;15;9977;13;9998;14;10001;10;10004;12;9990.0;0.0
15;24000;INTARIAN_PEPPER_ROOT;28014;12;28011;23;28009;10;28032;9;28035;12;28038;11;28023.0;0.0
15;24100;ASH_COATED_OSMIUM;9987;10;9985;10;;;10003;12;10005;25;;;9995.0;0.0
15;24100;INTARIAN_PEPPER_ROOT;28017;23;28016;8;;;28031;20;28034;20;;;28024.0;0.0
15;24200;ASH_COATED_OSMIUM;9987;15;9984;13;9983;12;10003;12;10005;13;10008;11;9995.5;0.0
15;24200;INTARIAN_PEPPER_ROOT;28024;22;;;;;28026;12;;;;;28025.0;0.0
15;24300;ASH_COATED_OSMIUM;9988;26;;;;;10004;15;;;;;9996.0;0.0
15;24300;INTARIAN_PEPPER_ROOT;28017;11;28015;8;;;28029;8;28032;8;;;28023.0;0.0
15;24400;ASH_COATED_OSMIUM;9982;15;9979;10;;;9998;26;10000;13;;;9990.5;0.0
15;24400;INTARIAN_PEPPER_ROOT;28017;8;;;;;28028;12;;;;;28023.0;0.0
15;24500;ASH_COATED_OSMIUM;9986;14;;;;;10004;12;;;;;9995.5;0.0
15;24500;INTARIAN_PEPPER_ROOT;28016;10;28014;23;28012;9;28033;16;28035;10;28036;9;28025.0;0.0
15;24600;ASH_COATED_OSMIUM;9987;10;;;;;10003;26;;;;;9995.5;0.0
15;24600;INTARIAN_PEPPER_ROOT;28017;12;;;;;28029;12;;;;;28023.5;0.0
15;24700;ASH_COATED_OSMIUM;9987;14;9984;11;;;10005;11;10006;15;;;9996.0;0.0
15;24700;INTARIAN_PEPPER_ROOT;28015;10;;;;;28027;11;;;;;28021.0;0.0
15;24800;ASH_COATED_OSMIUM;9986;11;9984;14;;;10005;10;10006;12;;;9996.0;0.0
15;24800;INTARIAN_PEPPER_ROOT;28019;10;28016;8;28014;11;28031;11;28032;11;28035;11;28025.0;0.0
15;24900;ASH_COATED_OSMIUM;9982;12;9979;14;;;9998;11;9999;13;;;9990.5;0.0
15;24900;INTARIAN_PEPPER_ROOT;28015;8;28014;9;28012;9;28027;16;28028;9;28031;9;28021.5;0.0
15;25000;ASH_COATED_OSMIUM;9987;10;9986;25;9984;13;10003;13;10006;23;10007;12;9995.5;0.0
15;25000;INTARIAN_PEPPER_ROOT;28017;11;28014;12;;;28031;8;28033;15;;;28024.0;0.0
15;25100;ASH_COATED_OSMIUM;9981;13;;;;;10000;10;;;;;9990.5;0.0
15;25100;INTARIAN_PEPPER_ROOT;28024;9;28023;11;28021;9;28035;10;28037;9;28040;12;28030.0;0.0
15;25200;ASH_COATED_OSMIUM;9986;15;9985;10;9983;15;10005;15;10006;29;10008;13;9995.5;0.0
15;25200;INTARIAN_PEPPER_ROOT;28017;8;28016;10;28015;9;28031;9;28032;9;28033;9;28024.5;0.0
15;25300;ASH_COATED_OSMIUM;9987;30;9984;10;;;10003;26;10006;12;;;9995.5;0.0
15;25300;INTARIAN_PEPPER_ROOT;28022;10;28020;10;28019;23;28034;8;28036;10;28037;8;28028.5;0.0
15;25400;ASH_COATED_OSMIUM;9982;12;9980;15;;;9998;11;9999;11;;;9990.0;0.0
15;25400;INTARIAN_PEPPER_ROOT;28018;17;28017;10;;;28030;11;28032;23;;;28024.0;0.0
15;25500;ASH_COATED_OSMIUM;9982;3;9979;11;9978;13;9998;12;10001;11;10002;12;9990.0;0.0
15;25500;INTARIAN_PEPPER_ROOT;28017;22;28014;17;;;28034;18;28037;8;;;28025.5;0.0
15;25600;ASH_COATED_OSMIUM;9987;15;9984;14;9981;11;10003;11;10004;25;10005;11;9995.5;0.0
15;25600;INTARIAN_PEPPER_ROOT;28020;8;28017;12;28014;8;28037;8;28038;10;28039;10;28029.0;0.0
15;25700;ASH_COATED_OSMIUM;9985;29;;;;;10004;10;;;;;9995.0;0.0
15;25700;INTARIAN_PEPPER_ROOT;28019;22;28018;12;;;28033;12;28036;10;;;28026.0;0.0
15;25800;ASH_COATED_OSMIUM;9981;14;;;;;9997;11;;;;;9989.5;0.0
15;25800;INTARIAN_PEPPER_ROOT;28016;12;28013;11;;;28032;6;28035;12;;;28024.5;0.0
15;25900;ASH_COATED_OSMIUM;9981;10;9979;11;;;9997;13;9999;12;;;9989.5;0.0
15;25900;INTARIAN_PEPPER_ROOT;28020;12;28017;8;;;28033;12;28035;8;;;28026.5;0.0
15;26000;ASH_COATED_OSMIUM;9987;10;;;;;10003;10;;;;;9995.0;0.0
15;26000;INTARIAN_PEPPER_ROOT;28021;10;28019;9;;;28032;25;28035;12;;;28027.0;0.0
15;26100;ASH_COATED_OSMIUM;9980;13;9977;13;;;9999;15;10002;10;;;9989.5;0.0
15;26100;INTARIAN_PEPPER_ROOT;28026;19;28023;10;28022;23;28029;20;28031;12;28033;9;28028.0;0.0
15;26200;ASH_COATED_OSMIUM;9980;21;;;;;9998;13;;;;;9989.5;0.0
15;26200;INTARIAN_PEPPER_ROOT;28024;8;28022;9;;;28036;12;28039;11;;;28030.0;0.0
15;26300;ASH_COATED_OSMIUM;9987;15;;;;;10003;12;;;;;9995.0;0.0
15;26300;INTARIAN_PEPPER_ROOT;28016;8;28014;12;;;28031;11;28032;11;;;28024.0;0.0
15;26400;ASH_COATED_OSMIUM;9987;10;9986;10;;;10003;14;10005;13;;;9995.0;0.0
15;26400;INTARIAN_PEPPER_ROOT;28021;8;28018;10;28017;9;28032;8;28035;8;28037;10;28027.0;0.0
15;26500;ASH_COATED_OSMIUM;9985;15;9983;2;;;10004;20;10007;13;;;9994.5;0.0
15;26500;INTARIAN_PEPPER_ROOT;28017;8;28014;19;;;28029;11;28030;8;;;28023.5;0.0
15;26600;ASH_COATED_OSMIUM;9985;14;9982;11;9981;28;10003;11;10006;14;10008;12;9994.5;0.0
15;26600;INTARIAN_PEPPER_ROOT;28020;10;28019;10;28018;10;28033;22;28035;9;28037;8;28026.5;0.0
15;26700;ASH_COATED_OSMIUM;9981;10;9980;15;;;9997;21;10000;14;;;9989.0;0.0
15;26700;INTARIAN_PEPPER_ROOT;28019;9;28016;17;28013;8;28031;10;28034;12;28037;8;28025.0;0.0
15;26800;ASH_COATED_OSMIUM;9985;10;9983;13;;;10001;11;10002;21;;;9993.5;0.0
15;26800;INTARIAN_PEPPER_ROOT;28020;12;28017;9;28015;21;28034;9;28037;10;28038;8;28027.5;0.0
15;26900;ASH_COATED_OSMIUM;9986;12;9984;11;9982;11;10002;5;10005;11;10006;14;9994.0;0.0
15;26900;INTARIAN_PEPPER_ROOT;28020;8;28018;10;;;28034;12;28036;8;;;28027.5;0.0
15;27000;ASH_COATED_OSMIUM;9986;15;9984;15;;;10002;10;10003;10;;;9994.0;0.0
15;27000;INTARIAN_PEPPER_ROOT;28021;8;;;;;28037;8;;;;;28029.5;0.0
15;27100;ASH_COATED_OSMIUM;9980;15;9977;21;;;9996;13;9999;12;;;9988.5;0.0
15;27100;INTARIAN_PEPPER_ROOT;28015;9;28013;10;;;28028;4;28030;10;;;28022.0;0.0
15;27200;ASH_COATED_OSMIUM;9985;12;9983;14;;;10001;10;10003;22;;;9993.5;0.0
15;27200;INTARIAN_PEPPER_ROOT;28024;9;;;;;28035;7;;;;;28030.0;0.0
15;27300;ASH_COATED_OSMIUM;9980;29;;;;;9996;10;;;;;9988.5;0.0
15;27300;INTARIAN_PEPPER_ROOT;28022;16;;;;;28035;8;;;;;28028.5;0.0
15;27400;ASH_COATED_OSMIUM;9979;15;9977;10;;;9997;26;9999;25;;;9988.0;0.0
15;27400;INTARIAN_PEPPER_ROOT;28024;11;;;;;28037;24;;;;;28031.0;0.0
15;27500;ASH_COATED_OSMIUM;9988;10;9987;13;;;9998;14;10001;12;;;9993.5;0.0
15;27500;INTARIAN_PEPPER_ROOT;28017;10;;;;;28033;12;;;;;28025.5;0.0
15;27600;ASH_COATED_OSMIUM;9984;12;9982;10;;;10003;15;10005;12;;;9993.5;0.0
15;27600;INTARIAN_PEPPER_ROOT;28020;9;;;;;28034;24;;;;;28027.5;0.0
15;27700;ASH_COATED_OSMIUM;9980;12;;;;;9996;15;;;;;9988.0;0.0
15;27700;INTARIAN_PEPPER_ROOT;28025;9;28024;12;;;28037;17;28039;12;;;28031.5;0.0
15;27800;ASH_COATED_OSMIUM;9985;14;9984;10;;;10001;11;10004;23;;;9993.0;0.0
15;27800;INTARIAN_PEPPER_ROOT;28020;20;;;;;28035;10;;;;;28028.0;0.0
15;27900;ASH_COATED_OSMIUM;9986;11;;;;;9991;14;;;;;9989.0;0.0
15;27900;INTARIAN_PEPPER_ROOT;28019;8;;;;;28036;12;;;;;28028.0;0.0
15;28000;ASH_COATED_OSMIUM;9986;15;9985;11;;;10002;13;10004;15;;;9994.0;0.0
15;28000;INTARIAN_PEPPER_ROOT;28022;8;28021;6;28020;11;28035;18;28038;10;28040;12;28028.5;0.0
15;28100;ASH_COATED_OSMIUM;9981;28;9980;14;;;9997;11;9999;10;;;9989.0;0.0
15;28100;INTARIAN_PEPPER_ROOT;28022;22;;;;;28037;25;;;;;28029.5;0.0
15;28200;ASH_COATED_OSMIUM;9979;12;9978;15;;;9997;13;9998;12;;;9988.5;0.0
15;28200;INTARIAN_PEPPER_ROOT;28024;17;28023;12;;;28036;11;28037;11;;;28030.5;0.0
15;28300;ASH_COATED_OSMIUM;9985;14;9984;15;;;10001;13;10002;10;;;9993.5;0.0
15;28300;INTARIAN_PEPPER_ROOT;28020;21;;;;;28033;12;;;;;28027.0;0.0
15;28400;ASH_COATED_OSMIUM;9981;10;9980;20;;;9997;14;10000;21;;;9989.0;0.0
15;28400;INTARIAN_PEPPER_ROOT;28020;8;28018;10;;;28034;12;28036;10;;;28027.5;0.0
15;28500;ASH_COATED_OSMIUM;9981;24;9979;10;;;9997;11;9998;15;;;9989.5;0.0
15;28500;INTARIAN_PEPPER_ROOT;28023;9;28020;12;;;28036;8;28037;8;;;28029.5;0.0
15;28600;ASH_COATED_OSMIUM;9980;21;9979;26;9977;14;9999;28;10002;13;10004;13;9989.5;0.0
15;28600;INTARIAN_PEPPER_ROOT;28025;9;28022;10;;;28036;9;28037;9;;;28031.0;0.0
15;28700;ASH_COATED_OSMIUM;9987;14;9984;10;9983;13;10003;13;10005;21;10006;27;9995.0;0.0
15;28700;INTARIAN_PEPPER_ROOT;28018;11;;;;;28034;18;;;;;28026.5;0.0
15;28800;ASH_COATED_OSMIUM;9982;15;9980;14;;;9998;12;10000;20;;;9990.0;0.0
15;28800;INTARIAN_PEPPER_ROOT;28020;12;;;;;28034;8;;;;;28027.5;0.0
15;28900;ASH_COATED_OSMIUM;9982;10;9979;10;9976;25;9998;10;10000;11;10001;14;9990.0;0.0
15;28900;INTARIAN_PEPPER_ROOT;28026;9;;;;;28038;9;;;;;28032.5;0.0
15;29000;ASH_COATED_OSMIUM;9987;12;9985;5;;;10003;12;10005;13;;;9995.5;0.0
15;29000;INTARIAN_PEPPER_ROOT;28023;8;;;;;28034;8;;;;;28028.5;0.0
15;29100;ASH_COATED_OSMIUM;9987;11;9986;22;9984;11;10003;30;10004;13;10005;10;9995.5;0.0
15;29100;INTARIAN_PEPPER_ROOT;28022;12;28020;10;;;28033;11;28036;7;;;28027.5;0.0
15;29200;ASH_COATED_OSMIUM;9981;10;;;;;9999;13;;;;;9990.0;0.0
15;29200;INTARIAN_PEPPER_ROOT;28023;25;28020;11;28018;8;28037;10;28040;12;28041;10;28030.5;0.0
15;29300;ASH_COATED_OSMIUM;9987;10;;;;;10003;21;;;;;9995.5;0.0
15;29300;INTARIAN_PEPPER_ROOT;28023;10;28022;10;28021;11;28035;11;28038;12;28041;22;28029.0;0.0
15;29400;ASH_COATED_OSMIUM;9988;13;9986;12;9985;12;10004;11;10006;23;10008;15;9996.0;0.0
15;29400;INTARIAN_PEPPER_ROOT;28022;25;28019;11;;;28033;12;28036;11;;;28027.5;0.0
15;29500;ASH_COATED_OSMIUM;9986;10;9985;13;;;10005;13;10008;14;;;9996.0;0.0
15;29500;INTARIAN_PEPPER_ROOT;28023;12;28022;8;;;28034;10;28037;11;;;28028.5;0.0
15;29600;ASH_COATED_OSMIUM;9983;15;;;;;9999;13;;;;;9991.0;0.0
15;29600;INTARIAN_PEPPER_ROOT;28026;8;28023;10;;;28038;10;28041;8;;;28032.0;0.0
15;29700;ASH_COATED_OSMIUM;9982;15;;;;;9998;15;;;;;9990.5;0.0
15;29700;INTARIAN_PEPPER_ROOT;28023;23;28022;11;28021;8;28035;11;28037;12;28039;9;28029.5;0.0
15;29800;ASH_COATED_OSMIUM;9987;14;9984;25;;;10003;11;10004;12;;;9995.5;0.0
15;29800;INTARIAN_PEPPER_ROOT;28023;10;28020;8;;;28036;11;28037;9;;;28030.0;0.0
15;29900;ASH_COATED_OSMIUM;9987;12;;;;;10003;7;;;;;9995.5;0.0
15;29900;INTARIAN_PEPPER_ROOT;28023;8;28020;12;;;28034;12;28036;10;;;28029.0;0.0
15;30000;ASH_COATED_OSMIUM;9987;11;;;;;10003;13;;;;;9995.5;0.0
15;30000;INTARIAN_PEPPER_ROOT;28023;8;;;;;28034;24;;;;;28029.0;0.0
15;30100;ASH_COATED_OSMIUM;9988;25;9985;12;;;10004;11;10005;20;;;9996.0;0.0
15;30100;INTARIAN_PEPPER_ROOT;28022;8;28021;11;28019;10;28038;8;28040;10;28042;9;28030.5;0.0
15;30200;ASH_COATED_OSMIUM;9983;11;9980;11;9978;14;9999;21;10000;28;10001;15;9991.0;0.0
15;30200;INTARIAN_PEPPER_ROOT;28022;12;28020;9;;;28039;8;28041;12;;;28031.0;0.0
15;30300;ASH_COATED_OSMIUM;9986;15;;;;;9995;11;;;;;9991.0;0.0
15;30300;INTARIAN_PEPPER_ROOT;28026;8;28023;9;;;28039;11;28042;8;;;28033.0;0.0
15;30400;ASH_COATED_OSMIUM;9988;15;9987;14;9985;14;10004;15;10005;20;10007;4;9996.5;0.0
15;30400;INTARIAN_PEPPER_ROOT;28025;11;28023;10;28022;9;28036;15;28038;19;28040;11;28031.0;0.0
15;30500;ASH_COATED_OSMIUM;9982;14;9981;12;;;10000;25;10003;10;;;9991.5;0.0
15;30500;INTARIAN_PEPPER_ROOT;28023;8;28022;19;;;28038;10;28039;19;;;28031.0;0.0
15;30600;ASH_COATED_OSMIUM;9989;11;9987;10;;;10005;11;10006;12;;;9997.0;0.0
15;30600;INTARIAN_PEPPER_ROOT;28027;12;28024;23;28022;9;28039;10;28042;8;28045;12;28033.0;0.0
15;30700;ASH_COATED_OSMIUM;9981;14;9978;24;9975;5;10000;10;10002;14;10003;22;9991.0;0.0
15;30700;INTARIAN_PEPPER_ROOT;28025;11;28023;10;;;28037;12;28039;20;;;28031.5;0.0
15;30800;ASH_COATED_OSMIUM;9983;7;9982;13;;;9999;12;10001;10;;;9991.0;0.0
15;30800;INTARIAN_PEPPER_ROOT;28023;11;28021;12;28019;8;28038;9;28040;20;28042;11;28031.0;0.0
15;30900;ASH_COATED_OSMIUM;9983;13;9982;10;;;9999;14;10001;13;;;9991.5;0.0
15;30900;INTARIAN_PEPPER_ROOT;28029;10;28027;12;28026;9;28041;8;28042;12;28044;8;28035.0;0.0
15;31000;ASH_COATED_OSMIUM;9983;14;9980;11;9978;14;9999;12;10001;14;10003;13;9991.0;0.0
15;31000;INTARIAN_PEPPER_ROOT;28032;10;28029;18;;;28041;10;28043;12;;;28036.5;0.0
15;31100;ASH_COATED_OSMIUM;9993;13;;;;;9999;14;;;;;9996.0;0.0
15;31100;INTARIAN_PEPPER_ROOT;28024;7;28023;9;;;28037;11;28039;11;;;28031.0;0.0
15;31200;ASH_COATED_OSMIUM;9981;11;9978;15;;;10000;12;10001;3;;;9991.0;0.0
15;31200;INTARIAN_PEPPER_ROOT;28029;11;28027;11;28024;9;28032;10;28033;9;28034;9;28030.5;0.0
15;31300;ASH_COATED_OSMIUM;9983;14;9980;14;;;9999;11;10002;12;;;9991.0;0.0
15;31300;INTARIAN_PEPPER_ROOT;28022;10;28019;9;28018;10;28039;7;28042;10;28044;9;28031.0;0.0
15;31400;ASH_COATED_OSMIUM;9989;11;9988;14;9987;4;10004;14;10007;23;10010;4;9996.5;0.0
15;31400;INTARIAN_PEPPER_ROOT;28024;12;;;;;28036;8;;;;;28030.0;0.0
15;31500;ASH_COATED_OSMIUM;9982;13;;;;;10001;10;;;;;9992.0;0.0
15;31500;INTARIAN_PEPPER_ROOT;28032;17;28030;22;28029;5;28043;9;28044;9;28045;10;28038.0;0.0
15;31600;ASH_COATED_OSMIUM;9983;15;9982;3;;;9999;15;10000;11;;;9991.0;0.0
15;31600;INTARIAN_PEPPER_ROOT;28025;12;;;;;28036;15;;;;;28030.5;0.0
15;31700;ASH_COATED_OSMIUM;9986;12;9983;10;9982;13;9996;11;9999;11;10001;10;9991.0;0.0
15;31700;INTARIAN_PEPPER_ROOT;28021;12;28020;11;28017;9;28033;12;28035;8;28036;9;28027.5;0.0
15;31800;ASH_COATED_OSMIUM;9990;11;9989;27;;;10001;14;10003;15;;;9996.0;0.0
15;31800;INTARIAN_PEPPER_ROOT;28021;18;;;;;28034;4;;;;;28027.5;0.0
15;31900;ASH_COATED_OSMIUM;9988;15;9985;14;;;10004;26;10007;10;;;9996.5;0.0
15;31900;INTARIAN_PEPPER_ROOT;28027;17;28025;10;28022;10;28039;10;28042;10;28045;8;28033.0;0.0
15;32000;ASH_COATED_OSMIUM;9981;22;;;;;10000;14;;;;;9991.0;0.0
15;32000;INTARIAN_PEPPER_ROOT;28032;20;;;;;28043;10;;;;;28037.5;0.0
15;32100;ASH_COATED_OSMIUM;9988;13;;;;;10004;14;;;;;9996.5;0.0
15;32100;INTARIAN_PEPPER_ROOT;28025;17;28024;12;28021;22;28041;12;28043;9;28045;10;28033.0;0.0
15;32200;ASH_COATED_OSMIUM;9987;28;9986;14;;;10006;15;10007;15;;;9997.0;0.0
15;32200;INTARIAN_PEPPER_ROOT;28024;10;28023;9;;;28037;10;28040;11;;;28031.0;0.0
15;32300;ASH_COATED_OSMIUM;9989;14;;;;;10005;10;;;;;9997.0;0.0
15;32300;INTARIAN_PEPPER_ROOT;28025;15;;;;;28040;10;;;;;28033.0;0.0
15;32400;ASH_COATED_OSMIUM;9982;21;9981;13;;;10001;13;10003;13;;;9992.0;0.0
15;32400;INTARIAN_PEPPER_ROOT;28030;8;28029;9;;;28041;12;28042;9;;;28035.5;0.0
15;32500;ASH_COATED_OSMIUM;9986;11;;;;;10007;12;;;;;9997.0;0.0
15;32500;INTARIAN_PEPPER_ROOT;28023;11;28021;10;28019;8;28037;11;28039;8;28041;11;28030.5;0.0
15;32600;ASH_COATED_OSMIUM;9984;14;9981;15;;;10000;26;10001;13;;;9992.0;0.0
15;32600;INTARIAN_PEPPER_ROOT;28027;8;28026;9;;;28043;11;28044;17;;;28035.0;0.0
15;32700;ASH_COATED_OSMIUM;9984;14;;;;;10000;13;;;;;9992.0;0.0
15;32700;INTARIAN_PEPPER_ROOT;28028;21;28027;11;28024;12;28040;10;28043;9;28046;9;28034.0;0.0
15;32800;ASH_COATED_OSMIUM;9984;12;9981;13;;;10000;11;10003;23;;;9992.0;0.0
15;32800;INTARIAN_PEPPER_ROOT;28027;17;28026;11;;;28038;12;28040;12;;;28033.0;0.0
15;32900;ASH_COATED_OSMIUM;9984;10;;;;;10000;24;;;;;9992.0;0.0
15;32900;INTARIAN_PEPPER_ROOT;28030;11;;;;;28032;12;;;;;28031.5;0.0
15;33000;ASH_COATED_OSMIUM;9984;14;;;;;10000;23;;;;;9992.5;0.0
15;33000;INTARIAN_PEPPER_ROOT;28023;12;28021;9;;;28036;12;28038;21;;;28030.0;0.0
15;33100;ASH_COATED_OSMIUM;9989;10;;;;;10005;15;;;;;9997.5;0.0
15;33100;INTARIAN_PEPPER_ROOT;28026;11;28025;11;28022;8;28038;11;28039;12;28041;8;28032.5;0.0
15;33200;ASH_COATED_OSMIUM;9989;15;9986;14;;;9996;14;9997;11;;;9992.5;0.0
15;33200;INTARIAN_PEPPER_ROOT;28025;8;28024;9;;;28039;15;28041;25;;;28032.5;0.0
15;33300;ASH_COATED_OSMIUM;9991;15;9989;15;;;10007;14;10010;14;;;9999.0;0.0
15;33300;INTARIAN_PEPPER_ROOT;28022;10;28021;8;;;28042;11;28045;11;;;28032.0;0.0
15;33400;ASH_COATED_OSMIUM;9985;6;9983;15;9981;21;10001;14;10003;11;10006;12;9993.5;0.0
15;33400;INTARIAN_PEPPER_ROOT;28026;10;;;;;28040;9;;;;;28033.0;0.0
15;33500;ASH_COATED_OSMIUM;9990;11;9989;10;;;10008;13;10009;15;;;9999.5;0.0
15;33500;INTARIAN_PEPPER_ROOT;28022;20;28020;8;;;28034;19;28035;12;;;28028.5;0.0
15;33600;ASH_COATED_OSMIUM;9985;12;9983;27;9980;23;10001;12;10004;12;10006;11;9993.5;0.0
15;33600;INTARIAN_PEPPER_ROOT;28027;18;28025;9;28023;12;28039;11;28041;10;28044;9;28033.0;0.0
15;33700;ASH_COATED_OSMIUM;9986;13;9984;10;;;10002;5;10003;3;;;9994.0;0.0
15;33700;INTARIAN_PEPPER_ROOT;28029;12;28028;10;28026;8;28045;11;28046;8;28049;12;28037.0;0.0
15;33800;ASH_COATED_OSMIUM;9991;12;9989;11;;;10007;14;10010;11;;;9999.0;0.0
15;33800;INTARIAN_PEPPER_ROOT;28027;12;28024;11;28022;9;28041;12;28042;11;28043;10;28034.5;0.0
15;33900;ASH_COATED_OSMIUM;9985;10;9983;15;;;10001;10;10004;13;;;9993.5;0.0
15;33900;INTARIAN_PEPPER_ROOT;28029;9;;;;;28041;10;;;;;28035.0;0.0
15;34000;ASH_COATED_OSMIUM;9989;2;9986;15;;;10008;11;10009;12;;;9999.0;0.0
15;34000;INTARIAN_PEPPER_ROOT;28027;12;28026;9;28025;12;28041;9;28044;11;28045;8;28034.5;0.0
15;34100;ASH_COATED_OSMIUM;9989;10;9986;14;9984;15;10008;10;10011;24;10013;13;9999.0;0.0
15;34100;INTARIAN_PEPPER_ROOT;28023;21;28020;8;;;28039;8;28042;10;;;28031.5;0.0
15;34200;ASH_COATED_OSMIUM;9983;10;9980;11;;;10002;11;10003;12;;;9993.0;0.0
15;34200;INTARIAN_PEPPER_ROOT;28024;11;;;;;28041;10;;;;;28033.0;0.0
15;34300;ASH_COATED_OSMIUM;9985;22;;;;;10001;11;;;;;9993.5;0.0
15;34300;INTARIAN_PEPPER_ROOT;28031;23;28030;11;28029;15;28042;17;28045;15;28046;20;28036.5;0.0
15;34400;ASH_COATED_OSMIUM;9990;14;9989;13;;;10006;12;10009;23;;;9998.0;0.0
15;34400;INTARIAN_PEPPER_ROOT;28028;12;;;;;28040;10;;;;;28034.0;0.0
15;34500;ASH_COATED_OSMIUM;9984;10;9982;14;9979;13;10000;25;10003;10;10005;15;9992.5;0.0
15;34500;INTARIAN_PEPPER_ROOT;28028;9;;;;;28043;10;;;;;28035.5;0.0
15;34600;ASH_COATED_OSMIUM;9989;26;;;;;9995;11;;;;;9992.5;0.0
15;34600;INTARIAN_PEPPER_ROOT;28027;10;28024;8;;;28041;10;28042;8;;;28034.0;0.0
15;34700;ASH_COATED_OSMIUM;9989;10;9986;11;9985;13;10005;11;10006;12;10009;13;9997.0;0.0
15;34700;INTARIAN_PEPPER_ROOT;28027;11;28024;23;28022;8;28042;8;28044;17;28046;23;28035.0;0.0
15;34800;ASH_COATED_OSMIUM;9983;11;;;;;9999;13;;;;;9991.5;0.0
15;34800;INTARIAN_PEPPER_ROOT;28026;8;28025;8;;;28043;9;28046;11;;;28034.5;0.0
15;34900;ASH_COATED_OSMIUM;9988;15;;;;;10006;14;;;;;9997.0;0.0
15;34900;INTARIAN_PEPPER_ROOT;28028;8;28027;11;;;28040;12;28043;23;;;28034.5;0.0
15;35000;ASH_COATED_OSMIUM;9983;14;9982;23;;;9999;4;10000;11;;;9991.5;0.0
15;35000;INTARIAN_PEPPER_ROOT;28032;11;28030;8;;;28045;15;28048;10;;;28038.5;0.0
15;35100;ASH_COATED_OSMIUM;9985;10;9982;11;;;9998;11;10000;13;;;9991.5;0.0
15;35100;INTARIAN_PEPPER_ROOT;28027;23;28025;10;28022;10;28044;8;28046;9;28047;8;28036.0;0.0
15;35200;ASH_COATED_OSMIUM;9989;11;9987;14;;;10005;14;10007;12;;;9997.0;0.0
15;35200;INTARIAN_PEPPER_ROOT;28031;11;28030;12;;;28045;11;28046;8;;;28038.0;0.0
15;35300;ASH_COATED_OSMIUM;9982;14;9979;13;;;10001;10;10003;9;;;9991.5;0.0
15;35300;INTARIAN_PEPPER_ROOT;28029;3;28028;12;28025;11;28046;11;28048;8;28049;20;28038.0;0.0
15;35400;ASH_COATED_OSMIUM;9982;27;9979;11;;;9998;12;10000;10;;;9990.5;0.0
15;35400;INTARIAN_PEPPER_ROOT;28027;8;28026;10;;;28041;12;28044;11;;;28034.0;0.0
15;35500;ASH_COATED_OSMIUM;9982;12;9980;13;;;9998;14;10000;28;;;9990.5;0.0
15;35500;INTARIAN_PEPPER_ROOT;28029;10;28027;9;28025;10;28043;8;28046;24;28048;11;28036.0;0.0
15;35600;ASH_COATED_OSMIUM;9987;13;9985;13;9984;14;10005;14;10006;14;10007;4;9996.0;0.0
15;35600;INTARIAN_PEPPER_ROOT;28027;23;28025;12;28022;11;28044;8;28046;23;28047;12;28036.0;0.0
15;35700;ASH_COATED_OSMIUM;9988;12;9985;28;9982;14;10004;14;10006;11;10009;20;9996.5;0.0
15;35700;INTARIAN_PEPPER_ROOT;28030;10;28029;10;28028;23;28042;12;28044;9;28045;10;28036.0;0.0
15;35800;ASH_COATED_OSMIUM;9983;11;9980;14;9979;13;9999;12;10002;14;10004;10;9991.5;0.0
15;35800;INTARIAN_PEPPER_ROOT;28028;9;;;;;28044;8;;;;;28036.0;0.0
15;35900;ASH_COATED_OSMIUM;9983;3;;;;;9999;13;;;;;9991.5;0.0
15;35900;INTARIAN_PEPPER_ROOT;28029;11;;;;;28040;9;;;;;28035.0;0.0
15;36000;ASH_COATED_OSMIUM;9983;10;9981;10;9980;10;9999;14;10002;11;10004;14;9991.5;0.0
15;36000;INTARIAN_PEPPER_ROOT;28029;8;;;;;28042;8;;;;;28036.0;0.0
15;36100;ASH_COATED_OSMIUM;9983;12;9982;21;;;9999;7;10001;12;;;9991.0;0.0
15;36100;INTARIAN_PEPPER_ROOT;28030;11;28029;10;28028;8;28038;8;28039;12;28041;16;28034.5;0.0
15;36200;ASH_COATED_OSMIUM;9982;10;9979;10;;;10000;10;10001;14;;;9991.0;0.0
15;36200;INTARIAN_PEPPER_ROOT;28028;11;;;;;28042;11;;;;;28035.0;0.0
15;36300;ASH_COATED_OSMIUM;9982;14;9979;6;;;10000;10;10001;10;;;9991.0;0.0
15;36300;INTARIAN_PEPPER_ROOT;28031;9;28030;9;28029;12;28042;11;28043;12;28046;8;28037.0;0.0
15;36400;ASH_COATED_OSMIUM;9981;12;9979;30;9978;28;10000;13;10002;11;10005;13;9990.5;0.0
15;36400;INTARIAN_PEPPER_ROOT;28031;25;28028;8;;;28045;8;28046;8;;;28038.5;0.0
15;36500;ASH_COATED_OSMIUM;9983;10;9980;13;9977;15;9999;10;10001;11;10002;10;9991.5;0.0
15;36500;INTARIAN_PEPPER_ROOT;28031;8;28028;9;28027;9;28045;11;28048;10;28050;10;28038.0;0.0
15;36600;ASH_COATED_OSMIUM;9982;11;9980;12;;;10001;10;10002;12;;;9991.5;0.0
15;36600;INTARIAN_PEPPER_ROOT;28029;17;;;;;28046;11;;;;;28037.5;0.0
15;36700;ASH_COATED_OSMIUM;9982;27;9981;22;;;10001;13;10003;12;;;9991.5;0.0
15;36700;INTARIAN_PEPPER_ROOT;28031;8;28028;8;;;28044;8;28046;8;;;28037.5;0.0
15;36800;ASH_COATED_OSMIUM;9982;10;9981;8;;;10000;11;10002;15;;;9991.5;0.0
15;36800;INTARIAN_PEPPER_ROOT;28033;12;;;;;28047;11;;;;;28040.0;0.0
15;36900;ASH_COATED_OSMIUM;9983;25;9982;13;;;9999;10;10001;12;;;9991.5;0.0
15;36900;INTARIAN_PEPPER_ROOT;28032;11;;;;;28043;10;;;;;28037.5;0.0
15;37000;ASH_COATED_OSMIUM;9980;27;9977;10;9975;25;10001;15;10004;27;10006;10;9991.0;0.0
15;37000;INTARIAN_PEPPER_ROOT;28027;8;;;;;28040;12;;;;;28033.5;0.0
15;37100;ASH_COATED_OSMIUM;9989;10;9987;14;;;10005;10;10008;22;;;9997.0;0.0
15;37100;INTARIAN_PEPPER_ROOT;28030;10;;;;;28042;18;;;;;28036.0;0.0
15;37200;ASH_COATED_OSMIUM;9983;13;;;;;9999;14;;;;;9991.0;0.0
15;37200;INTARIAN_PEPPER_ROOT;28029;8;;;;;28045;12;;;;;28037.5;0.0
15;37300;ASH_COATED_OSMIUM;9991;11;;;;;10002;28;;;;;9996.5;0.0
15;37300;INTARIAN_PEPPER_ROOT;28028;12;;;;;28045;12;;;;;28037.0;0.0
15;37400;ASH_COATED_OSMIUM;9988;11;9986;14;;;10004;11;10007;15;;;9996.0;0.0
15;37400;INTARIAN_PEPPER_ROOT;28029;25;28028;12;28026;8;28044;15;28047;11;28050;8;28037.0;0.0
15;37500;ASH_COATED_OSMIUM;9983;12;9981;12;;;9999;11;10002;13;;;9991.0;0.0
15;37500;INTARIAN_PEPPER_ROOT;28031;12;;;;;28043;12;;;;;28037.0;0.0
15;37600;ASH_COATED_OSMIUM;9988;12;9986;13;;;10004;20;10007;11;;;9996.5;0.0
15;37600;INTARIAN_PEPPER_ROOT;28030;10;28028;10;;;28046;9;28048;12;;;28038.5;0.0
15;37700;ASH_COATED_OSMIUM;9988;15;;;;;10004;13;;;;;9996.0;0.0
15;37700;INTARIAN_PEPPER_ROOT;28028;10;28026;8;;;28042;9;28045;25;;;28035.0;0.0
15;37800;ASH_COATED_OSMIUM;9988;14;;;;;10004;13;;;;;9996.0;0.0
15;37800;INTARIAN_PEPPER_ROOT;28036;19;;;;;28052;10;;;;;28044.5;0.0
15;37900;ASH_COATED_OSMIUM;9986;21;;;;;10005;12;;;;;9996.0;0.0
15;37900;INTARIAN_PEPPER_ROOT;28032;9;;;;;28043;9;;;;;28037.5;0.0
15;38000;ASH_COATED_OSMIUM;9988;14;9987;22;;;10004;10;10007;11;;;9996.5;0.0
15;38000;INTARIAN_PEPPER_ROOT;28031;11;28030;12;;;28042;4;28045;8;;;28037.0;0.0
15;38100;ASH_COATED_OSMIUM;9987;14;9986;13;;;9994;15;9996;5;;;9991.0;0.0
15;38100;INTARIAN_PEPPER_ROOT;28032;8;28029;12;;;28046;12;28049;12;;;28039.5;0.0
15;38200;ASH_COATED_OSMIUM;9988;10;;;;;10004;11;;;;;9996.5;0.0
15;38200;INTARIAN_PEPPER_ROOT;28038;12;28035;9;;;28041;15;28042;21;;;28039.5;0.0
15;38300;ASH_COATED_OSMIUM;9987;10;;;;;10006;12;;;;;9996.5;0.0
15;38300;INTARIAN_PEPPER_ROOT;28032;17;28029;11;;;28047;8;28048;11;;;28039.5;0.0
15;38400;ASH_COATED_OSMIUM;9989;11;;;;;10005;25;;;;;9997.0;0.0
15;38400;INTARIAN_PEPPER_ROOT;28032;9;;;;;28048;12;;;;;28040.0;0.0
15;38500;ASH_COATED_OSMIUM;9983;10;;;;;9999;15;;;;;9991.5;0.0
15;38500;INTARIAN_PEPPER_ROOT;28033;12;28030;10;;;28046;21;28049;12;;;28039.5;0.0
15;38600;ASH_COATED_OSMIUM;9987;27;9984;21;9983;12;10006;13;10009;13;10010;10;9996.5;0.0
15;38600;INTARIAN_PEPPER_ROOT;28032;8;28031;12;;;28044;8;28045;11;;;28038.5;0.0
15;38700;ASH_COATED_OSMIUM;9983;14;;;;;9999;15;;;;;9991.5;0.0
15;38700;INTARIAN_PEPPER_ROOT;28030;8;;;;;28045;11;;;;;28038.0;0.0
15;38800;ASH_COATED_OSMIUM;9992;12;;;;;10002;24;;;;;9997.0;0.0
15;38800;INTARIAN_PEPPER_ROOT;28031;12;28029;11;;;28042;8;28043;10;;;28037.0;0.0
15;38900;ASH_COATED_OSMIUM;9989;14;9987;15;;;10005;12;10008;27;;;9997.0;0.0
15;38900;INTARIAN_PEPPER_ROOT;28032;17;28030;8;28027;12;28043;25;28045;9;28046;8;28037.5;0.0
15;39000;ASH_COATED_OSMIUM;9994;12;9993;13;9992;15;10000;12;10002;10;10003;14;9997.0;0.0
15;39000;INTARIAN_PEPPER_ROOT;28036;9;;;;;28047;12;;;;;28041.5;0.0
15;39100;ASH_COATED_OSMIUM;9987;2;;;;;9996;27;;;;;9992.0;0.0
15;39100;INTARIAN_PEPPER_ROOT;28033;19;28031;12;28029;9;28044;12;28045;10;28046;18;28038.5;0.0
15;39200;ASH_COATED_OSMIUM;9989;10;;;;;10005;12;;;;;9997.5;0.0
15;39200;INTARIAN_PEPPER_ROOT;28031;17;28030;12;;;28046;8;28048;20;;;28038.5;0.0
15;39300;ASH_COATED_OSMIUM;9987;10;9986;26;;;9996;10;9997;12;;;9992.0;0.0
15;39300;INTARIAN_PEPPER_ROOT;28033;11;;;;;28045;19;;;;;28039.0;0.0
15;39400;ASH_COATED_OSMIUM;9984;12;;;;;10000;13;;;;;9992.5;0.0
15;39400;INTARIAN_PEPPER_ROOT;28033;10;;;;;28047;12;;;;;28040.5;0.0
15;39500;ASH_COATED_OSMIUM;9985;15;9983;12;;;10001;10;10002;15;;;9993.0;0.0
15;39500;INTARIAN_PEPPER_ROOT;28030;11;28028;11;;;28044;12;28046;12;;;28037.5;0.0
15;39600;ASH_COATED_OSMIUM;9985;29;;;;;10001;25;;;;;9993.0;0.0
15;39600;INTARIAN_PEPPER_ROOT;28032;8;28030;8;28028;12;28046;12;28047;11;28048;12;28039.0;0.0
15;39700;ASH_COATED_OSMIUM;9987;12;9984;15;;;9998;10;10001;12;;;9993.0;0.0
15;39700;INTARIAN_PEPPER_ROOT;28033;9;28030;18;;;28046;25;28049;12;;;28040.0;0.0
15;39800;ASH_COATED_OSMIUM;9985;15;9984;12;;;10001;13;10003;14;;;9993.0;0.0
15;39800;INTARIAN_PEPPER_ROOT;28033;24;;;;;28044;12;;;;;28038.5;0.0
15;39900;ASH_COATED_OSMIUM;9990;15;;;;;10006;25;;;;;9998.5;0.0
15;39900;INTARIAN_PEPPER_ROOT;28027;10;28025;15;28023;9;28045;9;28048;19;28050;8;28036.0;0.0
15;40000;ASH_COATED_OSMIUM;9990;14;9988;13;9987;3;10006;24;10007;13;10009;12;9998.5;0.0
15;40000;INTARIAN_PEPPER_ROOT;28029;12;28026;20;;;28041;11;28043;15;;;28035.5;0.0
15;40100;ASH_COATED_OSMIUM;9989;13;;;;;10007;12;;;;;9998.5;0.0
15;40100;INTARIAN_PEPPER_ROOT;28032;9;;;;;28045;11;;;;;28039.0;0.0
15;40200;ASH_COATED_OSMIUM;9990;12;9987;13;;;10006;12;10007;10;;;9998.5;0.0
15;40200;INTARIAN_PEPPER_ROOT;28036;22;;;;;28049;10;;;;;28042.5;0.0
15;40300;ASH_COATED_OSMIUM;9989;12;;;;;10007;6;;;;;9998.5;0.0
15;40300;INTARIAN_PEPPER_ROOT;28034;9;;;;;28046;23;;;;;28040.0;0.0
15;40400;ASH_COATED_OSMIUM;9991;14;9988;13;;;10007;22;10009;29;;;9999.0;0.0
15;40400;INTARIAN_PEPPER_ROOT;28034;12;28033;10;;;28048;12;28050;9;;;28041.0;0.0
15;40500;ASH_COATED_OSMIUM;9985;14;9983;10;;;10001;11;10004;12;;;9993.5;0.0
15;40500;INTARIAN_PEPPER_ROOT;28032;8;28029;12;28026;11;28044;11;28047;9;28049;10;28038.5;0.0
15;40600;ASH_COATED_OSMIUM;9984;15;9982;23;;;10002;12;10003;15;;;9993.5;0.0
15;40600;INTARIAN_PEPPER_ROOT;28033;8;28032;12;28029;10;28048;11;28049;10;28051;25;28041.0;0.0
15;40700;ASH_COATED_OSMIUM;9990;11;;;;;10008;14;;;;;9999.5;0.0
15;40700;INTARIAN_PEPPER_ROOT;28034;10;28031;12;;;28046;12;28049;9;;;28040.0;0.0
15;40800;ASH_COATED_OSMIUM;9991;11;9988;20;;;9998;11;9999;11;;;9994.5;0.0
15;40800;INTARIAN_PEPPER_ROOT;28036;12;28033;9;28031;11;28044;8;28047;9;28048;10;28040.0;0.0
15;40900;ASH_COATED_OSMIUM;9986;12;9983;12;9981;13;10002;14;10003;11;10005;13;9994.0;0.0
15;40900;INTARIAN_PEPPER_ROOT;28034;12;;;;;28046;9;;;;;28040.5;0.0
15;41000;ASH_COATED_OSMIUM;9991;15;9988;15;;;10007;12;10008;14;;;9999.0;0.0
15;41000;INTARIAN_PEPPER_ROOT;28037;8;28036;24;28034;8;28050;12;28052;9;28053;15;28043.5;0.0
15;41100;ASH_COATED_OSMIUM;9986;11;9984;25;;;10002;11;10005;22;;;9994.0;0.0
15;41100;INTARIAN_PEPPER_ROOT;28037;8;;;;;28050;9;;;;;28043.5;0.0
15;41200;ASH_COATED_OSMIUM;9991;15;;;;;10007;20;;;;;9999.5;0.0
15;41200;INTARIAN_PEPPER_ROOT;28032;16;28029;12;28027;10;28049;12;28051;23;28054;8;28041.0;0.0
15;41300;ASH_COATED_OSMIUM;9991;11;9989;11;9988;15;10007;15;10008;15;10009;15;9999.5;0.0
15;41300;INTARIAN_PEPPER_ROOT;28037;12;;;;;28049;8;;;;;28043.5;0.0
15;41400;ASH_COATED_OSMIUM;9986;11;9983;12;9982;13;10002;12;10005;15;10006;12;9994.5;0.0
15;41400;INTARIAN_PEPPER_ROOT;28033;10;28030;11;;;28050;24;28052;8;;;28041.5;0.0
15;41500;ASH_COATED_OSMIUM;9986;15;9983;11;;;10004;14;10007;10;;;9995.0;0.0
15;41500;INTARIAN_PEPPER_ROOT;28037;11;28034;11;;;28050;11;28053;10;;;28043.5;0.0
15;41600;ASH_COATED_OSMIUM;9987;15;9984;11;;;10003;13;10005;15;;;9995.5;0.0
15;41600;INTARIAN_PEPPER_ROOT;28032;8;28030;8;28028;8;28045;9;28048;9;28050;23;28038.5;0.0
15;41700;ASH_COATED_OSMIUM;9992;11;9991;11;9990;11;10008;14;10011;12;10014;27;10000.5;0.0
15;41700;INTARIAN_PEPPER_ROOT;28037;12;;;;;28049;11;;;;;28043.0;0.0
15;41800;ASH_COATED_OSMIUM;9987;11;9985;15;;;10003;14;10004;2;;;9995.0;0.0
15;41800;INTARIAN_PEPPER_ROOT;28029;9;28028;10;;;28047;8;28048;12;;;28038.5;0.0
15;41900;ASH_COATED_OSMIUM;9990;13;9988;11;;;10009;15;10010;14;;;10000.0;0.0
15;41900;INTARIAN_PEPPER_ROOT;28036;10;28035;12;;;28048;10;28051;12;;;28042.0;0.0
15;42000;ASH_COATED_OSMIUM;9986;10;;;;;10002;15;;;;;9994.5;0.0
15;42000;INTARIAN_PEPPER_ROOT;28035;8;28033;10;;;28051;12;28054;21;;;28043.0;0.0
15;42100;ASH_COATED_OSMIUM;9986;10;9984;21;9981;12;10002;14;10005;15;10007;15;9994.5;0.0
15;42100;INTARIAN_PEPPER_ROOT;28032;12;;;;;28043;10;;;;;28037.5;0.0
15;42200;ASH_COATED_OSMIUM;9987;5;9984;11;;;10003;15;10004;13;;;9995.0;0.0
15;42200;INTARIAN_PEPPER_ROOT;28037;11;28036;12;;;28048;10;28050;8;;;28043.0;0.0
15;42300;ASH_COATED_OSMIUM;9985;2;9982;10;;;10004;10;10006;15;;;9995.0;0.0
15;42300;INTARIAN_PEPPER_ROOT;28032;10;;;;;28048;11;;;;;28040.0;0.0
15;42400;ASH_COATED_OSMIUM;9987;11;9986;13;;;10003;11;10004;15;;;9995.0;0.0
15;42400;INTARIAN_PEPPER_ROOT;28036;20;28033;12;28032;11;28050;8;28051;16;28052;10;28043.0;0.0
15;42500;ASH_COATED_OSMIUM;9995;10;9992;13;;;10005;14;10006;11;;;10000.0;0.0
15;42500;INTARIAN_PEPPER_ROOT;28033;16;28032;10;;;28047;9;28049;8;;;28040.5;0.0
15;42600;ASH_COATED_OSMIUM;9990;13;9987;30;9984;13;10009;13;10011;13;10014;15;10000.0;0.0
15;42600;INTARIAN_PEPPER_ROOT;28033;10;;;;;28047;21;;;;;28040.0;0.0
15;42700;ASH_COATED_OSMIUM;9992;12;9989;13;9986;11;10008;12;10011;10;10014;22;10000.0;0.0
15;42700;INTARIAN_PEPPER_ROOT;28038;12;28037;10;;;28050;9;28053;18;;;28044.0;0.0
15;42800;ASH_COATED_OSMIUM;9996;10;9994;15;9991;12;10005;12;10006;13;10008;11;10000.5;0.0
15;42800;INTARIAN_PEPPER_ROOT;28037;11;;;;;28048;11;;;;;28042.5;0.0
15;42900;ASH_COATED_OSMIUM;9987;14;9986;15;9983;26;10003;15;10004;13;10005;11;9995.0;0.0
15;42900;INTARIAN_PEPPER_ROOT;28035;12;28032;9;;;28050;8;28052;11;;;28043.0;0.0
15;43000;ASH_COATED_OSMIUM;9991;26;;;;;10009;12;;;;;10000.5;0.0
15;43000;INTARIAN_PEPPER_ROOT;28037;9;28035;11;;;28054;8;28057;15;;;28045.5;0.0
15;43100;ASH_COATED_OSMIUM;9991;12;9988;27;;;10009;27;10012;14;;;10000.5;0.0
15;43100;INTARIAN_PEPPER_ROOT;28037;11;;;;;28050;12;;;;;28043.5;0.0
15;43200;ASH_COATED_OSMIUM;9986;13;9985;10;9983;26;10005;25;10008;10;10011;25;9995.5;0.0
15;43200;INTARIAN_PEPPER_ROOT;28036;11;28035;12;28032;10;28048;10;28050;8;28053;8;28042.5;0.0
15;43300;ASH_COATED_OSMIUM;9992;11;9991;12;;;10010;10;10011;20;;;10001.0;0.0
15;43300;INTARIAN_PEPPER_ROOT;28039;12;28037;9;28035;12;28053;23;28055;23;28056;17;28046.0;0.0
15;43400;ASH_COATED_OSMIUM;9993;10;9991;11;;;10012;12;10013;10;;;10002.5;0.0
15;43400;INTARIAN_PEPPER_ROOT;28037;12;28035;12;28034;18;28050;9;28053;9;28055;10;28043.5;0.0
15;43500;ASH_COATED_OSMIUM;9988;12;9985;14;;;10004;14;10007;13;;;9996.5;0.0
15;43500;INTARIAN_PEPPER_ROOT;28041;10;28038;16;;;28053;9;28054;8;;;28047.0;0.0
15;43600;ASH_COATED_OSMIUM;9988;15;9986;12;;;10004;10;10005;15;;;9996.5;0.0
15;43600;INTARIAN_PEPPER_ROOT;28039;9;28036;12;;;28051;12;28052;11;;;28045.5;0.0
15;43700;ASH_COATED_OSMIUM;9988;23;;;;;10004;11;;;;;9996.5;0.0
15;43700;INTARIAN_PEPPER_ROOT;28047;16;;;;;28049;8;;;;;28048.5;0.0
15;43800;ASH_COATED_OSMIUM;9993;11;9991;26;;;10009;15;10012;15;;;10001.5;0.0
15;43800;INTARIAN_PEPPER_ROOT;28039;8;28038;10;28035;11;28050;10;28052;9;28053;12;28044.5;0.0
15;43900;ASH_COATED_OSMIUM;9994;14;9993;15;;;10010;15;10011;13;;;10002.0;0.0
15;43900;INTARIAN_PEPPER_ROOT;28037;9;28036;8;28033;12;28049;8;28052;10;28053;9;28043.5;0.0
15;44000;ASH_COATED_OSMIUM;9994;14;9991;13;;;10010;20;10011;27;;;10002.0;0.0
15;44000;INTARIAN_PEPPER_ROOT;28037;11;28034;8;28032;19;28048;22;28051;10;28052;9;28042.5;0.0
15;44100;ASH_COATED_OSMIUM;9988;10;;;;;10004;15;;;;;9996.0;0.0
15;44100;INTARIAN_PEPPER_ROOT;28038;9;;;;;28051;10;;;;;28045.0;0.0
15;44200;ASH_COATED_OSMIUM;9990;10;9987;10;;;10000;24;10003;14;;;9995.5;0.0
15;44200;INTARIAN_PEPPER_ROOT;28039;12;28037;17;;;28053;12;28055;12;;;28046.0;0.0
15;44300;ASH_COATED_OSMIUM;9988;20;9985;10;9983;10;10004;4;10007;13;10009;11;9996.0;0.0
15;44300;INTARIAN_PEPPER_ROOT;28038;19;;;;;28053;8;;;;;28045.5;0.0
15;44400;ASH_COATED_OSMIUM;9993;11;9991;11;;;10009;12;10012;13;;;10001.0;0.0
15;44400;INTARIAN_PEPPER_ROOT;28038;24;28035;10;;;28051;8;28052;11;;;28044.5;0.0
15;44500;ASH_COATED_OSMIUM;9992;12;9989;29;9988;13;10008;12;10010;10;10011;23;10000.5;0.0
15;44500;INTARIAN_PEPPER_ROOT;28040;12;;;;;28053;12;;;;;28047.0;0.0
15;44600;ASH_COATED_OSMIUM;9986;11;9984;13;;;10002;13;10005;10;;;9994.5;0.0
15;44600;INTARIAN_PEPPER_ROOT;28041;11;28038;11;28036;21;28054;9;28057;23;28060;9;28047.5;0.0
15;44700;ASH_COATED_OSMIUM;9991;23;;;;;10007;12;;;;;9999.5;0.0
15;44700;INTARIAN_PEPPER_ROOT;28042;16;;;;;28045;8;;;;;28044.0;0.0
15;44800;ASH_COATED_OSMIUM;9990;2;9988;3;;;10009;29;10010;11;;;10000.0;0.0
15;44800;INTARIAN_PEPPER_ROOT;28040;10;28039;9;28036;7;28048;23;28051;12;28052;11;28044.0;0.0
15;44900;ASH_COATED_OSMIUM;9986;12;9984;20;9982;15;10002;11;10004;10;10007;11;9994.0;0.0
15;44900;INTARIAN_PEPPER_ROOT;28039;12;28038;24;;;28051;12;28052;25;;;28045.0;0.0
15;45000;ASH_COATED_OSMIUM;9986;13;;;;;10002;10;;;;;9994.0;0.0
15;45000;INTARIAN_PEPPER_ROOT;28033;11;28030;17;;;28047;9;28049;8;;;28040.5;0.0
15;45100;ASH_COATED_OSMIUM;9986;13;9984;12;;;10002;11;10005;15;;;9994.5;0.0
15;45100;INTARIAN_PEPPER_ROOT;28035;9;;;;;28051;9;;;;;28043.0;0.0
15;45200;ASH_COATED_OSMIUM;9986;14;;;;;10002;11;;;;;9994.0;0.0
15;45200;INTARIAN_PEPPER_ROOT;28037;9;28035;25;28033;12;28051;12;28054;11;28055;24;28044.5;0.0
15;45300;ASH_COATED_OSMIUM;9984;13;9982;27;9980;10;10003;10;10004;14;10005;15;9994.0;0.0
15;45300;INTARIAN_PEPPER_ROOT;28039;12;;;;;28051;12;;;;;28045.5;0.0
15;45400;ASH_COATED_OSMIUM;9988;12;9987;11;;;10009;11;10010;12;;;9999.0;0.0
15;45400;INTARIAN_PEPPER_ROOT;28041;9;28038;17;28036;8;28053;12;28056;10;28057;8;28047.0;0.0
15;45500;ASH_COATED_OSMIUM;9985;14;9982;22;9979;23;10001;12;10003;11;10005;12;9993.5;0.0
15;45500;INTARIAN_PEPPER_ROOT;28040;10;;;;;28054;9;;;;;28047.0;0.0
15;45600;ASH_COATED_OSMIUM;9991;13;;;;;10007;15;;;;;9999.0;0.0
15;45600;INTARIAN_PEPPER_ROOT;28035;8;28034;9;;;28054;11;28055;8;;;28044.5;0.0
15;45700;ASH_COATED_OSMIUM;9989;28;9986;20;9984;26;9998;28;10000;13;10001;14;9993.5;0.0
15;45700;INTARIAN_PEPPER_ROOT;28038;8;28035;10;;;28050;12;28053;17;;;28044.0;0.0
15;45800;ASH_COATED_OSMIUM;9989;14;;;;;10008;20;;;;;9998.5;0.0
15;45800;INTARIAN_PEPPER_ROOT;28039;8;28037;10;28035;10;28053;11;28055;8;28058;12;28046.5;0.0
15;45900;ASH_COATED_OSMIUM;9988;14;9987;11;9985;11;9997;27;10000;24;10003;15;9993.0;0.0
15;45900;INTARIAN_PEPPER_ROOT;28038;11;28036;8;;;28054;9;28056;3;;;28046.0;0.0
15;46000;ASH_COATED_OSMIUM;9991;12;;;;;10007;4;;;;;9999.0;0.0
15;46000;INTARIAN_PEPPER_ROOT;28040;9;28039;11;28038;11;28054;10;28055;9;28058;12;28047.5;0.0
15;46100;ASH_COATED_OSMIUM;9990;12;;;;;10006;14;;;;;9998.5;0.0
15;46100;INTARIAN_PEPPER_ROOT;28041;9;28039;15;28036;17;28054;9;28056;10;28057;9;28047.5;0.0
15;46200;ASH_COATED_OSMIUM;9985;30;9983;12;9981;29;10001;26;10003;29;10006;11;9993.0;0.0
15;46200;INTARIAN_PEPPER_ROOT;28044;25;28043;9;;;28048;12;28051;9;;;28046.5;0.0
15;46300;ASH_COATED_OSMIUM;9991;10;9990;14;;;10007;13;10010;15;;;9999.0;0.0
15;46300;INTARIAN_PEPPER_ROOT;28041;15;28038;20;;;28053;8;28055;18;;;28047.0;0.0
15;46400;ASH_COATED_OSMIUM;9986;8;9984;12;;;10002;15;10004;12;;;9994.0;0.0
15;46400;INTARIAN_PEPPER_ROOT;28041;10;;;;;28054;12;;;;;28047.5;0.0
15;46500;ASH_COATED_OSMIUM;9985;15;9983;10;;;10001;25;10002;15;;;9993.5;0.0
15;46500;INTARIAN_PEPPER_ROOT;28040;10;28039;16;28038;11;28054;11;28057;11;28060;10;28047.5;0.0
15;46600;ASH_COATED_OSMIUM;9985;11;9983;20;;;10001;12;10003;11;;;9993.5;0.0
15;46600;INTARIAN_PEPPER_ROOT;28041;11;;;;;28056;11;;;;;28048.5;0.0
15;46700;ASH_COATED_OSMIUM;9989;12;9986;13;9984;25;10008;3;10010;13;10013;13;9998.5;0.0
15;46700;INTARIAN_PEPPER_ROOT;28039;17;28036;15;;;28052;8;28055;10;;;28045.5;0.0
15;46800;ASH_COATED_OSMIUM;9994;13;9992;14;;;10003;15;10005;11;;;9998.5;0.0
15;46800;INTARIAN_PEPPER_ROOT;28038;10;;;;;28055;12;;;;;28046.5;0.0
15;46900;ASH_COATED_OSMIUM;9984;10;9981;10;;;10002;10;10005;24;;;9993.5;0.0
15;46900;INTARIAN_PEPPER_ROOT;28040;8;28039;19;28038;8;28057;10;28059;9;28061;11;28048.5;0.0
15;47000;ASH_COATED_OSMIUM;9991;11;9990;11;;;10007;12;10010;14;;;9999.5;0.0
15;47000;INTARIAN_PEPPER_ROOT;28040;11;;;;;28053;16;;;;;28046.5;0.0
15;47100;ASH_COATED_OSMIUM;9986;14;9985;14;9984;11;10002;11;10004;11;10007;14;9994.5;0.0
15;47100;INTARIAN_PEPPER_ROOT;28039;8;28038;9;;;28059;9;28061;8;;;28049.5;0.0
15;47200;ASH_COATED_OSMIUM;9986;26;;;;;10004;13;;;;;9995.0;0.0
15;47200;INTARIAN_PEPPER_ROOT;28039;10;28036;10;;;28056;15;28058;9;;;28047.5;0.0
15;47300;ASH_COATED_OSMIUM;9985;14;9983;14;9982;27;10004;14;10005;12;10008;25;9995.0;0.0
15;47300;INTARIAN_PEPPER_ROOT;28040;9;;;;;28054;9;;;;;28047.5;0.0
15;47400;ASH_COATED_OSMIUM;9985;15;;;;;10003;15;;;;;9994.5;0.0
15;47400;INTARIAN_PEPPER_ROOT;28041;11;28040;11;;;28054;21;28055;9;;;28048.0;0.0
15;47500;ASH_COATED_OSMIUM;9992;15;9989;15;9986;15;10008;12;10009;14;10012;15;10000.0;0.0
15;47500;INTARIAN_PEPPER_ROOT;28041;11;;;;;28054;8;;;;;28047.5;0.0
15;47600;ASH_COATED_OSMIUM;9987;4;9986;11;9984;11;10003;11;10006;13;10007;10;9995.0;0.0
15;47600;INTARIAN_PEPPER_ROOT;28030;9;;;;;28046;10;;;;;28038.0;0.0
15;47700;ASH_COATED_OSMIUM;9985;10;9984;11;;;10003;13;10005;10;;;9994.5;0.0
15;47700;INTARIAN_PEPPER_ROOT;28041;8;;;;;28052;12;;;;;28046.5;0.0
15;47800;ASH_COATED_OSMIUM;9985;12;;;;;10004;12;;;;;9994.5;0.0
15;47800;INTARIAN_PEPPER_ROOT;28042;9;;;;;28055;17;;;;;28049.0;0.0
15;47900;ASH_COATED_OSMIUM;9987;13;9985;14;9984;28;10003;26;10005;28;10007;12;9995.0;0.0
15;47900;INTARIAN_PEPPER_ROOT;28044;9;28041;10;28040;21;28057;11;28060;9;28063;22;28051.0;0.0
15;48000;ASH_COATED_OSMIUM;9991;14;;;;;10007;11;;;;;9999.5;0.0
15;48000;INTARIAN_PEPPER_ROOT;28041;9;28038;12;;;28053;5;28056;9;;;28047.5;0.0
15;48100;ASH_COATED_OSMIUM;9985;30;9984;7;;;10001;11;10002;13;;;9993.5;0.0
15;48100;INTARIAN_PEPPER_ROOT;28047;24;28046;11;28043;23;28050;12;28053;11;28054;8;28048.5;0.0
15;48200;ASH_COATED_OSMIUM;9990;24;9988;10;9986;11;10006;10;10008;10;10009;12;9998.0;0.0
15;48200;INTARIAN_PEPPER_ROOT;28046;12;28043;10;;;28060;24;28062;12;;;28053.5;0.0
15;48300;ASH_COATED_OSMIUM;9988;15;9986;20;9985;12;10007;11;10009;11;10011;10;9998.0;0.0
15;48300;INTARIAN_PEPPER_ROOT;28042;11;;;;;28055;11;;;;;28048.5;0.0
15;48400;ASH_COATED_OSMIUM;9985;11;;;;;10001;10;;;;;9993.0;0.0
15;48400;INTARIAN_PEPPER_ROOT;28042;12;;;;;28056;16;;;;;28049.0;0.0
15;48500;ASH_COATED_OSMIUM;9985;3;9982;15;;;10001;12;10003;11;;;9993.5;0.0
15;48500;INTARIAN_PEPPER_ROOT;28039;8;28038;23;28035;8;28051;12;28054;9;28055;8;28045.0;0.0
15;48600;ASH_COATED_OSMIUM;9990;23;9987;13;9985;11;10006;15;10007;11;10008;11;9998.5;0.0
15;48600;INTARIAN_PEPPER_ROOT;28045;11;;;;;28053;11;;;;;28049.0;0.0
15;48700;ASH_COATED_OSMIUM;9985;15;9983;14;;;10001;15;10003;10;;;9993.5;0.0
15;48700;INTARIAN_PEPPER_ROOT;28042;15;28039;11;;;28054;10;28057;19;;;28048.0;0.0
15;48800;ASH_COATED_OSMIUM;9990;11;9987;13;;;10006;13;10008;14;;;9998.0;0.0
15;48800;INTARIAN_PEPPER_ROOT;28039;10;;;;;28055;6;;;;;28047.5;0.0
15;48900;ASH_COATED_OSMIUM;9985;15;9984;15;;;10001;11;10002;11;;;9993.0;0.0
15;48900;INTARIAN_PEPPER_ROOT;28043;11;28040;11;;;28055;12;28058;8;;;28049.5;0.0
15;49000;ASH_COATED_OSMIUM;9990;13;9989;14;9986;11;10006;26;10007;15;10008;13;9998.0;0.0
15;49000;INTARIAN_PEPPER_ROOT;28047;8;28045;8;28044;10;28061;11;28062;17;28065;19;28054.5;0.0
15;49100;ASH_COATED_OSMIUM;9990;10;;;;;10006;14;;;;;9998.5;0.0
15;49100;INTARIAN_PEPPER_ROOT;28041;12;28040;11;28038;10;28054;15;28057;9;28058;12;28047.5;0.0
15;49200;ASH_COATED_OSMIUM;9984;12;;;;;10002;11;;;;;9993.5;0.0
15;49200;INTARIAN_PEPPER_ROOT;28045;10;28042;16;28039;8;28056;8;28057;11;28058;12;28051.0;0.0
15;49300;ASH_COATED_OSMIUM;9990;15;;;;;10006;11;;;;;9998.0;0.0
15;49300;INTARIAN_PEPPER_ROOT;28042;11;28040;9;28039;23;28054;11;28055;11;28056;8;28048.5;0.0
15;49400;ASH_COATED_OSMIUM;9984;13;9983;14;;;10000;14;10003;4;;;9992.0;0.0
15;49400;INTARIAN_PEPPER_ROOT;28048;11;28047;11;;;28064;8;28067;10;;;28056.0;0.0
15;49500;ASH_COATED_OSMIUM;9983;12;;;;;9999;12;;;;;9991.5;0.0
15;49500;INTARIAN_PEPPER_ROOT;28039;11;;;;;28053;10;;;;;28046.0;0.0
15;49600;ASH_COATED_OSMIUM;9989;25;9988;11;;;10005;13;10006;12;;;9997.5;0.0
15;49600;INTARIAN_PEPPER_ROOT;28041;10;;;;;28058;9;;;;;28049.5;0.0
15;49700;ASH_COATED_OSMIUM;9983;11;9980;13;;;10002;30;10005;23;;;9992.5;0.0
15;49700;INTARIAN_PEPPER_ROOT;28040;11;28037;17;;;28053;8;28055;20;;;28047.0;0.0
15;49800;ASH_COATED_OSMIUM;9989;11;9986;11;;;10005;13;10006;14;;;9997.0;0.0
15;49800;INTARIAN_PEPPER_ROOT;28045;12;28042;24;28040;11;28057;11;28059;12;28061;20;28051.0;0.0
15;49900;ASH_COATED_OSMIUM;9989;23;9986;10;;;10005;13;10007;12;;;9997.5;0.0
15;49900;INTARIAN_PEPPER_ROOT;28045;8;28043;9;;;28049;8;28051;10;;;28047.0;0.0
15;50000;ASH_COATED_OSMIUM;9984;12;9983;3;9980;15;10000;15;10001;14;10004;15;9992.0;0.0
15;50000;INTARIAN_PEPPER_ROOT;28045;8;28044;9;;;28059;25;28061;10;;;28052.0;0.0
15;50100;ASH_COATED_OSMIUM;9989;11;9988;15;9985;23;10005;10;10006;2;10009;4;9997.0;0.0
15;50100;INTARIAN_PEPPER_ROOT;28042;10;28040;11;;;28055;12;28058;8;;;28049.0;0.0
15;50200;ASH_COATED_OSMIUM;9989;15;9986;14;;;10007;12;10010;13;;;9998.0;0.0
15;50200;INTARIAN_PEPPER_ROOT;28043;12;28042;9;28040;19;28059;11;28060;10;28063;12;28051.5;0.0
15;50300;ASH_COATED_OSMIUM;9983;15;9981;5;9978;20;10002;15;10005;22;10007;11;9992.5;0.0
15;50300;INTARIAN_PEPPER_ROOT;28044;12;28041;9;28038;21;28057;8;28059;8;28061;12;28051.0;0.0
15;50400;ASH_COATED_OSMIUM;9989;10;9986;10;9983;10;10005;24;10008;12;10011;10;9997.5;0.0
15;50400;INTARIAN_PEPPER_ROOT;28038;23;28036;10;;;28052;8;28055;10;;;28045.5;0.0
15;50500;ASH_COATED_OSMIUM;9989;27;9987;4;;;10005;14;10006;8;;;9997.0;0.0
15;50500;INTARIAN_PEPPER_ROOT;28042;22;28041;10;28038;11;28055;12;28056;22;28059;9;28049.0;0.0
15;50600;ASH_COATED_OSMIUM;9981;3;;;;;10002;15;;;;;9991.5;0.0
15;50600;INTARIAN_PEPPER_ROOT;28040;10;28037;9;28034;8;28052;12;28055;12;28057;24;28046.0;0.0
15;50700;ASH_COATED_OSMIUM;9988;15;;;;;10004;15;;;;;9996.5;0.0
15;50700;INTARIAN_PEPPER_ROOT;28042;18;28039;11;;;28055;18;28057;11;;;28048.5;0.0
15;50800;ASH_COATED_OSMIUM;9983;14;9981;11;9978;12;9999;12;10002;12;10005;15;9991.5;0.0
15;50800;INTARIAN_PEPPER_ROOT;28043;9;28042;9;28039;8;28056;8;28058;10;28060;8;28049.5;0.0
15;50900;ASH_COATED_OSMIUM;9989;12;9987;13;9984;14;10005;15;10006;15;10008;12;9997.0;0.0
15;50900;INTARIAN_PEPPER_ROOT;28044;8;28043;8;;;28061;8;28063;11;;;28053.0;0.0
15;51000;ASH_COATED_OSMIUM;9989;15;;;;;10005;13;;;;;9997.0;0.0
15;51000;INTARIAN_PEPPER_ROOT;28043;16;28041;11;;;28057;25;28059;8;;;28050.0;0.0
15;51100;ASH_COATED_OSMIUM;9981;29;9979;12;9978;12;10000;27;10003;10;10004;14;9991.0;0.0
15;51100;INTARIAN_PEPPER_ROOT;28040;10;28039;12;;;28055;12;28057;9;;;28047.5;0.0
15;51200;ASH_COATED_OSMIUM;9983;14;;;;;9999;28;;;;;9991.0;0.0
15;51200;INTARIAN_PEPPER_ROOT;28040;10;28037;15;28034;10;28057;12;28059;9;28060;10;28048.5;0.0
15;51300;ASH_COATED_OSMIUM;9983;11;;;;;9999;13;;;;;9991.5;0.0
15;51300;INTARIAN_PEPPER_ROOT;28040;8;28038;12;;;28057;9;28059;11;;;28049.0;0.0
15;51400;ASH_COATED_OSMIUM;9988;14;9986;10;;;10004;11;10006;12;;;9996.5;0.0
15;51400;INTARIAN_PEPPER_ROOT;28045;9;28042;12;28041;12;28060;12;28061;12;28062;9;28052.5;0.0
15;51500;ASH_COATED_OSMIUM;9987;15;9984;21;;;10005;11;10008;6;;;9996.0;0.0
15;51500;INTARIAN_PEPPER_ROOT;28045;17;28042;12;28040;8;28061;11;28062;11;28063;12;28053.0;0.0
15;51600;ASH_COATED_OSMIUM;9982;14;9981;30;;;10000;10;10001;27;;;9991.5;0.0
15;51600;INTARIAN_PEPPER_ROOT;28042;9;28039;9;;;28057;8;28060;12;;;28050.0;0.0
15;51700;ASH_COATED_OSMIUM;9989;14;;;;;10005;13;;;;;9997.0;0.0
15;51700;INTARIAN_PEPPER_ROOT;28044;8;;;;;28057;24;;;;;28051.0;0.0
15;51800;ASH_COATED_OSMIUM;9982;13;;;;;10001;15;;;;;9991.5;0.0
15;51800;INTARIAN_PEPPER_ROOT;28046;9;;;;;28058;9;;;;;28052.0;0.0
15;51900;ASH_COATED_OSMIUM;9989;13;9986;14;;;10005;10;10006;10;;;9997.0;0.0
15;51900;INTARIAN_PEPPER_ROOT;28045;11;;;;;28056;21;;;;;28051.0;0.0
15;52000;ASH_COATED_OSMIUM;9987;15;9985;12;9983;14;10006;12;10008;11;10011;13;9996.5;0.0
15;52000;INTARIAN_PEPPER_ROOT;28043;10;28042;12;;;28062;11;28065;12;;;28053.0;0.0
15;52100;ASH_COATED_OSMIUM;9983;13;;;;;9999;14;;;;;9991.0;0.0
15;52100;INTARIAN_PEPPER_ROOT;28042;11;;;;;28059;9;;;;;28051.0;0.0
15;52200;ASH_COATED_OSMIUM;9981;29;9979;4;;;10000;10;10001;12;;;9991.0;0.0
15;52200;INTARIAN_PEPPER_ROOT;28044;12;28042;9;;;28057;23;28058;10;;;28051.0;0.0
15;52300;ASH_COATED_OSMIUM;9988;14;;;;;10004;20;;;;;9996.5;0.0
15;52300;INTARIAN_PEPPER_ROOT;28047;8;28046;11;28045;21;28058;22;28061;12;28064;15;28052.5;0.0
15;52400;ASH_COATED_OSMIUM;9988;2;;;;;10004;12;;;;;9996.0;0.0
15;52400;INTARIAN_PEPPER_ROOT;28045;11;28043;10;28040;11;28055;9;28056;9;28057;9;28050.0;0.0
15;52500;ASH_COATED_OSMIUM;9991;11;9990;24;;;10007;15;10010;11;;;9999.0;0.0
15;52500;INTARIAN_PEPPER_ROOT;28049;9;;;;;28062;6;;;;;28056.0;0.0
15;52600;ASH_COATED_OSMIUM;9985;13;9983;26;;;10001;14;10002;11;;;9993.5;0.0
15;52600;INTARIAN_PEPPER_ROOT;28040;10;28038;23;;;28054;10;28055;21;;;28047.0;0.0
15;52700;ASH_COATED_OSMIUM;9989;11;9988;12;;;10007;14;10010;14;;;9998.5;0.0
15;52700;INTARIAN_PEPPER_ROOT;28043;9;;;;;28058;11;;;;;28051.0;0.0
15;52800;ASH_COATED_OSMIUM;9996;15;;;;;10002;11;;;;;9999.0;0.0
15;52800;INTARIAN_PEPPER_ROOT;28041;10;;;;;28059;12;;;;;28050.0;0.0
15;52900;ASH_COATED_OSMIUM;9990;28;;;;;10006;10;;;;;9998.5;0.0
15;52900;INTARIAN_PEPPER_ROOT;28048;11;;;;;28059;9;;;;;28054.0;0.0
15;53000;ASH_COATED_OSMIUM;9985;15;9982;10;;;10001;12;10004;13;;;9993.0;0.0
15;53000;INTARIAN_PEPPER_ROOT;28051;10;28050;9;28047;10;28054;11;28057;9;28058;9;28052.5;0.0
15;53100;ASH_COATED_OSMIUM;9990;14;9989;11;;;10006;12;10008;11;;;9998.0;0.0
15;53100;INTARIAN_PEPPER_ROOT;28045;9;28042;8;28040;12;28061;15;28064;20;28065;17;28053.5;0.0
15;53200;ASH_COATED_OSMIUM;9984;10;9983;12;9982;22;10000;14;10001;13;10003;12;9992.5;0.0
15;53200;INTARIAN_PEPPER_ROOT;28042;11;28039;10;;;28058;20;28060;4;;;28050.0;0.0
15;53300;ASH_COATED_OSMIUM;9990;15;;;;;10006;27;;;;;9998.0;0.0
15;53300;INTARIAN_PEPPER_ROOT;28046;11;28045;8;;;28060;8;28062;9;;;28053.0;0.0
15;53400;ASH_COATED_OSMIUM;9990;11;9988;13;9985;14;10006;13;10007;12;10010;30;9998.0;0.0
15;53400;INTARIAN_PEPPER_ROOT;28051;12;28049;17;28048;12;28055;8;28056;8;28058;20;28053.0;0.0
15;53500;ASH_COATED_OSMIUM;9989;14;9986;15;9984;4;10007;2;10010;27;10012;12;9998.0;0.0
15;53500;INTARIAN_PEPPER_ROOT;28047;24;;;;;28058;10;;;;;28053.0;0.0
15;53600;ASH_COATED_OSMIUM;9990;11;9989;21;9987;15;10006;10;10009;15;10012;27;9998.0;0.0
15;53600;INTARIAN_PEPPER_ROOT;28047;8;28045;9;;;28059;10;28061;8;;;28053.5;0.0
15;53700;ASH_COATED_OSMIUM;9990;12;;;;;10006;10;;;;;9998.0;0.0
15;53700;INTARIAN_PEPPER_ROOT;28049;12;28046;8;;;28058;10;28060;9;;;28053.5;0.0
15;53800;ASH_COATED_OSMIUM;9981;20;9979;22;;;10002;15;10003;22;;;9992.0;0.0
15;53800;INTARIAN_PEPPER_ROOT;28050;12;28048;10;28046;20;28062;8;28065;8;28067;11;28056.5;0.0
15;53900;ASH_COATED_OSMIUM;9989;14;;;;;10005;13;;;;;9997.5;0.0
15;53900;INTARIAN_PEPPER_ROOT;28046;11;28044;9;28042;18;28062;9;28063;10;28066;8;28054.0;0.0
15;54000;ASH_COATED_OSMIUM;9984;12;;;;;10000;13;;;;;9992.0;0.0
15;54000;INTARIAN_PEPPER_ROOT;28049;12;28046;11;;;28062;12;28063;15;;;28056.0;0.0
15;54100;ASH_COATED_OSMIUM;9983;26;9982;6;9981;10;9999;13;10001;13;10004;23;9991.5;0.0
15;54100;INTARIAN_PEPPER_ROOT;28051;11;28050;11;;;28063;20;28064;11;;;28057.0;0.0
15;54200;ASH_COATED_OSMIUM;9988;2;9985;15;;;10004;10;10005;12;;;9996.0;0.0
15;54200;INTARIAN_PEPPER_ROOT;28046;10;28045;8;;;28058;10;28059;8;;;28052.5;0.0
15;54300;ASH_COATED_OSMIUM;9986;14;9985;12;;;10005;12;10006;10;;;9996.0;0.0
15;54300;INTARIAN_PEPPER_ROOT;28052;8;28050;12;;;28064;11;28065;12;;;28058.0;0.0
15;54400;ASH_COATED_OSMIUM;9990;26;9988;15;;;10001;12;10003;12;;;9996.0;0.0
15;54400;INTARIAN_PEPPER_ROOT;28049;12;28047;9;28046;20;28060;9;28063;15;28064;10;28055.0;0.0
15;54500;ASH_COATED_OSMIUM;9982;11;9979;5;;;9998;9;10000;10;;;9990.5;0.0
15;54500;INTARIAN_PEPPER_ROOT;28047;18;;;;;28059;10;;;;;28053.0;0.0
15;54600;ASH_COATED_OSMIUM;9987;13;9985;12;9982;12;10003;15;10006;14;10008;13;9995.5;0.0
15;54600;INTARIAN_PEPPER_ROOT;28053;10;28050;12;28049;12;28056;8;28059;24;28060;8;28054.5;0.0
15;54700;ASH_COATED_OSMIUM;9987;12;;;;;10005;12;;;;;9996.0;0.0
15;54700;INTARIAN_PEPPER_ROOT;28049;10;28047;8;28044;22;28062;9;28063;11;28066;19;28055.5;0.0
15;54800;ASH_COATED_OSMIUM;9988;15;;;;;10004;15;;;;;9996.0;0.0
15;54800;INTARIAN_PEPPER_ROOT;28050;17;28047;10;28045;12;28059;9;28061;23;28062;10;28055.0;0.0
15;54900;ASH_COATED_OSMIUM;9982;14;9980;15;9979;20;9998;14;10000;15;10002;15;9990.5;0.0
15;54900;INTARIAN_PEPPER_ROOT;28046;8;;;;;28058;10;;;;;28052.5;0.0
15;55000;ASH_COATED_OSMIUM;9987;21;9986;14;9985;14;10003;13;10006;5;10007;13;9995.5;0.0
15;55000;INTARIAN_PEPPER_ROOT;28050;24;28049;9;28047;9;28059;24;28060;11;28062;8;28055.0;0.0
15;55100;ASH_COATED_OSMIUM;9989;12;;;;;10000;11;;;;;9995.0;0.0
15;55100;INTARIAN_PEPPER_ROOT;28049;11;28048;12;;;28064;12;28065;19;;;28057.0;0.0
15;55200;ASH_COATED_OSMIUM;9982;12;9980;12;;;9998;13;10001;10;;;9990.0;0.0
15;55200;INTARIAN_PEPPER_ROOT;28049;9;;;;;28063;8;;;;;28056.0;0.0
15;55300;ASH_COATED_OSMIUM;9986;10;9983;5;9981;14;10005;28;10006;30;10009;13;9996.0;0.0
15;55300;INTARIAN_PEPPER_ROOT;28055;15;28052;12;28050;9;28067;10;28070;11;28071;12;28061.5;0.0
15;55400;ASH_COATED_OSMIUM;9988;11;9985;14;9982;12;9994;27;9995;10;9997;12;9991.0;0.0
15;55400;INTARIAN_PEPPER_ROOT;28048;9;;;;;28065;10;;;;;28057.0;0.0
15;55500;ASH_COATED_OSMIUM;9987;15;9985;26;;;9995;12;9996;13;;;9991.5;0.0
15;55500;INTARIAN_PEPPER_ROOT;28044;9;;;;;28061;8;;;;;28052.5;0.0
15;55600;ASH_COATED_OSMIUM;9983;14;9981;11;;;9999;14;10002;10;;;9991.5;0.0
15;55600;INTARIAN_PEPPER_ROOT;28050;20;28047;11;;;28065;12;28066;11;;;28057.5;0.0
15;55700;ASH_COATED_OSMIUM;9987;25;9985;12;;;10005;7;10008;13;;;9996.5;0.0
15;55700;INTARIAN_PEPPER_ROOT;28049;10;28048;22;;;28065;9;28067;12;;;28057.0;0.0
15;55800;ASH_COATED_OSMIUM;9987;15;;;;;9995;15;;;;;9991.5;0.0
15;55800;INTARIAN_PEPPER_ROOT;28049;9;;;;;28062;9;;;;;28055.5;0.0
15;55900;ASH_COATED_OSMIUM;9988;13;9986;11;;;10004;28;10006;12;;;9996.5;0.0
15;55900;INTARIAN_PEPPER_ROOT;28051;12;28049;7;;;28064;25;28066;9;;;28058.0;0.0
15;56000;ASH_COATED_OSMIUM;9986;13;9983;22;9981;26;10007;13;10009;13;10010;13;9997.0;0.0
15;56000;INTARIAN_PEPPER_ROOT;28051;10;28050;9;28049;11;28063;8;28066;10;28068;9;28057.5;0.0
15;56100;ASH_COATED_OSMIUM;9988;26;;;;;10006;10;;;;;9997.0;0.0
15;56100;INTARIAN_PEPPER_ROOT;28049;9;;;;;28062;21;;;;;28056.0;0.0
15;56200;ASH_COATED_OSMIUM;9983;12;9981;14;;;9999;22;10002;12;;;9991.5;0.0
15;56200;INTARIAN_PEPPER_ROOT;28049;23;28047;9;28045;10;28066;10;28068;9;28069;9;28057.5;0.0
15;56300;ASH_COATED_OSMIUM;9983;11;9982;14;;;9999;11;10001;13;;;9991.5;0.0
15;56300;INTARIAN_PEPPER_ROOT;28052;11;28049;11;;;28065;10;28068;11;;;28059.0;0.0
15;56400;ASH_COATED_OSMIUM;9988;12;;;;;10004;24;;;;;9996.5;0.0
15;56400;INTARIAN_PEPPER_ROOT;28051;19;;;;;28064;8;;;;;28057.5;0.0
15;56500;ASH_COATED_OSMIUM;9982;15;9979;15;9977;14;9998;2;9999;14;10000;14;9990.5;0.0
15;56500;INTARIAN_PEPPER_ROOT;28047;9;28046;23;;;28062;12;28065;10;;;28055.0;0.0
15;56600;ASH_COATED_OSMIUM;9985;13;9984;30;9981;15;10006;15;10008;13;10009;28;9996.0;0.0
15;56600;INTARIAN_PEPPER_ROOT;28053;9;28051;9;;;28066;9;28068;11;;;28059.5;0.0
15;56700;ASH_COATED_OSMIUM;9987;12;9986;11;;;10005;11;10008;14;;;9996.5;0.0
15;56700;INTARIAN_PEPPER_ROOT;28049;12;28047;11;;;28065;9;28067;12;;;28057.5;0.0
15;56800;ASH_COATED_OSMIUM;9983;13;;;;;9999;14;;;;;9991.5;0.0
15;56800;INTARIAN_PEPPER_ROOT;28048;8;;;;;28060;12;;;;;28054.5;0.0
15;56900;ASH_COATED_OSMIUM;9988;24;;;;;10004;10;;;;;9996.5;0.0
15;56900;INTARIAN_PEPPER_ROOT;28050;8;28047;12;28044;8;28066;19;28067;9;28068;9;28058.0;0.0
15;57000;ASH_COATED_OSMIUM;9988;15;9985;2;;;10004;23;10006;15;;;9996.5;0.0
15;57000;INTARIAN_PEPPER_ROOT;28052;11;28051;12;;;28066;11;28069;18;;;28059.0;0.0
15;57100;ASH_COATED_OSMIUM;9989;11;9986;28;;;10005;14;10006;13;;;9997.0;0.0
15;57100;INTARIAN_PEPPER_ROOT;28048;9;28046;9;;;28065;11;28067;8;;;28057.0;0.0
15;57200;ASH_COATED_OSMIUM;9989;13;;;;;10005;14;;;;;9997.0;0.0
15;57200;INTARIAN_PEPPER_ROOT;28050;9;;;;;28062;9;;;;;28056.5;0.0
15;57300;ASH_COATED_OSMIUM;9982;13;9981;14;;;10001;15;10003;26;;;9992.0;0.0
15;57300;INTARIAN_PEPPER_ROOT;28056;11;28053;9;28052;11;28059;11;28061;10;28063;11;28057.5;0.0
15;57400;ASH_COATED_OSMIUM;9983;14;;;;;10001;2;;;;;9992.0;0.0
15;57400;INTARIAN_PEPPER_ROOT;28050;9;28047;12;;;28061;8;28064;12;;;28055.5;0.0
15;57500;ASH_COATED_OSMIUM;9988;15;;;;;10007;30;;;;;9997.5;0.0
15;57500;INTARIAN_PEPPER_ROOT;28051;12;;;;;28065;11;;;;;28058.0;0.0
15;57600;ASH_COATED_OSMIUM;9983;20;;;;;10001;10;;;;;9992.0;0.0
15;57600;INTARIAN_PEPPER_ROOT;28053;8;28052;10;28051;11;28067;11;28070;9;28071;12;28060.0;0.0
15;57700;ASH_COATED_OSMIUM;9987;13;9986;15;;;9997;14;10000;14;;;9992.0;0.0
15;57700;INTARIAN_PEPPER_ROOT;28048;24;28047;10;;;28065;12;28066;22;;;28056.5;0.0
15;57800;ASH_COATED_OSMIUM;9984;10;9981;13;9978;15;10000;13;10002;10;10003;10;9992.0;0.0
15;57800;INTARIAN_PEPPER_ROOT;28048;12;28045;12;;;28060;9;28062;11;;;28054.5;0.0
15;57900;ASH_COATED_OSMIUM;9989;12;;;;;10005;12;;;;;9997.5;0.0
15;57900;INTARIAN_PEPPER_ROOT;28048;9;28045;9;;;28064;7;28066;11;;;28056.5;0.0
15;58000;ASH_COATED_OSMIUM;9989;14;9988;25;9985;12;9995;11;9996;3;9997;12;9992.5;0.0
15;58000;INTARIAN_PEPPER_ROOT;28054;11;28052;10;;;28068;3;28069;10;;;28061.5;0.0
15;58100;ASH_COATED_OSMIUM;9982;14;9981;27;;;10003;14;10006;10;;;9993.0;0.0
15;58100;INTARIAN_PEPPER_ROOT;28053;8;28050;8;;;28066;16;28069;25;;;28059.5;0.0
15;58200;ASH_COATED_OSMIUM;9985;25;9982;24;;;10001;2;10004;13;;;9993.0;0.0
15;58200;INTARIAN_PEPPER_ROOT;28051;11;28050;20;;;28063;11;28064;9;;;28057.5;0.0
15;58300;ASH_COATED_OSMIUM;9985;25;9983;11;9982;27;10001;14;10004;11;10005;13;9993.0;0.0
15;58300;INTARIAN_PEPPER_ROOT;28053;8;28050;10;28048;11;28065;11;28067;11;28070;8;28059.5;0.0
15;58400;ASH_COATED_OSMIUM;9990;15;9988;3;;;10006;12;10009;14;;;9998.0;0.0
15;58400;INTARIAN_PEPPER_ROOT;28054;12;28052;12;;;28065;22;28067;11;;;28060.0;0.0
15;58500;ASH_COATED_OSMIUM;9990;4;9989;11;;;10006;11;10007;14;;;9998.5;0.0
15;58500;INTARIAN_PEPPER_ROOT;28050;9;28047;10;28046;19;28066;12;28069;12;28071;22;28058.0;0.0
15;58600;ASH_COATED_OSMIUM;9987;15;9986;14;;;10008;22;10010;15;;;9998.0;0.0
15;58600;INTARIAN_PEPPER_ROOT;28052;12;28051;10;28050;12;28063;8;28066;15;28067;12;28057.5;0.0
15;58700;ASH_COATED_OSMIUM;9987;15;9984;12;;;9998;10;9999;13;;;9993.0;0.0
15;58700;INTARIAN_PEPPER_ROOT;28055;23;28054;22;28051;8;28066;10;28068;10;28071;12;28060.5;0.0
15;58800;ASH_COATED_OSMIUM;9990;23;;;;;10006;28;;;;;9998.5;0.0
15;58800;INTARIAN_PEPPER_ROOT;28053;10;;;;;28065;8;;;;;28059.0;0.0
15;58900;ASH_COATED_OSMIUM;9987;14;9986;24;9983;10;10003;14;10006;13;10007;12;9995.5;0.0
15;58900;INTARIAN_PEPPER_ROOT;28052;11;;;;;28066;11;;;;;28059.0;0.0
15;59000;ASH_COATED_OSMIUM;9992;14;9989;10;;;10008;10;10010;10;;;10000.5;0.0
15;59000;INTARIAN_PEPPER_ROOT;28052;12;28050;17;;;28063;9;28064;11;;;28057.5;0.0
15;59100;ASH_COATED_OSMIUM;9987;15;;;;;10003;13;;;;;9995.0;0.0
15;59100;INTARIAN_PEPPER_ROOT;28052;11;28050;8;28049;20;28065;22;28068;9;28070;12;28059.0;0.0
15;59200;ASH_COATED_OSMIUM;9992;12;9989;12;9986;12;10008;13;10010;10;10011;22;10000.5;0.0
15;59200;INTARIAN_PEPPER_ROOT;28063;8;28060;21;;;28074;12;28076;12;;;28069.0;0.0
15;59300;ASH_COATED_OSMIUM;9992;26;9989;11;9986;12;10008;10;10010;29;10012;14;10000.0;0.0
15;59300;INTARIAN_PEPPER_ROOT;28050;21;28049;9;;;28064;7;28066;10;;;28057.0;0.0
15;59400;ASH_COATED_OSMIUM;9988;11;9986;22;9983;14;10004;2;10006;10;10007;11;9996.0;0.0
15;59400;INTARIAN_PEPPER_ROOT;28049;9;28046;11;28043;9;28065;10;28068;11;28070;11;28057.5;0.0
15;59500;ASH_COATED_OSMIUM;9987;10;;;;;10006;15;;;;;9996.5;0.0
15;59500;INTARIAN_PEPPER_ROOT;28049;11;28048;8;;;28067;12;28070;10;;;28058.5;0.0
15;59600;ASH_COATED_OSMIUM;9992;13;9989;10;;;10011;14;10012;30;;;10001.5;0.0
15;59600;INTARIAN_PEPPER_ROOT;28052;10;28050;9;28047;9;28065;9;28068;9;28071;12;28059.0;0.0
15;59700;ASH_COATED_OSMIUM;9986;3;;;;;10004;14;;;;;9995.5;0.0
15;59700;INTARIAN_PEPPER_ROOT;28052;18;28050;8;28047;10;28067;9;28068;8;28069;25;28059.5;0.0
15;59800;ASH_COATED_OSMIUM;9986;12;9985;14;;;10004;12;10006;25;;;9995.5;0.0
15;59800;INTARIAN_PEPPER_ROOT;28048;8;;;;;28062;9;;;;;28055.5;0.0
15;59900;ASH_COATED_OSMIUM;9987;15;;;;;10003;15;;;;;9995.5;0.0
15;59900;INTARIAN_PEPPER_ROOT;28056;12;28053;8;28051;10;28068;12;28070;12;28071;11;28062.5;0.0
15;60000;ASH_COATED_OSMIUM;9990;11;9988;13;9987;13;10000;15;10002;15;10004;10;9995.0;0.0
15;60000;INTARIAN_PEPPER_ROOT;28054;11;28051;9;28049;12;28064;9;28066;7;28067;8;28059.0;0.0
15;60100;ASH_COATED_OSMIUM;9992;10;;;;;10008;10;;;;;10000.5;0.0
15;60100;INTARIAN_PEPPER_ROOT;28054;10;28051;8;28050;9;28067;12;28069;12;28072;10;28060.5;0.0
15;60200;ASH_COATED_OSMIUM;9987;11;9985;14;;;10003;10;10005;15;;;9995.0;0.0
15;60200;INTARIAN_PEPPER_ROOT;28052;11;28050;10;28047;9;28068;21;28070;8;28072;12;28060.0;0.0
15;60300;ASH_COATED_OSMIUM;9987;14;9984;10;9981;13;10003;13;10004;10;10005;14;9995.0;0.0
15;60300;INTARIAN_PEPPER_ROOT;28050;11;28049;10;;;28063;17;28066;9;;;28056.5;0.0
15;60400;ASH_COATED_OSMIUM;9992;10;9991;14;9988;12;10008;15;10010;15;10013;10;10000.5;0.0
15;60400;INTARIAN_PEPPER_ROOT;28053;9;28051;12;;;28067;12;28069;9;;;28060.5;0.0
15;60500;ASH_COATED_OSMIUM;9987;13;;;;;10003;13;;;;;9995.5;0.0
15;60500;INTARIAN_PEPPER_ROOT;28054;10;;;;;28068;12;;;;;28061.0;0.0
15;60600;ASH_COATED_OSMIUM;9990;21;;;;;10000;29;;;;;9995.5;0.0
15;60600;INTARIAN_PEPPER_ROOT;28060;10;28059;21;;;28072;9;28075;10;;;28066.0;0.0
15;60700;ASH_COATED_OSMIUM;9988;10;9987;13;;;10004;10;10007;10;;;9996.0;0.0
15;60700;INTARIAN_PEPPER_ROOT;28053;12;28052;11;28050;9;28066;23;28068;10;28070;9;28060.0;0.0
15;60800;ASH_COATED_OSMIUM;9993;10;9992;24;;;10009;11;10011;20;;;10001.5;0.0
15;60800;INTARIAN_PEPPER_ROOT;28054;12;28053;10;28050;10;28066;11;28068;12;28070;10;28060.0;0.0
15;60900;ASH_COATED_OSMIUM;9985;11;;;;;10006;13;;;;;9996.0;0.0
15;60900;INTARIAN_PEPPER_ROOT;28055;12;28052;23;;;28068;8;28069;12;;;28062.0;0.0
15;61000;ASH_COATED_OSMIUM;9993;11;9991;12;;;10009;13;10010;12;;;10001.0;0.0
15;61000;INTARIAN_PEPPER_ROOT;28055;12;;;;;28067;10;;;;;28061.0;0.0
15;61100;ASH_COATED_OSMIUM;9986;13;9985;12;9983;13;10005;14;10007;10;10008;14;9995.5;0.0
15;61100;INTARIAN_PEPPER_ROOT;28055;12;28052;11;28051;10;28066;9;28069;9;28070;11;28060.5;0.0
15;61200;ASH_COATED_OSMIUM;9992;15;9989;12;9988;10;10010;15;10011;24;10012;21;10001.0;0.0
15;61200;INTARIAN_PEPPER_ROOT;28056;11;28054;25;;;28059;9;28060;8;;;28057.5;0.0
15;61300;ASH_COATED_OSMIUM;9987;10;9985;12;9983;14;10003;10;10004;20;10006;15;9995.5;0.0
15;61300;INTARIAN_PEPPER_ROOT;28056;17;28053;12;28051;8;28067;11;28070;20;28072;11;28062.0;0.0
15;61400;ASH_COATED_OSMIUM;9993;11;9990;13;9988;24;10009;27;10010;15;10012;26;10001.0;0.0
15;61400;INTARIAN_PEPPER_ROOT;28052;4;28051;12;;;28065;11;28067;20;;;28058.5;0.0
15;61500;ASH_COATED_OSMIUM;9987;15;9986;10;;;10003;13;10006;10;;;9995.5;0.0
15;61500;INTARIAN_PEPPER_ROOT;28056;10;28054;11;28052;8;28068;24;28069;11;28070;11;28062.5;0.0
15;61600;ASH_COATED_OSMIUM;9990;12;9988;13;;;10009;11;10010;15;;;10000.0;0.0
15;61600;INTARIAN_PEPPER_ROOT;28054;12;28053;19;28050;12;28068;12;28070;10;28071;11;28061.0;0.0
15;61700;ASH_COATED_OSMIUM;9985;14;9984;10;;;10003;29;10004;15;;;9994.0;0.0
15;61700;INTARIAN_PEPPER_ROOT;28058;24;28056;10;;;28069;11;28070;8;;;28063.5;0.0
15;61800;ASH_COATED_OSMIUM;9989;13;9988;12;9985;11;10008;10;10009;28;10011;12;9999.0;0.0
15;61800;INTARIAN_PEPPER_ROOT;28057;10;;;;;28070;9;;;;;28063.5;0.0
15;61900;ASH_COATED_OSMIUM;9988;12;9985;15;;;9998;10;10000;15;;;9993.5;0.0
15;61900;INTARIAN_PEPPER_ROOT;28055;12;28053;8;;;28069;10;28072;12;;;28062.5;0.0
15;62000;ASH_COATED_OSMIUM;9990;10;9987;13;;;10006;13;10008;13;;;9998.0;0.0
15;62000;INTARIAN_PEPPER_ROOT;28058;8;28057;8;;;28071;10;28072;11;;;28065.0;0.0
15;62100;ASH_COATED_OSMIUM;9990;30;9988;14;9987;13;10006;14;10007;13;10008;12;9998.0;0.0
15;62100;INTARIAN_PEPPER_ROOT;28054;8;28052;9;;;28067;10;28068;9;;;28060.5;0.0
15;62200;ASH_COATED_OSMIUM;9990;27;9988;11;9986;24;10006;11;10008;3;10009;11;9998.0;0.0
15;62200;INTARIAN_PEPPER_ROOT;28053;9;28050;12;;;28065;20;28066;19;;;28059.5;0.0
15;62300;ASH_COATED_OSMIUM;9982;11;;;;;10003;12;;;;;9993.0;0.0
15;62300;INTARIAN_PEPPER_ROOT;28056;10;28053;9;;;28068;8;28070;11;;;28062.0;0.0
15;62400;ASH_COATED_OSMIUM;9983;25;;;;;10002;15;;;;;9993.0;0.0
15;62400;INTARIAN_PEPPER_ROOT;28061;10;28058;8;28055;10;28063;9;28064;8;28065;11;28062.0;0.0
15;62500;ASH_COATED_OSMIUM;9984;11;;;;;10002;15;;;;;9993.0;0.0
15;62500;INTARIAN_PEPPER_ROOT;28055;10;28052;10;28051;11;28068;15;28071;8;28073;9;28062.0;0.0
15;62600;ASH_COATED_OSMIUM;9990;13;9989;15;;;10006;11;10007;12;;;9998.5;0.0
15;62600;INTARIAN_PEPPER_ROOT;28058;11;28055;12;;;28070;9;28072;10;;;28064.5;0.0
15;62700;ASH_COATED_OSMIUM;9985;14;9983;27;9982;29;10001;14;10002;11;10004;12;9993.5;0.0
15;62700;INTARIAN_PEPPER_ROOT;28057;8;28054;22;28052;11;28070;3;28071;10;28073;10;28063.5;0.0
15;62800;ASH_COATED_OSMIUM;9985;12;9984;8;;;10001;10;10002;15;;;9993.5;0.0
15;62800;INTARIAN_PEPPER_ROOT;28050;8;28047;10;28045;25;28064;8;28066;10;28068;12;28057.0;0.0
15;62900;ASH_COATED_OSMIUM;9985;12;9983;15;9981;10;10001;25;10003;11;10004;10;9993.5;0.0
15;62900;INTARIAN_PEPPER_ROOT;28054;10;28051;9;;;28066;17;28067;10;;;28060.0;0.0
15;63000;ASH_COATED_OSMIUM;9985;14;;;;;10001;10;;;;;9993.5;0.0
15;63000;INTARIAN_PEPPER_ROOT;28053;12;28051;19;28049;8;28067;12;28070;22;28072;12;28060.5;0.0
15;63100;ASH_COATED_OSMIUM;9984;14;9983;12;9982;15;10002;14;10004;14;10005;20;9993.5;0.0
15;63100;INTARIAN_PEPPER_ROOT;28057;9;28055;12;;;28070;11;28072;8;;;28064.0;0.0
15;63200;ASH_COATED_OSMIUM;9985;10;9984;2;9981;26;10001;14;10003;11;10005;10;9993.0;0.0
15;63200;INTARIAN_PEPPER_ROOT;28058;12;28057;8;28055;23;28069;9;28072;20;28075;9;28064.0;0.0
15;63300;ASH_COATED_OSMIUM;9985;12;9983;13;;;10001;12;10002;14;;;9993.5;0.0
15;63300;INTARIAN_PEPPER_ROOT;28055;11;28052;10;28050;22;28071;11;28073;12;28076;12;28063.0;0.0
15;63400;ASH_COATED_OSMIUM;9985;13;9984;14;9982;13;10001;12;10004;14;10007;13;9993.0;0.0
15;63400;INTARIAN_PEPPER_ROOT;28055;10;28054;9;;;28068;19;28069;15;;;28062.0;0.0
15;63500;ASH_COATED_OSMIUM;9985;10;9982;13;9980;11;10001;12;10003;15;10006;14;9993.0;0.0
15;63500;INTARIAN_PEPPER_ROOT;28057;8;;;;;28072;11;;;;;28064.5;0.0
15;63600;ASH_COATED_OSMIUM;9983;13;9981;10;;;10002;12;10003;12;;;9993.0;0.0
15;63600;INTARIAN_PEPPER_ROOT;28058;21;28057;11;;;28070;10;28072;8;;;28064.0;0.0
15;63700;ASH_COATED_OSMIUM;9989;11;;;;;10005;12;;;;;9997.5;0.0
