day;timestamp;product;bid_price_1;bid_volume_1;bid_price_2;bid_volume_2;bid_price_3;bid_volume_3;ask_price_1;ask_volume_1;ask_price_2;ask_volume_2;ask_price_3;ask_volume_3;mid_price;profit_and_loss
29;0;ASH_COATED_OSMIUM;9993;11;9992;13;9990;29;10009;2;10011;12;10014;14;10001.5;0.0
29;0;INTARIAN_PEPPER_ROOT;41998;8;41997;12;41996;10;42010;11;42011;10;42012;8;42004.0;0.0
29;100;ASH_COATED_OSMIUM;9991;15;9989;13;;;10007;14;10010;12;;;9999.5;0.0
29;100;INTARIAN_PEPPER_ROOT;41995;11;41994;9;;;42007;8;42008;22;;;42001.0;0.0
29;200;ASH_COATED_OSMIUM;9993;10;9991;12;9990;15;10009;13;10012;13;10014;30;10001.0;0.0
29;200;INTARIAN_PEPPER_ROOT;41996;9;41994;11;;;42008;8;42011;9;;;42002.5;0.0
29;300;ASH_COATED_OSMIUM;9989;10;9988;14;;;10005;12;10008;11;;;9997.5;0.0
29;300;INTARIAN_PEPPER_ROOT;41991;12;41988;8;41986;12;42006;8;42008;12;42009;11;41999.0;0.0
29;400;ASH_COATED_OSMIUM;9989;11;9988;11;;;10005;12;10008;12;;;9997.0;0.0
29;400;INTARIAN_PEPPER_ROOT;41993;10;41991;9;;;42010;24;42013;9;;;42002.0;0.0
29;500;ASH_COATED_OSMIUM;9992;25;9991;15;9988;10;10008;11;10009;13;10012;11;10000.0;0.0
29;500;INTARIAN_PEPPER_ROOT;41996;12;41995;20;;;42008;11;42010;11;;;42002.0;0.0
29;600;ASH_COATED_OSMIUM;9993;26;9990;3;;;10009;12;10012;13;;;10001.0;0.0
29;600;INTARIAN_PEPPER_ROOT;41995;21;41992;10;41990;10;42009;11;42010;11;42011;10;42002.0;0.0
29;700;ASH_COATED_OSMIUM;9990;15;9987;13;9986;12;10006;12;10009;14;10012;28;9998.5;0.0
29;700;INTARIAN_PEPPER_ROOT;42001;9;;;;;42013;12;;;;;42007.5;0.0
29;800;ASH_COATED_OSMIUM;9995;10;;;;;10001;15;;;;;9998.5;0.0
29;800;INTARIAN_PEPPER_ROOT;41994;21;;;;;42009;10;;;;;42002.0;0.0
29;900;ASH_COATED_OSMIUM;9985;25;9983;14;;;10003;12;10004;11;;;9994.5;0.0
29;900;INTARIAN_PEPPER_ROOT;41995;9;;;;;42008;12;;;;;42002.0;0.0
29;1000;ASH_COATED_OSMIUM;9977;14;9976;13;;;9993;10;9995;11;;;9985.5;0.0
29;1000;INTARIAN_PEPPER_ROOT;41994;10;41992;8;;;42006;12;42007;24;;;42000.0;0.0
29;1100;ASH_COATED_OSMIUM;9980;15;9979;15;;;9999;14;10002;14;;;9990.0;0.0
29;1100;INTARIAN_PEPPER_ROOT;41993;12;41991;10;41988;11;42004;9;42007;11;42009;8;41999.0;0.0
29;1200;ASH_COATED_OSMIUM;9978;14;9977;21;;;9997;13;9999;12;;;9987.5;0.0
29;1200;INTARIAN_PEPPER_ROOT;41998;24;41995;10;;;42010;9;42012;10;;;42004.5;0.0
29;1300;ASH_COATED_OSMIUM;9984;12;9982;10;;;9999;26;10000;12;;;9992.0;0.0
29;1300;INTARIAN_PEPPER_ROOT;41993;12;41990;11;41989;10;42009;8;42010;11;42013;10;42001.5;0.0
29;1400;ASH_COATED_OSMIUM;9983;21;9980;12;9979;12;9999;14;10002;11;10003;10;9991.5;0.0
29;1400;INTARIAN_PEPPER_ROOT;41995;12;41993;8;41991;12;42008;25;42010;9;42013;9;42002.0;0.0
29;1500;ASH_COATED_OSMIUM;9980;14;;;;;9999;13;;;;;9989.5;0.0
29;1500;INTARIAN_PEPPER_ROOT;41995;15;;;;;42008;8;;;;;42001.5;0.0
29;1600;ASH_COATED_OSMIUM;9982;28;9981;10;;;10001;15;10002;15;;;9992.0;0.0
29;1600;INTARIAN_PEPPER_ROOT;41995;9;41994;12;41991;11;42006;12;42009;12;42010;12;42001.0;0.0
29;1700;ASH_COATED_OSMIUM;9984;12;;;;;10000;24;;;;;9992.5;0.0
29;1700;INTARIAN_PEPPER_ROOT;41994;8;41993;9;;;42009;10;42011;10;;;42002.0;0.0
29;1800;ASH_COATED_OSMIUM;9982;11;9979;14;;;10001;27;10002;14;;;9992.0;0.0
29;1800;INTARIAN_PEPPER_ROOT;41996;11;;;;;42007;11;;;;;42002.0;0.0
29;1900;ASH_COATED_OSMIUM;9985;15;;;;;10003;11;;;;;9994.5;0.0
29;1900;INTARIAN_PEPPER_ROOT;41994;8;41993;8;41992;12;42005;11;42006;8;42007;12;41999.5;0.0
29;2000;ASH_COATED_OSMIUM;9985;27;9984;14;;;10001;26;10002;12;;;9993.0;0.0
29;2000;INTARIAN_PEPPER_ROOT;41990;11;;;;;42002;9;;;;;41996.5;0.0
29;2100;ASH_COATED_OSMIUM;9991;4;9988;14;;;10007;13;10009;12;;;9999.0;0.0
29;2100;INTARIAN_PEPPER_ROOT;41994;17;41993;10;;;42009;8;42012;10;;;42002.0;0.0
29;2200;ASH_COATED_OSMIUM;9993;23;9992;10;;;10011;11;10013;15;;;10002.5;0.0
29;2200;INTARIAN_PEPPER_ROOT;41996;11;;;;;42010;9;;;;;42003.0;0.0
29;2300;ASH_COATED_OSMIUM;9995;14;;;;;10011;13;;;;;10003.5;0.0
29;2300;INTARIAN_PEPPER_ROOT;41996;8;41995;8;;;42010;17;42012;8;;;42003.0;0.0
29;2400;ASH_COATED_OSMIUM;9992;13;9989;13;;;10010;13;10013;10;;;10001.0;0.0
29;2400;INTARIAN_PEPPER_ROOT;41993;25;;;;;42010;12;;;;;42001.5;0.0
29;2500;ASH_COATED_OSMIUM;9989;15;;;;;10005;10;;;;;9997.0;0.0
29;2500;INTARIAN_PEPPER_ROOT;41999;12;41996;12;41993;10;42010;8;42013;8;42014;9;42004.5;0.0
29;2600;ASH_COATED_OSMIUM;9988;11;9986;11;;;10006;10;10007;15;;;9997.5;0.0
29;2600;INTARIAN_PEPPER_ROOT;42000;9;41997;12;;;42011;12;42014;12;;;42006.0;0.0
29;2700;ASH_COATED_OSMIUM;9992;24;9989;25;;;10008;22;10009;10;;;10000.0;0.0
29;2700;INTARIAN_PEPPER_ROOT;41996;21;;;;;42009;11;;;;;42003.0;0.0
29;2800;ASH_COATED_OSMIUM;9993;10;9992;10;;;10009;22;10010;14;;;10001.0;0.0
29;2800;INTARIAN_PEPPER_ROOT;41996;11;41993;11;;;42009;16;42011;20;;;42002.5;0.0
29;2900;ASH_COATED_OSMIUM;9989;12;9986;10;9984;11;9999;12;10002;11;10005;11;9994.5;0.0
29;2900;INTARIAN_PEPPER_ROOT;41995;8;;;;;42008;10;;;;;42002.0;0.0
29;3000;ASH_COATED_OSMIUM;9990;13;9989;14;;;10006;11;10008;11;;;9998.5;0.0
29;3000;INTARIAN_PEPPER_ROOT;41995;7;;;;;42009;9;;;;;42002.5;0.0
29;3100;ASH_COATED_OSMIUM;9984;12;9981;13;;;9995;21;9997;11;;;9989.5;0.0
29;3100;INTARIAN_PEPPER_ROOT;41992;10;41991;11;;;42004;11;42006;8;;;41998.5;0.0
29;3200;ASH_COATED_OSMIUM;9982;10;;;;;9998;11;;;;;9990.5;0.0
29;3200;INTARIAN_PEPPER_ROOT;41995;12;;;;;42008;9;;;;;42001.5;0.0
29;3300;ASH_COATED_OSMIUM;9981;12;9978;14;;;9999;13;10002;27;;;9990.0;0.0
29;3300;INTARIAN_PEPPER_ROOT;41998;10;41996;11;;;42010;11;42013;11;;;42004.5;0.0
29;3400;ASH_COATED_OSMIUM;9980;15;9977;15;;;9996;10;9998;12;;;9988.0;0.0
29;3400;INTARIAN_PEPPER_ROOT;41997;23;41996;9;;;42010;11;42011;12;;;42003.5;0.0
29;3500;ASH_COATED_OSMIUM;9977;14;;;;;9995;13;;;;;9986.5;0.0
29;3500;INTARIAN_PEPPER_ROOT;41995;11;41992;25;;;42007;17;42008;9;;;42001.5;0.0
29;3600;ASH_COATED_OSMIUM;9983;12;9981;12;9978;12;10001;4;10002;13;10005;10;9992.0;0.0
29;3600;INTARIAN_PEPPER_ROOT;41993;8;;;;;42004;10;;;;;41999.0;0.0
29;3700;ASH_COATED_OSMIUM;9986;10;9985;11;;;10002;15;10003;28;;;9994.0;0.0
29;3700;INTARIAN_PEPPER_ROOT;41998;21;41997;11;41994;10;42012;25;42013;9;42016;8;42005.0;0.0
29;3800;ASH_COATED_OSMIUM;9990;10;9989;13;;;10006;13;10008;14;;;9998.5;0.0
29;3800;INTARIAN_PEPPER_ROOT;41998;8;;;;;42010;10;;;;;42004.5;0.0
29;3900;ASH_COATED_OSMIUM;9989;10;9986;20;;;10005;15;10008;12;;;9997.5;0.0
29;3900;INTARIAN_PEPPER_ROOT;41996;9;41995;10;;;42012;11;42014;12;;;42004.0;0.0
29;4000;ASH_COATED_OSMIUM;9987;11;9984;10;;;10006;14;10007;10;;;9997.0;0.0
29;4000;INTARIAN_PEPPER_ROOT;41996;8;;;;;42014;12;;;;;42005.0;0.0
29;4100;ASH_COATED_OSMIUM;9986;26;9983;10;;;10002;13;10003;23;;;9994.5;0.0
29;4100;INTARIAN_PEPPER_ROOT;41997;12;;;;;42009;9;;;;;42003.0;0.0
29;4200;ASH_COATED_OSMIUM;9994;15;;;;;10005;14;;;;;9999.5;0.0
29;4200;INTARIAN_PEPPER_ROOT;41997;11;41994;12;41992;11;42010;5;42011;8;42012;15;42003.5;0.0
29;4300;ASH_COATED_OSMIUM;9989;15;9986;10;9983;10;10005;23;10006;15;10007;23;9997.0;0.0
29;4300;INTARIAN_PEPPER_ROOT;42001;12;;;;;42014;7;;;;;42007.5;0.0
29;4400;ASH_COATED_OSMIUM;9988;14;9987;24;;;10004;13;10005;10;;;9996.5;0.0
29;4400;INTARIAN_PEPPER_ROOT;42000;8;41999;19;;;42012;10;42015;22;;;42006.0;0.0
29;4500;ASH_COATED_OSMIUM;9994;14;9993;11;9991;15;10004;15;10007;10;10010;13;9999.5;0.0
29;4500;INTARIAN_PEPPER_ROOT;41993;22;41990;12;41988;10;42006;8;42009;10;42011;12;42000.0;0.0
29;4600;ASH_COATED_OSMIUM;9986;12;9985;11;;;10002;11;10005;11;;;9994.5;0.0
29;4600;INTARIAN_PEPPER_ROOT;41999;9;41996;8;41994;11;42011;9;42014;12;42017;8;42005.0;0.0
29;4700;ASH_COATED_OSMIUM;9989;5;9986;10;9984;15;9999;13;10002;14;10005;10;9994.0;0.0
29;4700;INTARIAN_PEPPER_ROOT;42000;25;;;;;42012;8;;;;;42006.0;0.0
29;4800;ASH_COATED_OSMIUM;9987;21;9985;14;9982;10;10003;10;10006;15;10008;28;9995.0;0.0
29;4800;INTARIAN_PEPPER_ROOT;42001;9;41999;9;41998;10;42017;11;42020;10;42021;10;42009.0;0.0
29;4900;ASH_COATED_OSMIUM;9984;22;9981;22;9978;12;10002;15;10003;14;10005;11;9993.5;0.0
29;4900;INTARIAN_PEPPER_ROOT;42000;20;41998;7;;;42012;8;42014;8;;;42006.5;0.0
29;5000;ASH_COATED_OSMIUM;9986;2;9983;13;9982;13;10007;14;10010;10;10012;6;9996.5;0.0
29;5000;INTARIAN_PEPPER_ROOT;42000;9;41997;12;41995;11;42014;12;42016;9;42018;23;42007.5;0.0
29;5100;ASH_COATED_OSMIUM;9987;10;9985;14;;;10003;28;10004;12;;;9995.0;0.0
29;5100;INTARIAN_PEPPER_ROOT;41996;8;41993;8;;;42013;8;42014;11;;;42004.5;0.0
29;5200;ASH_COATED_OSMIUM;9983;10;9981;27;9979;10;10001;15;10004;12;10007;12;9992.0;0.0
29;5200;INTARIAN_PEPPER_ROOT;41999;8;;;;;42011;12;;;;;42005.0;0.0
29;5300;ASH_COATED_OSMIUM;9985;11;9982;12;9980;12;10001;10;10003;11;10004;11;9993.5;0.0
29;5300;INTARIAN_PEPPER_ROOT;41998;22;41997;24;41996;11;42010;10;42012;12;42015;10;42004.0;0.0
29;5400;ASH_COATED_OSMIUM;9982;28;9980;10;9979;15;10003;14;10004;14;10005;21;9992.5;0.0
29;5400;INTARIAN_PEPPER_ROOT;41998;22;41997;16;;;42009;10;42011;20;;;42004.0;0.0
29;5500;ASH_COATED_OSMIUM;9979;10;9977;12;;;9995;11;9998;13;;;9987.5;0.0
29;5500;INTARIAN_PEPPER_ROOT;41995;9;41993;9;;;42014;12;42017;12;;;42004.5;0.0
29;5600;ASH_COATED_OSMIUM;9981;3;;;;;9997;12;;;;;9989.0;0.0
29;5600;INTARIAN_PEPPER_ROOT;41994;11;41991;8;;;42010;9;42012;22;;;42002.0;0.0
29;5700;ASH_COATED_OSMIUM;9982;10;;;;;10001;10;;;;;9992.0;0.0
29;5700;INTARIAN_PEPPER_ROOT;41999;9;41996;11;41993;24;42013;10;42014;9;42016;20;42006.0;0.0
29;5800;ASH_COATED_OSMIUM;9982;12;;;;;9998;15;;;;;9990.5;0.0
29;5800;INTARIAN_PEPPER_ROOT;42000;10;;;;;42011;9;;;;;42005.5;0.0
29;5900;ASH_COATED_OSMIUM;9984;10;9981;29;;;10000;15;10002;10;;;9992.0;0.0
29;5900;INTARIAN_PEPPER_ROOT;41998;10;41997;16;;;42013;12;42014;12;;;42005.5;0.0
29;6000;ASH_COATED_OSMIUM;9983;20;9982;12;9979;21;10001;11;10003;27;10004;14;9992.5;0.0
29;6000;INTARIAN_PEPPER_ROOT;42002;10;41999;23;;;42013;9;42016;25;;;42007.5;0.0
29;6100;ASH_COATED_OSMIUM;9985;10;9982;11;9980;15;10004;23;10007;13;10009;10;9994.5;0.0
29;6100;INTARIAN_PEPPER_ROOT;41998;12;;;;;42014;12;;;;;42006.5;0.0
29;6200;ASH_COATED_OSMIUM;9992;13;;;;;10008;10;;;;;10000.0;0.0
29;6200;INTARIAN_PEPPER_ROOT;41998;11;41996;12;41993;9;42011;11;42014;19;42017;8;42005.0;0.0
29;6300;ASH_COATED_OSMIUM;9994;6;;;;;10010;12;;;;;10002.5;0.0
29;6300;INTARIAN_PEPPER_ROOT;42003;9;42002;8;42000;9;42017;10;42019;23;42021;11;42010.0;0.0
29;6400;ASH_COATED_OSMIUM;9992;14;;;;;10008;4;;;;;10000.0;0.0
29;6400;INTARIAN_PEPPER_ROOT;41999;8;41997;8;;;42012;12;42015;11;;;42006.0;0.0
29;6500;ASH_COATED_OSMIUM;9994;13;;;;;10010;14;;;;;10002.0;0.0
29;6500;INTARIAN_PEPPER_ROOT;42003;11;42002;10;;;42017;9;42018;11;;;42010.5;0.0
29;6600;ASH_COATED_OSMIUM;9990;15;9987;15;;;10008;30;10010;10;;;9999.5;0.0
29;6600;INTARIAN_PEPPER_ROOT;41994;10;;;;;42007;9;;;;;42001.0;0.0
29;6700;ASH_COATED_OSMIUM;9990;14;9988;12;;;10009;13;10011;2;;;10000.0;0.0
29;6700;INTARIAN_PEPPER_ROOT;41998;8;41997;20;41994;10;42009;12;42010;10;42013;9;42004.0;0.0
29;6800;ASH_COATED_OSMIUM;9991;15;9988;10;;;10007;15;10010;10;;;9999.0;0.0
29;6800;INTARIAN_PEPPER_ROOT;42002;21;41999;17;;;42015;12;42017;12;;;42008.5;0.0
29;6900;ASH_COATED_OSMIUM;9995;10;;;;;10002;14;;;;;9999.0;0.0
29;6900;INTARIAN_PEPPER_ROOT;41998;10;41997;11;41995;12;42015;23;42018;10;42021;8;42006.5;0.0
29;7000;ASH_COATED_OSMIUM;9990;12;;;;;10008;15;;;;;9999.0;0.0
29;7000;INTARIAN_PEPPER_ROOT;41996;11;41994;12;;;42013;11;42016;20;;;42005.0;0.0
29;7100;ASH_COATED_OSMIUM;9994;10;9991;15;;;10010;11;10013;15;;;10002.5;0.0
29;7100;INTARIAN_PEPPER_ROOT;42003;11;42000;11;41998;8;42014;10;42015;10;42017;12;42008.5;0.0
29;7200;ASH_COATED_OSMIUM;9993;11;;;;;10011;11;;;;;10002.0;0.0
29;7200;INTARIAN_PEPPER_ROOT;41998;18;;;;;42010;3;;;;;42004.5;0.0
29;7300;ASH_COATED_OSMIUM;9991;4;;;;;10007;10;;;;;9999.5;0.0
29;7300;INTARIAN_PEPPER_ROOT;42000;8;;;;;42012;12;;;;;42006.0;0.0
29;7400;ASH_COATED_OSMIUM;9997;14;;;;;10003;13;;;;;10000.5;0.0
29;7400;INTARIAN_PEPPER_ROOT;42000;12;41997;9;41994;18;42013;8;42015;12;42017;9;42007.0;0.0
29;7500;ASH_COATED_OSMIUM;9999;15;;;;;10015;13;;;;;10007.5;0.0
29;7500;INTARIAN_PEPPER_ROOT;41995;8;41992;10;;;42012;11;42013;25;;;42004.0;0.0
29;7600;ASH_COATED_OSMIUM;9999;12;9997;11;;;10015;11;10017;10;;;10007.0;0.0
29;7600;INTARIAN_PEPPER_ROOT;42000;22;41999;11;41998;20;42014;12;42015;9;42016;9;42007.5;0.0
29;7700;ASH_COATED_OSMIUM;9999;12;;;;;10015;13;;;;;10007.0;0.0
29;7700;INTARIAN_PEPPER_ROOT;42000;25;41999;11;;;42011;8;42013;23;;;42006.0;0.0
29;7800;ASH_COATED_OSMIUM;9995;14;9994;12;9993;10;10013;15;10015;13;10016;14;10004.0;0.0
29;7800;INTARIAN_PEPPER_ROOT;42002;11;41999;11;;;42014;17;42017;12;;;42008.0;0.0
29;7900;ASH_COATED_OSMIUM;9999;10;9998;11;;;10015;23;10017;14;;;10007.5;0.0
29;7900;INTARIAN_PEPPER_ROOT;41999;8;;;;;42013;11;;;;;42006.0;0.0
29;8000;ASH_COATED_OSMIUM;9996;12;;;;;10014;10;;;;;10005.5;0.0
29;8000;INTARIAN_PEPPER_ROOT;42002;9;;;;;42013;8;;;;;42007.5;0.0
29;8100;ASH_COATED_OSMIUM;9995;11;9992;14;;;10011;15;10012;10;;;10003.0;0.0
29;8100;INTARIAN_PEPPER_ROOT;42000;11;41998;8;;;42014;23;42017;11;;;42007.5;0.0
29;8200;ASH_COATED_OSMIUM;9993;11;;;;;10009;14;;;;;10001.5;0.0
29;8200;INTARIAN_PEPPER_ROOT;42003;9;;;;;42015;21;;;;;42009.0;0.0
29;8300;ASH_COATED_OSMIUM;9999;13;9998;14;;;10011;14;10013;28;;;10005.5;0.0
29;8300;INTARIAN_PEPPER_ROOT;42006;12;;;;;42017;9;;;;;42012.0;0.0
29;8400;ASH_COATED_OSMIUM;9997;14;9994;12;;;10016;12;10017;4;;;10007.0;0.0
29;8400;INTARIAN_PEPPER_ROOT;42004;11;;;;;42017;12;;;;;42010.5;0.0
29;8500;ASH_COATED_OSMIUM;9998;10;;;;;10014;12;;;;;10006.0;0.0
29;8500;INTARIAN_PEPPER_ROOT;42002;12;42001;10;;;42015;19;42017;21;;;42009.0;0.0
29;8600;ASH_COATED_OSMIUM;9995;12;9994;14;;;10011;14;10012;13;;;10003.0;0.0
29;8600;INTARIAN_PEPPER_ROOT;41996;20;41995;10;;;42012;20;42013;9;;;42004.0;0.0
29;8700;ASH_COATED_OSMIUM;9990;24;9989;15;;;10006;25;10008;14;;;9998.5;0.0
29;8700;INTARIAN_PEPPER_ROOT;42000;12;41997;8;41996;10;42014;8;42016;11;42019;8;42007.0;0.0
29;8800;ASH_COATED_OSMIUM;9989;15;9988;14;;;10005;13;10007;12;;;9997.0;0.0
29;8800;INTARIAN_PEPPER_ROOT;42000;11;;;;;42012;12;;;;;42006.5;0.0
29;8900;ASH_COATED_OSMIUM;9992;14;9989;5;9987;10;10011;20;10013;12;10015;22;10001.5;0.0
29;8900;INTARIAN_PEPPER_ROOT;42000;10;41998;8;41997;8;42012;19;42015;15;42016;12;42006.0;0.0
29;9000;ASH_COATED_OSMIUM;9996;12;9994;11;;;10014;11;10015;12;;;10005.5;0.0
29;9000;INTARIAN_PEPPER_ROOT;42004;11;42001;8;41999;8;42019;10;42021;9;42023;11;42012.0;0.0
29;9100;ASH_COATED_OSMIUM;9990;10;9989;13;;;10006;12;10009;13;;;9998.0;0.0
29;9100;INTARIAN_PEPPER_ROOT;42001;9;;;;;42015;12;;;;;42008.0;0.0
29;9200;ASH_COATED_OSMIUM;9987;10;9985;13;;;10006;14;10008;11;;;9997.0;0.0
29;9200;INTARIAN_PEPPER_ROOT;42004;10;;;;;42017;11;;;;;42010.5;0.0
29;9300;ASH_COATED_OSMIUM;9991;10;9989;12;;;10007;14;10010;14;;;9999.0;0.0
29;9300;INTARIAN_PEPPER_ROOT;42001;8;42000;21;;;42015;17;42016;8;;;42008.0;0.0
29;9400;ASH_COATED_OSMIUM;9990;14;;;;;10006;15;;;;;9998.0;0.0
29;9400;INTARIAN_PEPPER_ROOT;42003;11;42000;8;41999;15;42014;11;42015;23;42017;9;42008.5;0.0
29;9500;ASH_COATED_OSMIUM;9989;11;;;;;10005;14;;;;;9997.5;0.0
29;9500;INTARIAN_PEPPER_ROOT;42004;9;42003;9;42000;21;42018;9;42020;11;42022;10;42011.0;0.0
29;9600;ASH_COATED_OSMIUM;9998;13;9995;11;;;10014;15;10016;12;;;10006.0;0.0
29;9600;INTARIAN_PEPPER_ROOT;42005;11;42002;8;;;42017;25;42020;11;;;42011.0;0.0
29;9700;ASH_COATED_OSMIUM;9997;12;9994;15;9993;15;10013;13;10014;10;10016;13;10005.5;0.0
29;9700;INTARIAN_PEPPER_ROOT;42004;11;42003;8;42001;8;42017;9;42020;11;42023;10;42010.5;0.0
29;9800;ASH_COATED_OSMIUM;9995;27;9993;10;9991;10;10013;13;10015;12;10016;15;10004.5;0.0
29;9800;INTARIAN_PEPPER_ROOT;41999;12;41997;8;41996;16;42013;11;42016;25;42018;22;42006.0;0.0
29;9900;ASH_COATED_OSMIUM;9997;10;;;;;10013;12;;;;;10005.5;0.0
29;9900;INTARIAN_PEPPER_ROOT;42006;19;42003;9;;;42019;12;42021;9;;;42013.0;0.0
29;10000;ASH_COATED_OSMIUM;9996;21;;;;;10014;14;;;;;10005.5;0.0
29;10000;INTARIAN_PEPPER_ROOT;42002;10;41999;12;;;42016;9;42017;8;;;42009.0;0.0
29;10100;ASH_COATED_OSMIUM;9991;20;;;;;10007;14;;;;;9999.0;0.0
29;10100;INTARIAN_PEPPER_ROOT;42008;21;42006;10;;;42020;9;42022;17;;;42014.0;0.0
29;10200;ASH_COATED_OSMIUM;9994;26;9992;15;;;10010;15;10011;10;;;10002.5;0.0
29;10200;INTARIAN_PEPPER_ROOT;42010;10;42009;8;42007;25;42021;10;42024;11;42027;11;42015.5;0.0
29;10300;ASH_COATED_OSMIUM;9995;10;;;;;10011;12;;;;;10003.0;0.0
29;10300;INTARIAN_PEPPER_ROOT;42007;9;42004;10;42001;8;42020;12;42021;11;42022;12;42013.5;0.0
29;10400;ASH_COATED_OSMIUM;9996;12;9994;13;;;10012;15;10014;24;;;10004.5;0.0
29;10400;INTARIAN_PEPPER_ROOT;42000;22;41998;10;;;42016;11;42019;9;;;42008.0;0.0
29;10500;ASH_COATED_OSMIUM;9995;14;9993;14;;;10011;15;10013;11;;;10003.0;0.0
29;10500;INTARIAN_PEPPER_ROOT;42007;8;42006;22;;;42018;9;42020;12;;;42012.5;0.0
29;10600;ASH_COATED_OSMIUM;9993;12;9990;12;;;10009;13;10011;10;;;10001.5;0.0
29;10600;INTARIAN_PEPPER_ROOT;42008;8;42006;11;42005;12;42020;12;42023;10;42024;8;42014.0;0.0
29;10700;ASH_COATED_OSMIUM;9994;21;9993;13;9991;11;10013;14;10014;29;10016;21;10004.0;0.0
29;10700;INTARIAN_PEPPER_ROOT;42003;8;42000;12;;;42019;12;42022;10;;;42011.5;0.0
29;10800;ASH_COATED_OSMIUM;9988;12;;;;;10007;14;;;;;9998.0;0.0
29;10800;INTARIAN_PEPPER_ROOT;42001;10;41998;10;;;42013;10;42014;9;;;42007.5;0.0
29;10900;ASH_COATED_OSMIUM;9987;10;9986;14;;;10003;15;10005;11;;;9995.0;0.0
29;10900;INTARIAN_PEPPER_ROOT;42002;22;;;;;42018;12;;;;;42010.5;0.0
29;11000;ASH_COATED_OSMIUM;9983;11;9982;11;;;10002;14;10005;14;;;9993.0;0.0
29;11000;INTARIAN_PEPPER_ROOT;42005;11;;;;;42017;10;;;;;42011.5;0.0
29;11100;ASH_COATED_OSMIUM;9982;10;9981;15;;;9998;28;10001;11;;;9990.0;0.0
29;11100;INTARIAN_PEPPER_ROOT;42004;11;42002;10;;;42017;11;42019;12;;;42011.0;0.0
29;11200;ASH_COATED_OSMIUM;9982;30;;;;;9998;11;;;;;9990.0;0.0
29;11200;INTARIAN_PEPPER_ROOT;42003;9;42000;9;41997;9;42019;10;42021;23;42022;25;42011.0;0.0
29;11300;ASH_COATED_OSMIUM;9984;10;;;;;10002;11;;;;;9993.5;0.0
29;11300;INTARIAN_PEPPER_ROOT;42006;12;;;;;42018;8;;;;;42012.5;0.0
29;11400;ASH_COATED_OSMIUM;9992;27;9991;10;;;10008;22;10009;13;;;10000.0;0.0
29;11400;INTARIAN_PEPPER_ROOT;42010;12;42008;9;42006;8;42013;11;42015;12;42018;20;42012.0;0.0
29;11500;ASH_COATED_OSMIUM;9983;15;;;;;10002;30;;;;;9993.0;0.0
29;11500;INTARIAN_PEPPER_ROOT;42007;9;42004;11;42002;10;42019;12;42020;12;42022;18;42013.5;0.0
29;11600;ASH_COATED_OSMIUM;9987;10;9986;14;;;10003;13;10005;11;;;9995.5;0.0
29;11600;INTARIAN_PEPPER_ROOT;42007;19;42006;9;;;42020;10;42023;10;;;42014.0;0.0
29;11700;ASH_COATED_OSMIUM;9989;11;9986;10;9984;22;9996;13;9999;15;10001;12;9992.5;0.0
29;11700;INTARIAN_PEPPER_ROOT;42012;8;42010;12;;;42016;8;42017;10;;;42014.5;0.0
29;11800;ASH_COATED_OSMIUM;9982;14;9981;29;;;9998;15;9999;13;;;9990.0;0.0
29;11800;INTARIAN_PEPPER_ROOT;42004;10;;;;;42018;8;;;;;42011.5;0.0
29;11900;ASH_COATED_OSMIUM;9980;14;9977;14;;;9993;5;9995;15;;;9987.0;0.0
29;11900;INTARIAN_PEPPER_ROOT;42005;10;;;;;42018;8;;;;;42011.5;0.0
29;12000;ASH_COATED_OSMIUM;9982;5;9979;10;9978;13;9998;11;9999;11;10002;11;9990.0;0.0
29;12000;INTARIAN_PEPPER_ROOT;42005;11;42003;10;;;42016;12;42019;15;;;42010.5;0.0
29;12100;ASH_COATED_OSMIUM;9984;14;9983;24;;;10002;13;10004;13;;;9993.5;0.0
29;12100;INTARIAN_PEPPER_ROOT;42006;8;;;;;42021;12;;;;;42014.0;0.0
29;12200;ASH_COATED_OSMIUM;9982;15;9981;10;;;10001;12;10003;22;;;9991.5;0.0
29;12200;INTARIAN_PEPPER_ROOT;42008;11;42007;11;42005;10;42020;21;42021;9;42022;8;42014.0;0.0
29;12300;ASH_COATED_OSMIUM;9989;13;;;;;10005;14;;;;;9997.5;0.0
29;12300;INTARIAN_PEPPER_ROOT;42008;10;42007;11;;;42020;10;42023;10;;;42014.0;0.0
29;12400;ASH_COATED_OSMIUM;9992;11;9990;11;;;10008;13;10011;30;;;10000.5;0.0
29;12400;INTARIAN_PEPPER_ROOT;42003;10;42000;12;41997;8;42018;8;42019;11;42020;9;42010.5;0.0
29;12500;ASH_COATED_OSMIUM;9993;27;;;;;10012;12;;;;;10002.5;0.0
29;12500;INTARIAN_PEPPER_ROOT;42010;12;;;;;42022;24;;;;;42016.0;0.0
29;12600;ASH_COATED_OSMIUM;9993;15;9992;14;;;10009;13;10012;12;;;10001.0;0.0
29;12600;INTARIAN_PEPPER_ROOT;42007;8;;;;;42021;12;;;;;42014.5;0.0
29;12700;ASH_COATED_OSMIUM;9988;14;;;;;10007;15;;;;;9997.5;0.0
29;12700;INTARIAN_PEPPER_ROOT;42010;12;42008;8;42006;19;42022;11;42023;9;42024;9;42016.0;0.0
29;12800;ASH_COATED_OSMIUM;9989;11;9987;11;;;10005;14;10006;11;;;9997.5;0.0
29;12800;INTARIAN_PEPPER_ROOT;42007;21;42004;16;42001;9;42020;12;42022;11;42025;9;42014.0;0.0
29;12900;ASH_COATED_OSMIUM;9987;14;9985;15;9983;11;10003;10;10006;15;10007;15;9995.5;0.0
29;12900;INTARIAN_PEPPER_ROOT;42010;10;42009;9;42006;11;42023;10;42024;10;42027;20;42016.5;0.0
29;13000;ASH_COATED_OSMIUM;9990;14;9987;30;;;10006;13;10007;15;;;9998.5;0.0
29;13000;INTARIAN_PEPPER_ROOT;41999;10;;;;;42016;8;;;;;42007.5;0.0
29;13100;ASH_COATED_OSMIUM;9991;27;9990;10;;;10007;13;10010;13;;;9999.0;0.0
29;13100;INTARIAN_PEPPER_ROOT;42009;11;42008;11;;;42022;9;42025;8;;;42016.0;0.0
29;13200;ASH_COATED_OSMIUM;9999;13;9997;20;;;10015;13;10018;10;;;10007.0;0.0
29;13200;INTARIAN_PEPPER_ROOT;42008;10;42005;18;;;42023;8;42024;9;;;42016.0;0.0
29;13300;ASH_COATED_OSMIUM;9993;14;;;;;10009;14;;;;;10001.0;0.0
29;13300;INTARIAN_PEPPER_ROOT;42002;12;;;;;42014;6;;;;;42008.5;0.0
29;13400;ASH_COATED_OSMIUM;9991;15;9989;14;;;10007;12;10008;20;;;9999.0;0.0
29;13400;INTARIAN_PEPPER_ROOT;42009;11;42008;9;42005;11;42021;9;42023;12;42025;8;42015.5;0.0
29;13500;ASH_COATED_OSMIUM;9990;10;9987;20;9986;29;10006;10;10008;27;10011;14;9998.5;0.0
29;13500;INTARIAN_PEPPER_ROOT;42006;25;42005;9;;;42017;12;42019;10;;;42012.0;0.0
29;13600;ASH_COATED_OSMIUM;9992;13;9990;14;;;10008;30;10009;13;;;10000.0;0.0
29;13600;INTARIAN_PEPPER_ROOT;42010;12;;;;;42023;19;;;;;42016.5;0.0
29;13700;ASH_COATED_OSMIUM;9994;15;9991;13;;;10013;20;10014;11;;;10003.5;0.0
29;13700;INTARIAN_PEPPER_ROOT;42007;8;42005;8;42002;12;42020;11;42023;10;42026;11;42013.5;0.0
29;13800;ASH_COATED_OSMIUM;9994;29;9992;13;;;10010;13;10013;15;;;10002.5;0.0
29;13800;INTARIAN_PEPPER_ROOT;42008;12;42006;9;;;42020;9;42023;12;;;42014.0;0.0
29;13900;ASH_COATED_OSMIUM;9994;21;9991;11;9989;14;10012;14;10013;14;10016;24;10003.0;0.0
29;13900;INTARIAN_PEPPER_ROOT;42008;9;42006;10;42004;9;42022;12;42024;8;42026;10;42015.5;0.0
29;14000;ASH_COATED_OSMIUM;9994;11;;;;;10010;20;;;;;10002.5;0.0
29;14000;INTARIAN_PEPPER_ROOT;42009;9;;;;;42022;10;;;;;42015.5;0.0
29;14100;ASH_COATED_OSMIUM;9984;12;9981;15;9980;14;10000;7;10002;12;10004;14;9992.5;0.0
29;14100;INTARIAN_PEPPER_ROOT;42005;11;;;;;42019;22;;;;;42012.5;0.0
29;14200;ASH_COATED_OSMIUM;9980;2;9978;25;;;9996;10;9997;14;;;9988.0;0.0
29;14200;INTARIAN_PEPPER_ROOT;42007;10;;;;;42020;9;;;;;42014.0;0.0
29;14300;ASH_COATED_OSMIUM;9986;28;;;;;10004;10;;;;;9995.0;0.0
29;14300;INTARIAN_PEPPER_ROOT;42012;8;;;;;42023;19;;;;;42017.5;0.0
29;14400;ASH_COATED_OSMIUM;9990;10;9987;10;9984;14;10006;10;10009;30;10011;15;9998.5;0.0
29;14400;INTARIAN_PEPPER_ROOT;42005;9;42003;10;42002;12;42018;9;42021;12;42022;12;42011.5;0.0
29;14500;ASH_COATED_OSMIUM;9994;24;9993;14;;;10010;15;10012;15;;;10002.0;0.0
29;14500;INTARIAN_PEPPER_ROOT;42009;10;42008;9;42006;12;42021;23;42024;12;42027;10;42015.5;0.0
29;14600;ASH_COATED_OSMIUM;9994;10;;;;;10012;15;;;;;10003.5;0.0
29;14600;INTARIAN_PEPPER_ROOT;42009;11;42008;11;42005;8;42022;9;42023;11;42025;8;42015.5;0.0
29;14700;ASH_COATED_OSMIUM;9999;10;;;;;10015;11;;;;;10007.5;0.0
29;14700;INTARIAN_PEPPER_ROOT;42006;8;;;;;42020;9;;;;;42013.0;0.0
29;14800;ASH_COATED_OSMIUM;10000;10;;;;;10016;15;;;;;10008.5;0.0
29;14800;INTARIAN_PEPPER_ROOT;42008;12;;;;;42016;12;;;;;42012.5;0.0
29;14900;ASH_COATED_OSMIUM;9994;9;9993;14;9990;11;10013;11;10016;11;10019;12;10004.0;0.0
29;14900;INTARIAN_PEPPER_ROOT;42009;25;42008;12;;;42022;11;42024;16;;;42016.0;0.0
29;15000;ASH_COATED_OSMIUM;9990;14;9987;11;;;10006;30;10007;12;;;9998.0;0.0
29;15000;INTARIAN_PEPPER_ROOT;42006;12;;;;;42020;8;;;;;42013.0;0.0
29;15100;ASH_COATED_OSMIUM;9987;12;9985;14;9982;11;10003;13;10006;14;10009;14;9995.5;0.0
29;15100;INTARIAN_PEPPER_ROOT;42007;15;;;;;42020;9;;;;;42014.0;0.0
29;15200;ASH_COATED_OSMIUM;9987;14;;;;;10003;10;;;;;9995.0;0.0
29;15200;INTARIAN_PEPPER_ROOT;42012;12;42009;10;;;42019;9;42020;10;;;42015.5;0.0
29;15300;ASH_COATED_OSMIUM;9985;11;9982;13;9981;15;10001;24;10004;30;10006;13;9993.5;0.0
29;15300;INTARIAN_PEPPER_ROOT;42005;8;;;;;42018;16;;;;;42012.0;0.0
29;15400;ASH_COATED_OSMIUM;9993;12;;;;;9999;15;;;;;9996.0;0.0
29;15400;INTARIAN_PEPPER_ROOT;42006;9;42004;12;42001;23;42021;18;42022;17;42024;8;42013.5;0.0
29;15500;ASH_COATED_OSMIUM;9985;10;9984;15;;;10001;11;10002;12;;;9993.0;0.0
29;15500;INTARIAN_PEPPER_ROOT;42008;7;42007;8;;;42021;25;42022;11;;;42014.5;0.0
29;15600;ASH_COATED_OSMIUM;9980;28;;;;;9996;14;;;;;9988.0;0.0
29;15600;INTARIAN_PEPPER_ROOT;42012;8;;;;;42024;20;;;;;42018.0;0.0
29;15700;ASH_COATED_OSMIUM;9985;13;;;;;10001;10;;;;;9993.5;0.0
29;15700;INTARIAN_PEPPER_ROOT;42010;9;;;;;42024;9;;;;;42017.0;0.0
29;15800;ASH_COATED_OSMIUM;9991;10;9990;14;9988;13;10009;10;10012;10;10013;14;10000.5;0.0
29;15800;INTARIAN_PEPPER_ROOT;42006;12;42003;16;;;42019;11;42020;8;;;42012.5;0.0
29;15900;ASH_COATED_OSMIUM;9992;29;9991;26;;;10008;11;10011;15;;;10000.5;0.0
29;15900;INTARIAN_PEPPER_ROOT;42007;8;;;;;42019;12;;;;;42013.5;0.0
29;16000;ASH_COATED_OSMIUM;9990;11;;;;;10011;10;;;;;10001.0;0.0
29;16000;INTARIAN_PEPPER_ROOT;42014;12;;;;;42025;11;;;;;42019.5;0.0
29;16100;ASH_COATED_OSMIUM;9989;13;9987;15;;;10005;14;10008;12;;;9997.5;0.0
29;16100;INTARIAN_PEPPER_ROOT;42008;12;;;;;42021;9;;;;;42015.0;0.0
29;16200;ASH_COATED_OSMIUM;9994;10;9991;12;;;10004;15;10007;23;;;9999.0;0.0
29;16200;INTARIAN_PEPPER_ROOT;42009;12;;;;;42022;12;;;;;42015.5;0.0
29;16300;ASH_COATED_OSMIUM;9992;13;9991;15;;;10008;13;10011;10;;;10000.0;0.0
29;16300;INTARIAN_PEPPER_ROOT;42011;11;;;;;42025;8;;;;;42018.0;0.0
29;16400;ASH_COATED_OSMIUM;9995;15;9994;12;9993;11;10011;2;10012;12;10015;14;10003.0;0.0
29;16400;INTARIAN_PEPPER_ROOT;42009;12;;;;;42021;20;;;;;42015.5;0.0
29;16500;ASH_COATED_OSMIUM;9994;13;9992;13;;;10010;11;10013;21;;;10002.0;0.0
29;16500;INTARIAN_PEPPER_ROOT;42005;10;42002;12;42000;10;42022;18;42024;11;42026;9;42013.5;0.0
29;16600;ASH_COATED_OSMIUM;9992;12;9989;10;9988;2;10002;11;10005;10;10007;24;9997.5;0.0
29;16600;INTARIAN_PEPPER_ROOT;42009;10;42008;10;42007;19;42022;8;42024;11;42026;8;42016.0;0.0
29;16700;ASH_COATED_OSMIUM;9987;14;9985;14;9984;10;10003;11;10006;11;10008;12;9995.0;0.0
29;16700;INTARIAN_PEPPER_ROOT;42007;9;;;;;42026;10;;;;;42016.5;0.0
29;16800;ASH_COATED_OSMIUM;9985;23;9984;11;;;10004;15;10006;12;;;9994.5;0.0
29;16800;INTARIAN_PEPPER_ROOT;42010;11;42008;12;;;42022;12;42023;10;;;42016.0;0.0
29;16900;ASH_COATED_OSMIUM;9983;10;;;;;10002;12;;;;;9993.0;0.0
29;16900;INTARIAN_PEPPER_ROOT;42009;10;42008;10;42005;10;42024;8;42026;9;42028;12;42016.5;0.0
29;17000;ASH_COATED_OSMIUM;9982;15;9981;14;;;10000;13;10003;13;;;9991.0;0.0
29;17000;INTARIAN_PEPPER_ROOT;42012;8;42010;10;;;42021;7;42023;23;;;42017.0;0.0
29;17100;ASH_COATED_OSMIUM;9993;14;9990;30;9988;11;10002;10;10004;13;10005;2;9998.0;0.0
29;17100;INTARIAN_PEPPER_ROOT;42013;9;;;;;42025;9;;;;;42019.5;0.0
29;17200;ASH_COATED_OSMIUM;9987;14;9985;13;;;10003;10;10006;12;;;9995.5;0.0
29;17200;INTARIAN_PEPPER_ROOT;42011;23;;;;;42026;11;;;;;42019.0;0.0
29;17300;ASH_COATED_OSMIUM;9988;14;;;;;10004;15;;;;;9996.0;0.0
29;17300;INTARIAN_PEPPER_ROOT;42007;17;42006;12;;;42021;12;42022;9;;;42014.5;0.0
29;17400;ASH_COATED_OSMIUM;9992;28;9991;14;9989;10;10008;13;10009;11;10010;12;10000.0;0.0
29;17400;INTARIAN_PEPPER_ROOT;42012;10;42010;11;;;42023;10;42025;20;;;42018.0;0.0
29;17500;ASH_COATED_OSMIUM;9993;15;;;;;10009;9;;;;;10001.5;0.0
29;17500;INTARIAN_PEPPER_ROOT;42013;11;;;;;42029;20;;;;;42021.5;0.0
29;17600;ASH_COATED_OSMIUM;9991;5;9988;28;;;10007;15;10009;21;;;9999.0;0.0
29;17600;INTARIAN_PEPPER_ROOT;42014;10;;;;;42027;19;;;;;42021.0;0.0
29;17700;ASH_COATED_OSMIUM;9988;15;9987;8;9984;14;10004;14;10006;10;10007;11;9996.0;0.0
29;17700;INTARIAN_PEPPER_ROOT;42014;9;42013;11;;;42027;10;42028;11;;;42020.5;0.0
29;17800;ASH_COATED_OSMIUM;9990;10;9987;12;;;10006;12;10009;15;;;9998.0;0.0
29;17800;INTARIAN_PEPPER_ROOT;42011;17;42010;10;;;42024;11;42027;11;;;42017.5;0.0
29;17900;ASH_COATED_OSMIUM;9992;11;9990;15;;;10008;10;10009;21;;;10000.5;0.0
29;17900;INTARIAN_PEPPER_ROOT;42013;11;42012;8;;;42025;10;42028;10;;;42019.0;0.0
29;18000;ASH_COATED_OSMIUM;9987;26;9986;10;9985;14;10003;14;10004;23;10006;2;9995.5;0.0
29;18000;INTARIAN_PEPPER_ROOT;42012;11;42011;8;;;42026;8;42028;8;;;42019.5;0.0
29;18100;ASH_COATED_OSMIUM;9996;30;9995;15;9992;10;10007;15;10009;14;10012;15;10002.0;0.0
29;18100;INTARIAN_PEPPER_ROOT;42012;8;42011;10;;;42025;18;42026;12;;;42018.5;0.0
29;18200;ASH_COATED_OSMIUM;9988;15;9986;4;;;10004;12;10005;14;;;9996.5;0.0
29;18200;INTARIAN_PEPPER_ROOT;42014;10;42013;10;42011;8;42027;10;42028;12;42030;12;42021.0;0.0
29;18300;ASH_COATED_OSMIUM;9989;13;9986;15;9985;15;10005;14;10008;13;10011;20;9997.0;0.0
29;18300;INTARIAN_PEPPER_ROOT;42015;10;42014;12;;;42026;8;42027;9;;;42020.5;0.0
29;18400;ASH_COATED_OSMIUM;9984;14;9983;14;9981;28;10000;11;10001;14;10002;10;9992.5;0.0
29;18400;INTARIAN_PEPPER_ROOT;42010;10;42007;10;42004;9;42025;19;42027;9;42029;12;42017.5;0.0
29;18500;ASH_COATED_OSMIUM;9988;12;;;;;10007;21;;;;;9997.5;0.0
29;18500;INTARIAN_PEPPER_ROOT;42014;10;42012;9;42011;9;42025;21;42026;11;42029;12;42019.5;0.0
29;18600;ASH_COATED_OSMIUM;9986;15;9984;15;;;10002;10;10004;12;;;9994.5;0.0
29;18600;INTARIAN_PEPPER_ROOT;42013;11;42012;11;;;42026;9;42028;9;;;42019.5;0.0
29;18700;ASH_COATED_OSMIUM;9992;5;;;;;10008;14;;;;;10000.0;0.0
29;18700;INTARIAN_PEPPER_ROOT;42014;22;42013;12;;;42027;19;42029;8;;;42021.0;0.0
29;18800;ASH_COATED_OSMIUM;9984;7;;;;;9999;20;;;;;9991.5;0.0
29;18800;INTARIAN_PEPPER_ROOT;42013;8;42012;8;;;42026;9;42029;10;;;42019.5;0.0
29;18900;ASH_COATED_OSMIUM;9982;10;9979;30;;;9998;24;9999;10;;;9990.5;0.0
29;18900;INTARIAN_PEPPER_ROOT;42012;8;42009;12;42006;10;42024;17;42025;18;42026;9;42018.0;0.0
29;19000;ASH_COATED_OSMIUM;9985;15;9982;13;;;10001;11;10003;10;;;9993.0;0.0
29;19000;INTARIAN_PEPPER_ROOT;42018;11;42015;12;42013;18;42027;9;42030;11;42033;8;42022.5;0.0
29;19100;ASH_COATED_OSMIUM;9987;10;9985;25;;;10006;13;10007;12;;;9996.5;0.0
29;19100;INTARIAN_PEPPER_ROOT;42016;11;;;;;42030;11;;;;;42023.0;0.0
29;19200;ASH_COATED_OSMIUM;9987;13;;;;;10003;30;;;;;9995.0;0.0
29;19200;INTARIAN_PEPPER_ROOT;42013;8;;;;;42025;10;;;;;42019.5;0.0
29;19300;ASH_COATED_OSMIUM;9994;14;9992;14;;;10012;14;10013;4;;;10003.0;0.0
29;19300;INTARIAN_PEPPER_ROOT;42011;9;42008;9;;;42023;10;42025;11;;;42017.5;0.0
29;19400;ASH_COATED_OSMIUM;9996;14;9995;3;;;10012;26;10014;22;;;10004.5;0.0
29;19400;INTARIAN_PEPPER_ROOT;42014;8;42013;11;;;42029;12;42032;10;;;42022.0;0.0
29;19500;ASH_COATED_OSMIUM;10001;11;9998;10;;;10017;13;10018;13;;;10009.0;0.0
29;19500;INTARIAN_PEPPER_ROOT;42011;12;42009;9;42007;18;42025;9;42026;7;42028;10;42018.5;0.0
29;19600;ASH_COATED_OSMIUM;9992;11;;;;;10008;12;;;;;10000.0;0.0
29;19600;INTARIAN_PEPPER_ROOT;42016;12;42015;12;42012;8;42030;8;42032;12;42033;12;42023.0;0.0
29;19700;ASH_COATED_OSMIUM;10000;5;9997;3;;;10019;10;10021;12;;;10009.5;0.0
29;19700;INTARIAN_PEPPER_ROOT;42010;8;42008;8;;;42026;8;42029;8;;;42018.5;0.0
29;19800;ASH_COATED_OSMIUM;9997;13;9994;12;;;10015;24;10017;21;;;10006.5;0.0
29;19800;INTARIAN_PEPPER_ROOT;42014;9;42011;8;;;42028;11;42030;10;;;42021.0;0.0
29;19900;ASH_COATED_OSMIUM;9995;15;9994;14;9992;14;10011;9;10014;11;10015;10;10003.5;0.0
29;19900;INTARIAN_PEPPER_ROOT;42014;12;42012;10;42011;10;42025;9;42028;8;42030;11;42020.0;0.0
29;20000;ASH_COATED_OSMIUM;9995;13;9992;13;9990;12;10011;10;10012;14;10014;14;10003.0;0.0
29;20000;INTARIAN_PEPPER_ROOT;42013;9;42012;12;42011;11;42025;10;42028;9;42030;11;42019.0;0.0
29;20100;ASH_COATED_OSMIUM;9987;10;9986;23;;;10005;10;10007;11;;;9996.5;0.0
29;20100;INTARIAN_PEPPER_ROOT;42010;9;42008;23;;;42019;15;42021;8;;;42015.0;0.0
29;20200;ASH_COATED_OSMIUM;9989;25;9986;14;9983;15;10005;21;10007;29;10010;10;9997.5;0.0
29;20200;INTARIAN_PEPPER_ROOT;42014;10;;;;;42027;10;;;;;42021.0;0.0
29;20300;ASH_COATED_OSMIUM;9993;10;9990;12;9988;13;10009;12;10012;10;10015;14;10001.5;0.0
29;20300;INTARIAN_PEPPER_ROOT;42010;20;;;;;42023;8;;;;;42017.0;0.0
29;20400;ASH_COATED_OSMIUM;9996;14;9994;15;9993;10;10007;12;10009;11;10010;13;10001.5;0.0
29;20400;INTARIAN_PEPPER_ROOT;42012;8;;;;;42026;20;;;;;42019.5;0.0
29;20500;ASH_COATED_OSMIUM;9990;15;9989;12;;;10006;12;10009;15;;;9998.5;0.0
29;20500;INTARIAN_PEPPER_ROOT;42011;10;42009;17;;;42024;8;42025;8;;;42017.5;0.0
29;20600;ASH_COATED_OSMIUM;9991;13;9988;4;;;10010;12;10012;15;;;10001.0;0.0
29;20600;INTARIAN_PEPPER_ROOT;42011;11;;;;;42023;12;;;;;42017.0;0.0
29;20700;ASH_COATED_OSMIUM;9992;12;;;;;10008;10;;;;;10000.0;0.0
29;20700;INTARIAN_PEPPER_ROOT;42017;10;42016;9;;;42029;8;42031;9;;;42023.0;0.0
29;20800;ASH_COATED_OSMIUM;9996;11;9994;12;;;10012;11;10015;15;;;10004.5;0.0
29;20800;INTARIAN_PEPPER_ROOT;42014;8;42012;8;;;42027;9;42029;10;;;42020.5;0.0
29;20900;ASH_COATED_OSMIUM;9994;5;9991;15;;;10007;24;10009;12;;;10000.5;0.0
29;20900;INTARIAN_PEPPER_ROOT;42012;10;42011;20;42009;8;42026;8;42027;11;42029;8;42019.5;0.0
29;21000;ASH_COATED_OSMIUM;9996;12;9994;14;9992;24;10012;13;10015;13;10018;11;10004.0;0.0
29;21000;INTARIAN_PEPPER_ROOT;42020;12;;;;;42032;9;;;;;42026.0;0.0
29;21100;ASH_COATED_OSMIUM;9995;13;;;;;10013;12;;;;;10004.0;0.0
29;21100;INTARIAN_PEPPER_ROOT;42013;19;;;;;42027;10;;;;;42020.0;0.0
29;21200;ASH_COATED_OSMIUM;9994;10;9992;15;;;10010;23;10012;11;;;10002.0;0.0
29;21200;INTARIAN_PEPPER_ROOT;42018;11;42016;23;42013;10;42032;10;42033;12;42034;8;42025.5;0.0
29;21300;ASH_COATED_OSMIUM;9996;15;9994;11;9993;12;10012;10;10014;10;10015;15;10004.5;0.0
29;21300;INTARIAN_PEPPER_ROOT;42016;18;42014;10;42011;8;42028;8;42030;10;42031;11;42022.0;0.0
29;21400;ASH_COATED_OSMIUM;9995;3;9993;14;;;10014;13;10017;15;;;10004.5;0.0
29;21400;INTARIAN_PEPPER_ROOT;42017;10;42014;10;;;42020;7;42021;12;;;42019.0;0.0
29;21500;ASH_COATED_OSMIUM;9995;20;;;;;10008;14;;;;;10002.0;0.0
29;21500;INTARIAN_PEPPER_ROOT;42014;11;42013;9;;;42025;8;42028;8;;;42020.0;0.0
29;21600;ASH_COATED_OSMIUM;9986;11;;;;;10005;15;;;;;9996.0;0.0
29;21600;INTARIAN_PEPPER_ROOT;42022;8;42020;9;;;42028;8;42029;17;;;42025.5;0.0
29;21700;ASH_COATED_OSMIUM;9990;10;;;;;10006;11;;;;;9998.0;0.0
29;21700;INTARIAN_PEPPER_ROOT;42013;8;;;;;42027;8;;;;;42020.0;0.0
29;21800;ASH_COATED_OSMIUM;9985;28;;;;;10001;15;;;;;9993.5;0.0
29;21800;INTARIAN_PEPPER_ROOT;42018;8;;;;;42021;12;;;;;42019.5;0.0
29;21900;ASH_COATED_OSMIUM;9988;15;9985;15;9984;14;10004;13;10006;12;10007;12;9996.0;0.0
29;21900;INTARIAN_PEPPER_ROOT;42013;8;42011;10;42008;9;42026;11;42027;10;42029;9;42019.5;0.0
29;22000;ASH_COATED_OSMIUM;9991;10;;;;;10007;8;;;;;9999.0;0.0
29;22000;INTARIAN_PEPPER_ROOT;42013;12;42010;23;42007;9;42029;11;42030;11;42032;9;42021.5;0.0
29;22100;ASH_COATED_OSMIUM;9992;15;;;;;10003;11;;;;;9998.0;0.0
29;22100;INTARIAN_PEPPER_ROOT;42017;11;;;;;42030;12;;;;;42023.5;0.0
29;22200;ASH_COATED_OSMIUM;9996;14;;;;;10012;14;;;;;10004.0;0.0
29;22200;INTARIAN_PEPPER_ROOT;42015;19;42012;10;;;42026;9;42028;18;;;42021.0;0.0
29;22300;ASH_COATED_OSMIUM;9987;13;9986;10;;;10003;12;10004;11;;;9995.5;0.0
29;22300;INTARIAN_PEPPER_ROOT;42014;25;;;;;42025;16;;;;;42019.5;0.0
29;22400;ASH_COATED_OSMIUM;9985;10;9984;15;;;10004;10;10005;10;;;9995.0;0.0
29;22400;INTARIAN_PEPPER_ROOT;42015;10;42012;24;;;42032;11;42034;10;;;42023.5;0.0
29;22500;ASH_COATED_OSMIUM;9987;14;9984;12;;;10003;13;10006;10;;;9995.0;0.0
29;22500;INTARIAN_PEPPER_ROOT;42016;9;;;;;42028;11;;;;;42022.0;0.0
29;22600;ASH_COATED_OSMIUM;9983;13;9981;13;9979;12;9999;27;10000;10;10002;30;9991.0;0.0
29;22600;INTARIAN_PEPPER_ROOT;42019;12;42017;15;42014;10;42031;8;42033;17;42036;9;42025.0;0.0
29;22700;ASH_COATED_OSMIUM;9988;12;9986;15;;;10004;14;10007;15;;;9996.0;0.0
29;22700;INTARIAN_PEPPER_ROOT;42015;12;42012;9;42011;10;42032;12;42033;12;42034;18;42023.5;0.0
29;22800;ASH_COATED_OSMIUM;9990;12;9989;11;;;10006;14;10008;10;;;9998.0;0.0
29;22800;INTARIAN_PEPPER_ROOT;42019;8;42016;12;42015;12;42028;12;42029;8;42030;25;42024.0;0.0
29;22900;ASH_COATED_OSMIUM;9995;13;9992;15;9989;10;10011;11;10013;25;10015;10;10003.0;0.0
29;22900;INTARIAN_PEPPER_ROOT;42013;9;;;;;42026;8;;;;;42019.5;0.0
29;23000;ASH_COATED_OSMIUM;9995;13;9992;10;;;10013;14;10014;15;;;10004.0;0.0
29;23000;INTARIAN_PEPPER_ROOT;42014;12;;;;;42025;9;;;;;42020.0;0.0
29;23100;ASH_COATED_OSMIUM;9999;10;;;;;10015;13;;;;;10007.0;0.0
29;23100;INTARIAN_PEPPER_ROOT;42017;9;42015;10;42012;10;42019;8;42022;10;42024;25;42018.5;0.0
29;23200;ASH_COATED_OSMIUM;9994;11;9993;11;;;10015;10;10018;14;;;10005.0;0.0
29;23200;INTARIAN_PEPPER_ROOT;42016;9;42015;10;42014;24;42028;16;42029;12;42032;9;42022.5;0.0
29;23300;ASH_COATED_OSMIUM;9999;10;9997;12;9996;15;10015;24;10016;12;10018;15;10007.5;0.0
29;23300;INTARIAN_PEPPER_ROOT;42014;12;42013;8;;;42026;11;42027;25;;;42020.0;0.0
29;23400;ASH_COATED_OSMIUM;9995;13;;;;;10013;10;;;;;10004.0;0.0
29;23400;INTARIAN_PEPPER_ROOT;42019;11;42018;9;;;42030;9;42032;12;;;42024.5;0.0
29;23500;ASH_COATED_OSMIUM;10001;15;10000;23;;;10012;13;10015;14;;;10007.0;0.0
29;23500;INTARIAN_PEPPER_ROOT;42016;9;42015;12;;;42031;20;42034;8;;;42024.0;0.0
29;23600;ASH_COATED_OSMIUM;10001;12;;;;;10019;12;;;;;10010.5;0.0
29;23600;INTARIAN_PEPPER_ROOT;42014;17;;;;;42030;12;;;;;42022.5;0.0
29;23700;ASH_COATED_OSMIUM;9999;12;9998;12;;;10015;10;10016;12;;;10007.0;0.0
29;23700;INTARIAN_PEPPER_ROOT;42015;10;42012;9;;;42028;9;42030;24;;;42021.5;0.0
29;23800;ASH_COATED_OSMIUM;9997;15;9994;15;9992;3;10015;11;10016;21;10019;21;10006.0;0.0
29;23800;INTARIAN_PEPPER_ROOT;42022;11;;;;;42033;8;;;;;42027.5;0.0
29;23900;ASH_COATED_OSMIUM;9997;27;9994;13;9992;12;10018;14;10019;14;10020;11;10007.5;0.0
29;23900;INTARIAN_PEPPER_ROOT;42016;15;;;;;42030;9;;;;;42023.0;0.0
29;24000;ASH_COATED_OSMIUM;9992;10;9990;29;9988;14;10008;10;10011;11;10013;14;10000.0;0.0
29;24000;INTARIAN_PEPPER_ROOT;42018;8;42015;12;42014;8;42030;12;42032;15;42033;24;42024.5;0.0
29;24100;ASH_COATED_OSMIUM;9996;12;9995;13;;;10012;11;10014;20;;;10004.0;0.0
29;24100;INTARIAN_PEPPER_ROOT;42019;10;42018;9;42016;12;42032;17;42035;9;42037;10;42025.5;0.0
29;24200;ASH_COATED_OSMIUM;9995;11;;;;;10007;15;;;;;10001.0;0.0
29;24200;INTARIAN_PEPPER_ROOT;42020;8;42019;9;;;42033;10;42035;12;;;42027.0;0.0
29;24300;ASH_COATED_OSMIUM;9990;15;;;;;10006;10;;;;;9998.0;0.0
29;24300;INTARIAN_PEPPER_ROOT;42017;11;42014;5;42012;12;42030;10;42033;24;42034;10;42024.0;0.0
29;24400;ASH_COATED_OSMIUM;9991;13;9990;12;;;10010;15;10013;10;;;10000.5;0.0
29;24400;INTARIAN_PEPPER_ROOT;42022;8;;;;;42038;16;;;;;42030.0;0.0
29;24500;ASH_COATED_OSMIUM;9994;20;9993;12;;;10010;15;10012;12;;;10002.0;0.0
29;24500;INTARIAN_PEPPER_ROOT;42021;9;42018;9;;;42033;8;42034;8;;;42027.0;0.0
29;24600;ASH_COATED_OSMIUM;9995;29;;;;;10011;14;;;;;10003.0;0.0
29;24600;INTARIAN_PEPPER_ROOT;42017;18;42016;11;;;42031;11;42032;10;;;42024.5;0.0
29;24700;ASH_COATED_OSMIUM;9992;24;9990;15;;;10008;14;10009;15;;;10000.5;0.0
29;24700;INTARIAN_PEPPER_ROOT;42021;9;42019;8;42017;10;42037;9;42038;22;42040;10;42029.5;0.0
29;24800;ASH_COATED_OSMIUM;9995;22;9992;12;;;10011;15;10012;8;;;10003.5;0.0
29;24800;INTARIAN_PEPPER_ROOT;42020;8;;;;;42031;11;;;;;42026.0;0.0
29;24900;ASH_COATED_OSMIUM;9995;13;9992;11;;;10011;14;10013;12;;;10003.0;0.0
29;24900;INTARIAN_PEPPER_ROOT;42013;9;42011;10;;;42027;12;42028;12;;;42020.5;0.0
29;25000;ASH_COATED_OSMIUM;9999;12;;;;;10009;10;;;;;10004.5;0.0
29;25000;INTARIAN_PEPPER_ROOT;42020;9;42018;8;42017;11;42031;8;42032;23;42034;7;42025.5;0.0
29;25100;ASH_COATED_OSMIUM;9996;20;9993;7;9990;10;10012;13;10015;29;10017;3;10004.5;0.0
29;25100;INTARIAN_PEPPER_ROOT;42024;10;42021;12;;;42037;9;42040;9;;;42031.0;0.0
29;25200;ASH_COATED_OSMIUM;9996;13;9995;13;;;10012;10;10015;13;;;10004.5;0.0
29;25200;INTARIAN_PEPPER_ROOT;42016;10;;;;;42031;10;;;;;42024.0;0.0
29;25300;ASH_COATED_OSMIUM;9998;15;9995;12;9993;5;10014;23;10016;2;10019;6;10006.0;0.0
29;25300;INTARIAN_PEPPER_ROOT;42016;18;42015;12;;;42028;8;42029;8;;;42022.0;0.0
29;25400;ASH_COATED_OSMIUM;10003;12;10001;26;9999;29;10012;10;10015;11;10016;12;10007.5;0.0
29;25400;INTARIAN_PEPPER_ROOT;42018;11;42016;10;;;42030;10;42032;8;;;42024.0;0.0
29;25500;ASH_COATED_OSMIUM;10003;23;10002;13;;;10016;15;10018;13;;;10009.5;0.0
29;25500;INTARIAN_PEPPER_ROOT;42018;10;;;;;42033;8;;;;;42025.5;0.0
29;25600;ASH_COATED_OSMIUM;9994;10;;;;;10007;30;;;;;10001.0;0.0
29;25600;INTARIAN_PEPPER_ROOT;42018;11;42015;8;;;42031;17;42032;12;;;42025.0;0.0
29;25700;ASH_COATED_OSMIUM;9997;13;;;;;10006;12;;;;;10002.0;0.0
29;25700;INTARIAN_PEPPER_ROOT;42018;12;;;;;42029;10;;;;;42024.0;0.0
29;25800;ASH_COATED_OSMIUM;9999;14;9998;14;;;10020;11;10022;21;;;10010.0;0.0
29;25800;INTARIAN_PEPPER_ROOT;42019;11;42016;10;;;42033;10;42035;24;;;42026.5;0.0
29;25900;ASH_COATED_OSMIUM;9996;13;9995;13;;;10012;12;10014;11;;;10004.0;0.0
29;25900;INTARIAN_PEPPER_ROOT;42023;10;42022;17;;;42034;10;42035;11;;;42028.5;0.0
29;26000;ASH_COATED_OSMIUM;10002;24;;;;;10008;11;;;;;10005.0;0.0
29;26000;INTARIAN_PEPPER_ROOT;42021;10;42020;12;;;42032;9;42033;12;;;42026.5;0.0
29;26100;ASH_COATED_OSMIUM;9998;10;9995;12;;;10014;14;10017;14;;;10006.0;0.0
29;26100;INTARIAN_PEPPER_ROOT;42020;12;;;;;42032;9;;;;;42026.5;0.0
29;26200;ASH_COATED_OSMIUM;9996;22;;;;;10012;10;;;;;10004.5;0.0
29;26200;INTARIAN_PEPPER_ROOT;42021;11;42019;12;;;42033;8;42035;12;;;42027.0;0.0
29;26300;ASH_COATED_OSMIUM;9997;26;9995;11;9994;13;10015;11;10017;12;10018;11;10006.0;0.0
29;26300;INTARIAN_PEPPER_ROOT;42019;8;42018;8;;;42033;21;42035;9;;;42026.5;0.0
29;26400;ASH_COATED_OSMIUM;9998;14;9996;12;;;10014;10;10015;14;;;10006.5;0.0
29;26400;INTARIAN_PEPPER_ROOT;42020;23;;;;;42034;9;;;;;42027.0;0.0
29;26500;ASH_COATED_OSMIUM;9993;10;9990;29;9987;13;10014;4;10016;11;10019;14;10004.0;0.0
29;26500;INTARIAN_PEPPER_ROOT;42017;9;42014;11;;;42029;8;42031;8;;;42023.5;0.0
29;26600;ASH_COATED_OSMIUM;9996;11;9994;14;;;10014;15;10015;14;;;10005.0;0.0
29;26600;INTARIAN_PEPPER_ROOT;42020;8;42019;10;;;42033;11;42034;11;;;42027.0;0.0
29;26700;ASH_COATED_OSMIUM;9993;24;9991;20;;;10009;14;10011;14;;;10001.5;0.0
29;26700;INTARIAN_PEPPER_ROOT;42024;12;42021;11;;;42036;9;42038;11;;;42030.0;0.0
29;26800;ASH_COATED_OSMIUM;9992;15;;;;;10008;13;;;;;10000.0;0.0
29;26800;INTARIAN_PEPPER_ROOT;42020;12;42019;11;42016;8;42031;12;42034;3;42037;10;42025.5;0.0
29;26900;ASH_COATED_OSMIUM;9994;20;9991;12;9990;14;10010;14;10012;14;10013;15;10002.5;0.0
29;26900;INTARIAN_PEPPER_ROOT;42017;8;42015;8;;;42034;8;42036;18;;;42026.0;0.0
29;27000;ASH_COATED_OSMIUM;9988;26;9985;15;;;10004;13;10006;10;;;9996.5;0.0
29;27000;INTARIAN_PEPPER_ROOT;42019;11;42017;20;;;42036;8;42039;10;;;42027.5;0.0
29;27100;ASH_COATED_OSMIUM;9991;22;;;;;10010;15;;;;;10000.5;0.0
29;27100;INTARIAN_PEPPER_ROOT;42024;9;42023;8;42022;10;42036;9;42039;9;42040;11;42030.5;0.0
29;27200;ASH_COATED_OSMIUM;9986;15;;;;;10002;13;;;;;9994.5;0.0
29;27200;INTARIAN_PEPPER_ROOT;42021;12;;;;;42034;10;;;;;42027.5;0.0
29;27300;ASH_COATED_OSMIUM;9988;13;9986;26;9983;15;10004;20;10005;12;10008;15;9996.0;0.0
29;27300;INTARIAN_PEPPER_ROOT;42022;10;42021;11;;;42034;11;42037;12;;;42028.5;0.0
29;27400;ASH_COATED_OSMIUM;9992;15;;;;;10008;15;;;;;10000.0;0.0
29;27400;INTARIAN_PEPPER_ROOT;42014;25;42013;11;;;42032;12;42034;9;;;42023.5;0.0
29;27500;ASH_COATED_OSMIUM;9985;14;;;;;10003;14;;;;;9994.5;0.0
29;27500;INTARIAN_PEPPER_ROOT;42019;10;;;;;42035;12;;;;;42027.0;0.0
29;27600;ASH_COATED_OSMIUM;9989;12;9988;14;;;10005;15;10006;15;;;9997.0;0.0
29;27600;INTARIAN_PEPPER_ROOT;42026;10;42023;9;42020;10;42029;8;42030;8;42032;10;42027.5;0.0
29;27700;ASH_COATED_OSMIUM;9986;10;9985;12;;;10002;29;10005;29;;;9994.5;0.0
29;27700;INTARIAN_PEPPER_ROOT;42019;9;;;;;42036;11;;;;;42028.0;0.0
29;27800;ASH_COATED_OSMIUM;9988;10;9985;15;;;10004;13;10006;10;;;9996.5;0.0
29;27800;INTARIAN_PEPPER_ROOT;42019;11;42018;12;;;42031;9;42033;8;;;42025.5;0.0
29;27900;ASH_COATED_OSMIUM;9986;15;9983;14;9980;15;10002;27;10004;15;10006;24;9994.0;0.0
29;27900;INTARIAN_PEPPER_ROOT;42022;11;;;;;42034;20;;;;;42028.5;0.0
29;28000;ASH_COATED_OSMIUM;9982;10;9980;14;9977;22;9998;15;10001;14;10003;11;9990.0;0.0
29;28000;INTARIAN_PEPPER_ROOT;42019;11;42018;8;;;42033;15;42034;12;;;42026.0;0.0
29;28100;ASH_COATED_OSMIUM;9985;14;9983;13;;;10003;14;10006;11;;;9994.5;0.0
29;28100;INTARIAN_PEPPER_ROOT;42025;19;42022;8;42019;8;42038;12;42040;10;42042;10;42032.0;0.0
29;28200;ASH_COATED_OSMIUM;9985;10;;;;;10001;28;;;;;9993.5;0.0
29;28200;INTARIAN_PEPPER_ROOT;42025;10;42022;11;42020;12;42039;7;42041;11;42043;11;42032.0;0.0
29;28300;ASH_COATED_OSMIUM;9986;14;;;;;10005;4;;;;;9995.5;0.0
29;28300;INTARIAN_PEPPER_ROOT;42020;12;42019;25;;;42031;10;42034;11;;;42025.5;0.0
29;28400;ASH_COATED_OSMIUM;9988;13;9985;12;;;10004;12;10006;13;;;9996.5;0.0
29;28400;INTARIAN_PEPPER_ROOT;42028;10;;;;;42030;11;;;;;42029.0;0.0
29;28500;ASH_COATED_OSMIUM;9983;14;9982;11;;;9999;12;10000;15;;;9991.5;0.0
29;28500;INTARIAN_PEPPER_ROOT;42026;11;42023;12;42022;10;42037;10;42038;8;42040;11;42032.0;0.0
29;28600;ASH_COATED_OSMIUM;9987;10;9985;12;9982;14;10003;15;10006;11;10007;10;9995.0;0.0
29;28600;INTARIAN_PEPPER_ROOT;42021;12;42019;3;;;42034;8;42035;21;;;42028.0;0.0
29;28700;ASH_COATED_OSMIUM;9993;25;9990;15;9989;15;10014;15;10017;15;10019;11;10003.5;0.0
29;28700;INTARIAN_PEPPER_ROOT;42027;8;42025;11;;;42029;9;42031;21;;;42028.0;0.0
29;28800;ASH_COATED_OSMIUM;9990;12;;;;;10003;11;;;;;9996.5;0.0
29;28800;INTARIAN_PEPPER_ROOT;42029;8;42028;9;42025;10;42032;11;42033;8;42034;9;42031.0;0.0
29;28900;ASH_COATED_OSMIUM;9983;10;;;;;10004;5;;;;;9993.5;0.0
29;28900;INTARIAN_PEPPER_ROOT;42028;11;42027;10;;;42031;10;42033;12;;;42030.0;0.0
29;29000;ASH_COATED_OSMIUM;9991;22;9990;12;9988;15;10007;13;10009;13;10010;11;9999.5;0.0
29;29000;INTARIAN_PEPPER_ROOT;42021;6;;;;;42035;11;;;;;42028.0;0.0
29;29100;ASH_COATED_OSMIUM;9992;13;9989;10;;;10008;7;10010;13;;;10000.5;0.0
29;29100;INTARIAN_PEPPER_ROOT;42022;8;;;;;42034;11;;;;;42028.5;0.0
29;29200;ASH_COATED_OSMIUM;9990;12;;;;;10008;15;;;;;9999.5;0.0
29;29200;INTARIAN_PEPPER_ROOT;42026;11;;;;;42040;10;;;;;42033.0;0.0
29;29300;ASH_COATED_OSMIUM;9991;10;;;;;10009;10;;;;;10000.5;0.0
29;29300;INTARIAN_PEPPER_ROOT;42025;25;42022;9;;;42036;10;42037;10;;;42031.0;0.0
29;29400;ASH_COATED_OSMIUM;9998;12;9996;11;;;10014;13;10017;25;;;10006.0;0.0
29;29400;INTARIAN_PEPPER_ROOT;42022;9;42019;10;42016;11;42033;22;42036;6;42037;10;42028.0;0.0
29;29500;ASH_COATED_OSMIUM;9994;13;9992;15;;;10012;13;10015;15;;;10003.0;0.0
29;29500;INTARIAN_PEPPER_ROOT;42023;11;;;;;42034;12;;;;;42028.5;0.0
29;29600;ASH_COATED_OSMIUM;9992;14;9989;15;9988;14;10010;12;10012;11;10015;12;10001.5;0.0
29;29600;INTARIAN_PEPPER_ROOT;42020;10;42019;18;42017;12;42037;12;42038;12;42039;15;42029.0;0.0
29;29700;ASH_COATED_OSMIUM;9985;11;;;;;10001;11;;;;;9993.5;0.0
29;29700;INTARIAN_PEPPER_ROOT;42018;8;42015;9;;;42034;12;42036;11;;;42026.5;0.0
29;29800;ASH_COATED_OSMIUM;9993;11;9992;15;9989;10;10011;14;10014;14;10016;10;10002.5;0.0
29;29800;INTARIAN_PEPPER_ROOT;42023;22;;;;;42035;21;;;;;42029.5;0.0
29;29900;ASH_COATED_OSMIUM;9993;15;;;;;10009;14;;;;;10001.0;0.0
29;29900;INTARIAN_PEPPER_ROOT;42029;9;42028;8;;;42042;10;42043;10;;;42036.0;0.0
29;30000;ASH_COATED_OSMIUM;9994;13;9993;28;;;10010;28;10013;14;;;10002.5;0.0
29;30000;INTARIAN_PEPPER_ROOT;42027;12;;;;;42038;8;;;;;42032.5;0.0
29;30100;ASH_COATED_OSMIUM;9993;11;;;;;10009;12;;;;;10001.5;0.0
29;30100;INTARIAN_PEPPER_ROOT;42025;8;42022;12;42019;11;42037;12;42040;12;42042;10;42031.0;0.0
29;30200;ASH_COATED_OSMIUM;9991;15;9988;11;;;10007;12;10008;12;;;9999.0;0.0
29;30200;INTARIAN_PEPPER_ROOT;42019;12;42016;10;;;42036;9;42039;10;;;42028.0;0.0
29;30300;ASH_COATED_OSMIUM;9985;15;;;;;10004;14;;;;;9995.0;0.0
29;30300;INTARIAN_PEPPER_ROOT;42025;8;42022;11;42021;11;42037;8;42040;8;42043;9;42031.0;0.0
29;30400;ASH_COATED_OSMIUM;9985;12;;;;;10003;13;;;;;9994.0;0.0
29;30400;INTARIAN_PEPPER_ROOT;42026;11;42023;12;42020;9;42041;8;42044;15;42046;8;42034.0;0.0
29;30500;ASH_COATED_OSMIUM;9986;26;9983;12;9982;20;10002;24;10003;10;10005;10;9994.0;0.0
29;30500;INTARIAN_PEPPER_ROOT;42023;10;42022;20;42020;11;42040;10;42042;11;42043;12;42032.0;0.0
29;30600;ASH_COATED_OSMIUM;9984;24;9981;12;9979;10;10000;10;10001;14;10004;12;9992.0;0.0
29;30600;INTARIAN_PEPPER_ROOT;42022;8;42021;11;;;42037;9;42039;12;;;42029.5;0.0
29;30700;ASH_COATED_OSMIUM;9986;10;9985;15;9982;10;10002;13;10005;15;10006;11;9994.5;0.0
29;30700;INTARIAN_PEPPER_ROOT;42017;12;42014;9;42013;12;42038;11;42041;10;42044;12;42028.0;0.0
29;30800;ASH_COATED_OSMIUM;9986;24;;;;;10002;11;;;;;9994.0;0.0
29;30800;INTARIAN_PEPPER_ROOT;42021;11;42019;11;42016;9;42033;8;42035;8;42038;8;42027.5;0.0
29;30900;ASH_COATED_OSMIUM;9989;25;9988;10;;;10008;13;10010;12;;;9998.5;0.0
29;30900;INTARIAN_PEPPER_ROOT;42028;11;;;;;42036;8;;;;;42032.0;0.0
29;31000;ASH_COATED_OSMIUM;9990;12;9988;14;;;10006;10;10007;28;;;9998.5;0.0
29;31000;INTARIAN_PEPPER_ROOT;42025;8;42022;8;42020;16;42039;20;42040;9;42043;12;42032.0;0.0
29;31100;ASH_COATED_OSMIUM;9998;14;;;;;10014;28;;;;;10006.5;0.0
29;31100;INTARIAN_PEPPER_ROOT;42025;9;42024;12;42023;11;42036;10;42037;21;42039;8;42031.0;0.0
29;31200;ASH_COATED_OSMIUM;10000;13;9997;30;9996;11;10016;14;10019;15;10020;13;10008.0;0.0
29;31200;INTARIAN_PEPPER_ROOT;42023;18;42022;12;;;42040;10;42042;8;;;42031.5;0.0
29;31300;ASH_COATED_OSMIUM;9998;26;;;;;10014;21;;;;;10006.0;0.0
29;31300;INTARIAN_PEPPER_ROOT;42023;21;;;;;42034;12;;;;;42028.5;0.0
29;31400;ASH_COATED_OSMIUM;9998;12;9995;12;9992;14;10014;12;10017;13;10020;14;10006.0;0.0
29;31400;INTARIAN_PEPPER_ROOT;42028;8;42026;11;;;42039;12;42041;8;;;42033.5;0.0
29;31500;ASH_COATED_OSMIUM;9995;12;9992;11;;;10011;13;10014;12;;;10003.5;0.0
29;31500;INTARIAN_PEPPER_ROOT;42025;8;42023;8;42022;9;42038;11;42040;10;42042;9;42031.5;0.0
29;31600;ASH_COATED_OSMIUM;9993;2;9990;15;;;10009;11;10011;28;;;10001.5;0.0
29;31600;INTARIAN_PEPPER_ROOT;42027;8;42025;18;42024;19;42039;10;42042;9;42043;10;42033.0;0.0
29;31700;ASH_COATED_OSMIUM;9998;23;9997;5;;;10004;14;10005;12;;;10001.5;0.0
29;31700;INTARIAN_PEPPER_ROOT;42028;12;42026;9;42025;10;42044;9;42046;12;42047;9;42036.0;0.0
29;31800;ASH_COATED_OSMIUM;9994;13;9991;11;;;10010;14;10011;13;;;10002.0;0.0
29;31800;INTARIAN_PEPPER_ROOT;42024;8;42022;22;42020;18;42040;16;42043;8;42044;8;42032.5;0.0
29;31900;ASH_COATED_OSMIUM;10000;10;9999;10;9998;15;10018;12;10021;29;10022;13;10009.0;0.0
29;31900;INTARIAN_PEPPER_ROOT;42026;10;;;;;42039;11;;;;;42032.5;0.0
29;32000;ASH_COATED_OSMIUM;10001;13;9998;14;;;10017;10;10019;14;;;10009.0;0.0
29;32000;INTARIAN_PEPPER_ROOT;42025;11;42024;12;;;42036;9;42039;12;;;42030.5;0.0
29;32100;ASH_COATED_OSMIUM;10005;10;10004;28;;;10021;11;10022;10;;;10013.0;0.0
29;32100;INTARIAN_PEPPER_ROOT;42024;11;42022;9;42019;12;42041;10;42042;11;42044;11;42032.5;0.0
29;32200;ASH_COATED_OSMIUM;10000;10;9999;14;9998;13;10018;12;10019;14;10020;20;10009.5;0.0
29;32200;INTARIAN_PEPPER_ROOT;42024;10;42021;9;42020;9;42036;10;42037;10;42038;17;42030.5;0.0
29;32300;ASH_COATED_OSMIUM;10003;10;10002;10;9999;11;10019;14;10022;11;10025;10;10011.5;0.0
29;32300;INTARIAN_PEPPER_ROOT;42028;8;42026;8;;;42039;8;42042;11;;;42034.0;0.0
29;32400;ASH_COATED_OSMIUM;10002;14;10000;14;9997;14;10018;28;10021;14;10022;10;10010.5;0.0
29;32400;INTARIAN_PEPPER_ROOT;42024;12;;;;;42037;10;;;;;42031.0;0.0
29;32500;ASH_COATED_OSMIUM;9995;11;9993;15;;;10011;21;10013;27;;;10003.5;0.0
29;32500;INTARIAN_PEPPER_ROOT;42027;11;42024;12;;;42040;8;42042;10;;;42034.0;0.0
29;32600;ASH_COATED_OSMIUM;9995;11;9994;22;;;10014;11;10017;13;;;10005.0;0.0
29;32600;INTARIAN_PEPPER_ROOT;42026;23;42025;9;42022;9;42038;11;42041;8;42044;11;42032.5;0.0
29;32700;ASH_COATED_OSMIUM;9990;11;;;;;10006;24;;;;;9998.5;0.0
29;32700;INTARIAN_PEPPER_ROOT;42028;5;42025;9;;;42043;9;42045;11;;;42036.0;0.0
29;32800;ASH_COATED_OSMIUM;9994;12;9991;13;9988;15;10010;29;10013;14;10015;10;10002.0;0.0
29;32800;INTARIAN_PEPPER_ROOT;42027;9;;;;;42044;10;;;;;42035.5;0.0
29;32900;ASH_COATED_OSMIUM;9994;12;9992;14;;;10010;11;10013;27;;;10002.5;0.0
29;32900;INTARIAN_PEPPER_ROOT;42026;10;42023;8;;;42039;24;42042;11;;;42033.0;0.0
29;33000;ASH_COATED_OSMIUM;9991;14;;;;;10007;14;;;;;9999.0;0.0
29;33000;INTARIAN_PEPPER_ROOT;42029;11;42028;12;;;42040;8;42043;22;;;42034.5;0.0
29;33100;ASH_COATED_OSMIUM;9990;13;9987;3;9985;11;10006;29;10008;11;10009;28;9998.0;0.0
29;33100;INTARIAN_PEPPER_ROOT;42027;15;42026;11;42024;8;42038;9;42039;8;42042;20;42032.5;0.0
29;33200;ASH_COATED_OSMIUM;9991;23;9989;10;;;10007;25;10009;12;;;9999.0;0.0
29;33200;INTARIAN_PEPPER_ROOT;42024;11;42021;8;;;42035;9;42037;10;;;42030.0;0.0
29;33300;ASH_COATED_OSMIUM;9987;15;;;;;10006;10;;;;;9996.5;0.0
29;33300;INTARIAN_PEPPER_ROOT;42028;10;42027;12;;;42041;8;42043;10;;;42035.0;0.0
29;33400;ASH_COATED_OSMIUM;9991;11;;;;;10007;13;;;;;9999.0;0.0
29;33400;INTARIAN_PEPPER_ROOT;42029;11;42027;10;;;42044;12;42047;11;;;42036.5;0.0
29;33500;ASH_COATED_OSMIUM;9996;13;9993;12;9991;14;10012;15;10013;12;10016;12;10004.0;0.0
29;33500;INTARIAN_PEPPER_ROOT;42028;8;42027;9;;;42042;19;42045;11;;;42035.0;0.0
29;33600;ASH_COATED_OSMIUM;9997;12;9996;11;;;10015;11;10017;13;;;10006.0;0.0
29;33600;INTARIAN_PEPPER_ROOT;42029;10;;;;;42041;10;;;;;42035.5;0.0
29;33700;ASH_COATED_OSMIUM;9997;15;;;;;10006;14;;;;;10002.0;0.0
29;33700;INTARIAN_PEPPER_ROOT;42031;11;42029;10;42027;8;42043;17;42044;18;42045;12;42037.5;0.0
29;33800;ASH_COATED_OSMIUM;9995;11;9993;11;9992;14;10013;13;10016;12;10017;13;10004.5;0.0
29;33800;INTARIAN_PEPPER_ROOT;42028;9;42027;12;;;42044;11;42045;11;;;42036.5;0.0
29;33900;ASH_COATED_OSMIUM;9994;30;;;;;10004;10;;;;;9999.0;0.0
29;33900;INTARIAN_PEPPER_ROOT;42031;12;42028;11;;;42044;8;42045;9;;;42037.5;0.0
29;34000;ASH_COATED_OSMIUM;9994;10;9993;27;;;10010;30;10013;11;;;10002.0;0.0
29;34000;INTARIAN_PEPPER_ROOT;42026;12;42024;11;;;42038;12;42041;24;;;42032.5;0.0
29;34100;ASH_COATED_OSMIUM;9994;14;;;;;10003;4;;;;;9998.5;0.0
29;34100;INTARIAN_PEPPER_ROOT;42030;9;;;;;42041;18;;;;;42036.0;0.0
29;34200;ASH_COATED_OSMIUM;9989;5;9986;5;;;10005;24;10007;15;;;9997.0;0.0
29;34200;INTARIAN_PEPPER_ROOT;42025;5;;;;;42040;10;;;;;42033.0;0.0
29;34300;ASH_COATED_OSMIUM;9983;12;9981;30;;;10001;5;10003;15;;;9992.0;0.0
29;34300;INTARIAN_PEPPER_ROOT;42040;9;42038;23;42037;10;42042;25;42043;12;42044;9;42041.0;0.0
29;34400;ASH_COATED_OSMIUM;9985;12;;;;;10001;15;;;;;9993.0;0.0
29;34400;INTARIAN_PEPPER_ROOT;42031;8;42029;9;42028;8;42042;24;42045;8;42047;7;42036.5;0.0
29;34500;ASH_COATED_OSMIUM;9987;12;9986;13;;;10003;11;10006;10;;;9995.0;0.0
29;34500;INTARIAN_PEPPER_ROOT;42029;10;;;;;42042;11;;;;;42036.0;0.0
29;34600;ASH_COATED_OSMIUM;9989;12;9988;23;;;10005;21;10007;11;;;9997.5;0.0
29;34600;INTARIAN_PEPPER_ROOT;42036;10;42035;11;;;42039;12;42041;9;;;42037.5;0.0
29;34700;ASH_COATED_OSMIUM;9991;14;;;;;10009;12;;;;;10000.0;0.0
29;34700;INTARIAN_PEPPER_ROOT;42030;12;42027;10;42025;12;42041;8;42043;8;42046;8;42035.5;0.0
29;34800;ASH_COATED_OSMIUM;9989;11;;;;;10005;23;;;;;9997.5;0.0
29;34800;INTARIAN_PEPPER_ROOT;42028;11;42025;12;;;42041;21;42043;9;;;42034.5;0.0
29;34900;ASH_COATED_OSMIUM;9992;11;;;;;10008;22;;;;;10000.5;0.0
29;34900;INTARIAN_PEPPER_ROOT;42027;8;42024;6;;;42040;11;42041;20;;;42033.5;0.0
29;35000;ASH_COATED_OSMIUM;9989;24;9988;10;9987;12;10008;13;10010;10;10013;14;9998.5;0.0
29;35000;INTARIAN_PEPPER_ROOT;42033;22;42030;8;42029;10;42041;11;42044;11;42047;8;42037.0;0.0
29;35100;ASH_COATED_OSMIUM;9996;12;9993;28;9991;10;10015;25;10018;12;10020;13;10005.5;0.0
29;35100;INTARIAN_PEPPER_ROOT;42029;11;;;;;42041;10;;;;;42035.0;0.0
29;35200;ASH_COATED_OSMIUM;9999;14;9998;14;9997;15;10012;12;10014;11;10017;11;10006.0;0.0
29;35200;INTARIAN_PEPPER_ROOT;42035;17;42034;12;42033;11;42037;11;42038;9;42039;11;42036.0;0.0
29;35300;ASH_COATED_OSMIUM;9997;27;9995;15;9992;15;10016;11;10017;14;10018;14;10006.5;0.0
29;35300;INTARIAN_PEPPER_ROOT;42031;7;;;;;42042;9;;;;;42037.0;0.0
29;35400;ASH_COATED_OSMIUM;9996;13;9994;11;;;10012;22;10013;26;;;10004.5;0.0
29;35400;INTARIAN_PEPPER_ROOT;42027;10;42024;3;42022;8;42040;8;42043;10;42045;12;42033.5;0.0
29;35500;ASH_COATED_OSMIUM;9994;13;9993;15;;;10010;15;10013;15;;;10002.5;0.0
29;35500;INTARIAN_PEPPER_ROOT;42032;19;42029;10;42026;11;42044;25;42047;10;42048;9;42038.5;0.0
29;35600;ASH_COATED_OSMIUM;9999;21;9996;11;9994;12;10008;12;10009;15;10012;10;10004.0;0.0
29;35600;INTARIAN_PEPPER_ROOT;42032;12;;;;;42043;17;;;;;42037.5;0.0
29;35700;ASH_COATED_OSMIUM;9993;12;9991;12;;;10009;2;10012;14;;;10001.5;0.0
29;35700;INTARIAN_PEPPER_ROOT;42028;11;;;;;42039;11;;;;;42034.0;0.0
29;35800;ASH_COATED_OSMIUM;9993;10;;;;;10011;4;;;;;10002.0;0.0
29;35800;INTARIAN_PEPPER_ROOT;42029;11;42027;12;;;42046;9;42049;10;;;42038.0;0.0
29;35900;ASH_COATED_OSMIUM;9998;11;9995;15;9992;27;10011;11;10012;25;10015;27;10005.0;0.0
29;35900;INTARIAN_PEPPER_ROOT;42027;11;42026;9;;;42042;9;42045;10;;;42035.0;0.0
29;36000;ASH_COATED_OSMIUM;9997;12;9996;14;;;10013;14;10016;15;;;10005.5;0.0
29;36000;INTARIAN_PEPPER_ROOT;42031;10;42029;10;42028;10;42042;11;42045;10;42048;12;42037.0;0.0
29;36100;ASH_COATED_OSMIUM;9997;13;9995;10;;;10013;10;10014;12;;;10005.5;0.0
29;36100;INTARIAN_PEPPER_ROOT;42032;9;42029;8;42026;11;42044;21;42046;8;42047;17;42038.0;0.0
29;36200;ASH_COATED_OSMIUM;10000;13;9998;24;;;10016;15;10019;12;;;10008.0;0.0
29;36200;INTARIAN_PEPPER_ROOT;42031;12;;;;;42043;9;;;;;42037.5;0.0
29;36300;ASH_COATED_OSMIUM;9999;14;;;;;10005;14;;;;;10002.0;0.0
29;36300;INTARIAN_PEPPER_ROOT;42030;10;42029;11;;;42046;10;42048;10;;;42038.0;0.0
29;36400;ASH_COATED_OSMIUM;9992;13;9989;29;;;10010;12;10013;14;;;10001.5;0.0
29;36400;INTARIAN_PEPPER_ROOT;42033;12;42032;9;42031;10;42046;11;42049;17;42051;11;42040.0;0.0
29;36500;ASH_COATED_OSMIUM;9994;12;9992;13;;;10012;3;10014;13;;;10003.0;0.0
29;36500;INTARIAN_PEPPER_ROOT;42034;12;42033;8;42032;9;42045;10;42046;10;42048;9;42039.5;0.0
29;36600;ASH_COATED_OSMIUM;9993;11;;;;;10011;11;;;;;10002.5;0.0
29;36600;INTARIAN_PEPPER_ROOT;42029;9;;;;;42044;8;;;;;42036.5;0.0
29;36700;ASH_COATED_OSMIUM;10000;25;9999;12;;;10016;15;10019;14;;;10008.0;0.0
29;36700;INTARIAN_PEPPER_ROOT;42033;12;42031;11;;;42046;12;42049;11;;;42039.5;0.0
29;36800;ASH_COATED_OSMIUM;9995;11;9994;13;;;10011;12;10014;30;;;10003.0;0.0
29;36800;INTARIAN_PEPPER_ROOT;42030;4;42028;8;;;42044;9;42047;11;;;42037.5;0.0
29;36900;ASH_COATED_OSMIUM;9996;13;9994;11;9993;13;10012;13;10013;12;10014;15;10004.0;0.0
29;36900;INTARIAN_PEPPER_ROOT;42032;16;;;;;42045;12;;;;;42038.5;0.0
29;37000;ASH_COATED_OSMIUM;10003;14;10001;14;;;10019;13;10020;12;;;10011.5;0.0
29;37000;INTARIAN_PEPPER_ROOT;42030;8;42027;10;;;42042;10;42045;11;;;42036.5;0.0
29;37100;ASH_COATED_OSMIUM;9994;14;;;;;10010;13;;;;;10002.5;0.0
29;37100;INTARIAN_PEPPER_ROOT;42031;11;42028;9;;;42047;11;42050;22;;;42039.0;0.0
29;37200;ASH_COATED_OSMIUM;9992;23;9991;10;9989;12;10011;14;10014;12;10016;14;10002.0;0.0
29;37200;INTARIAN_PEPPER_ROOT;42025;12;;;;;42039;8;;;;;42032.5;0.0
29;37300;ASH_COATED_OSMIUM;9992;12;9990;12;;;10008;14;10010;26;;;10000.0;0.0
29;37300;INTARIAN_PEPPER_ROOT;42032;8;42031;8;;;42045;10;42047;6;;;42038.5;0.0
29;37400;ASH_COATED_OSMIUM;9993;3;9992;10;;;10009;13;10010;24;;;10001.5;0.0
29;37400;INTARIAN_PEPPER_ROOT;42028;8;42027;9;;;42040;9;42041;11;;;42034.5;0.0
29;37500;ASH_COATED_OSMIUM;9994;12;9992;13;;;10013;10;10015;11;;;10003.5;0.0
29;37500;INTARIAN_PEPPER_ROOT;42027;12;;;;;42042;9;;;;;42034.5;0.0
29;37600;ASH_COATED_OSMIUM;10001;13;;;;;10019;14;;;;;10010.0;0.0
29;37600;INTARIAN_PEPPER_ROOT;42030;8;42027;11;;;42045;9;42046;9;;;42038.0;0.0
29;37700;ASH_COATED_OSMIUM;10005;4;;;;;10021;13;;;;;10013.0;0.0
29;37700;INTARIAN_PEPPER_ROOT;42031;9;42028;11;;;42045;23;42047;12;;;42038.0;0.0
29;37800;ASH_COATED_OSMIUM;9996;2;;;;;10017;12;;;;;10006.5;0.0
29;37800;INTARIAN_PEPPER_ROOT;42030;11;;;;;42044;12;;;;;42037.0;0.0
29;37900;ASH_COATED_OSMIUM;9994;10;9991;14;;;10010;11;10013;13;;;10002.5;0.0
29;37900;INTARIAN_PEPPER_ROOT;42030;10;42027;11;;;42042;10;42045;11;;;42036.5;0.0
29;38000;ASH_COATED_OSMIUM;9994;10;9993;6;9990;11;10010;11;10013;15;10014;10;10002.5;0.0
29;38000;INTARIAN_PEPPER_ROOT;42029;12;42027;10;;;42043;9;42045;9;;;42036.0;0.0
29;38100;ASH_COATED_OSMIUM;9992;11;;;;;10008;10;;;;;10000.5;0.0
29;38100;INTARIAN_PEPPER_ROOT;42028;21;42026;10;;;42042;9;42045;9;;;42035.0;0.0
29;38200;ASH_COATED_OSMIUM;9994;12;9992;12;9991;21;10010;14;10011;11;10012;24;10002.5;0.0
29;38200;INTARIAN_PEPPER_ROOT;42033;9;42032;8;;;42049;10;42050;3;;;42041.0;0.0
29;38300;ASH_COATED_OSMIUM;9996;13;;;;;10012;13;;;;;10004.0;0.0
29;38300;INTARIAN_PEPPER_ROOT;42032;15;42031;10;;;42044;9;42047;11;;;42038.0;0.0
29;38400;ASH_COATED_OSMIUM;9994;13;9992;11;9990;10;10010;11;10013;13;10015;15;10002.0;0.0
29;38400;INTARIAN_PEPPER_ROOT;42034;25;42032;8;42031;8;42050;10;42053;11;42056;10;42042.0;0.0
29;38500;ASH_COATED_OSMIUM;9994;20;9993;13;9992;10;10010;12;10012;11;10014;11;10002.0;0.0
29;38500;INTARIAN_PEPPER_ROOT;42033;9;42032;10;42031;25;42045;10;42047;25;42048;8;42039.0;0.0
29;38600;ASH_COATED_OSMIUM;9991;14;9988;14;;;10012;14;10014;15;;;10002.0;0.0
29;38600;INTARIAN_PEPPER_ROOT;42030;11;42028;10;42025;10;42042;21;42045;11;42046;12;42036.5;0.0
29;38700;ASH_COATED_OSMIUM;9994;13;;;;;10012;11;;;;;10003.5;0.0
29;38700;INTARIAN_PEPPER_ROOT;42030;11;42029;11;;;42050;10;42053;10;;;42040.5;0.0
29;38800;ASH_COATED_OSMIUM;9996;10;9995;30;9992;13;10012;27;10013;11;10016;10;10004.5;0.0
29;38800;INTARIAN_PEPPER_ROOT;42032;11;42031;22;;;42046;19;42047;9;;;42039.0;0.0
29;38900;ASH_COATED_OSMIUM;9994;9;9992;12;9991;14;10010;14;10013;13;10014;13;10002.5;0.0
29;38900;INTARIAN_PEPPER_ROOT;42032;17;;;;;42044;9;;;;;42038.5;0.0
29;39000;ASH_COATED_OSMIUM;9990;14;;;;;10006;30;;;;;9998.0;0.0
29;39000;INTARIAN_PEPPER_ROOT;42031;10;;;;;42045;9;;;;;42038.0;0.0
29;39100;ASH_COATED_OSMIUM;9991;14;9990;11;9988;11;10007;20;10010;13;10012;12;9999.5;0.0
29;39100;INTARIAN_PEPPER_ROOT;42036;11;42033;9;;;42048;12;42049;11;;;42042.0;0.0
29;39200;ASH_COATED_OSMIUM;9992;15;9989;10;;;10008;10;10010;11;;;10000.0;0.0
29;39200;INTARIAN_PEPPER_ROOT;42035;9;;;;;42047;11;;;;;42041.0;0.0
29;39300;ASH_COATED_OSMIUM;9988;10;9986;15;;;10004;27;10005;11;;;9996.5;0.0
29;39300;INTARIAN_PEPPER_ROOT;42034;10;42032;24;42031;8;42046;11;42048;11;42049;9;42040.5;0.0
29;39400;ASH_COATED_OSMIUM;9989;15;9988;13;9985;3;10008;25;10010;10;10011;10;9999.0;0.0
29;39400;INTARIAN_PEPPER_ROOT;42032;9;42029;9;42026;21;42049;10;42052;12;42054;9;42041.0;0.0
29;39500;ASH_COATED_OSMIUM;9993;25;;;;;10003;15;;;;;9998.5;0.0
29;39500;INTARIAN_PEPPER_ROOT;42035;9;42033;12;;;42048;12;42049;11;;;42042.0;0.0
29;39600;ASH_COATED_OSMIUM;9994;13;9991;6;;;10005;13;10008;12;;;10000.0;0.0
29;39600;INTARIAN_PEPPER_ROOT;42035;10;42034;11;;;42049;8;42052;9;;;42042.0;0.0
29;39700;ASH_COATED_OSMIUM;9992;12;;;;;10003;24;;;;;9998.0;0.0
29;39700;INTARIAN_PEPPER_ROOT;42035;11;42034;10;;;42047;10;42050;5;;;42041.5;0.0
29;39800;ASH_COATED_OSMIUM;9986;10;;;;;10007;28;;;;;9996.5;0.0
29;39800;INTARIAN_PEPPER_ROOT;42031;9;;;;;42044;8;;;;;42038.0;0.0
29;39900;ASH_COATED_OSMIUM;9988;10;9986;11;9985;22;10004;14;10005;13;10006;14;9996.0;0.0
29;39900;INTARIAN_PEPPER_ROOT;42034;12;42033;10;42030;10;42045;8;42047;9;42050;10;42040.0;0.0
29;40000;ASH_COATED_OSMIUM;9997;15;9995;10;;;10013;14;10014;15;;;10005.0;0.0
29;40000;INTARIAN_PEPPER_ROOT;42032;8;42029;3;42026;11;42045;25;42046;10;42047;10;42039.0;0.0
29;40100;ASH_COATED_OSMIUM;9999;26;9996;14;9995;12;10009;13;10012;15;10014;11;10004.0;0.0
29;40100;INTARIAN_PEPPER_ROOT;42036;9;42035;21;42033;20;42049;10;42052;8;42055;11;42042.5;0.0
29;40200;ASH_COATED_OSMIUM;9997;11;;;;;10013;11;;;;;10005.5;0.0
29;40200;INTARIAN_PEPPER_ROOT;42033;8;42032;25;;;42045;8;42046;8;;;42039.5;0.0
29;40300;ASH_COATED_OSMIUM;9987;15;9985;10;9983;10;10006;3;10009;3;10012;15;9997.0;0.0
29;40300;INTARIAN_PEPPER_ROOT;42030;10;;;;;42045;9;;;;;42037.5;0.0
29;40400;ASH_COATED_OSMIUM;9986;13;9983;13;;;10005;24;10006;10;;;9995.5;0.0
29;40400;INTARIAN_PEPPER_ROOT;42032;8;42029;11;;;42044;9;42046;12;;;42038.5;0.0
29;40500;ASH_COATED_OSMIUM;9989;13;9988;11;;;10005;13;10006;13;;;9997.0;0.0
29;40500;INTARIAN_PEPPER_ROOT;42034;8;;;;;42050;9;;;;;42042.5;0.0
29;40600;ASH_COATED_OSMIUM;9988;13;;;;;10006;14;;;;;9997.5;0.0
29;40600;INTARIAN_PEPPER_ROOT;42035;20;42032;8;;;42046;16;42048;8;;;42041.0;0.0
29;40700;ASH_COATED_OSMIUM;9989;12;;;;;10008;11;;;;;9998.5;0.0
29;40700;INTARIAN_PEPPER_ROOT;42032;9;42029;11;;;42046;10;42048;9;;;42039.5;0.0
29;40800;ASH_COATED_OSMIUM;9985;11;9983;26;;;10003;12;10004;11;;;9994.5;0.0
29;40800;INTARIAN_PEPPER_ROOT;42036;24;42033;12;;;42044;11;42047;9;;;42040.0;0.0
29;40900;ASH_COATED_OSMIUM;9993;15;;;;;10009;20;;;;;10001.5;0.0
29;40900;INTARIAN_PEPPER_ROOT;42031;15;42030;8;42029;8;42047;10;42050;8;42052;8;42039.5;0.0
29;41000;ASH_COATED_OSMIUM;9992;15;9989;12;9986;12;10008;13;10009;14;10011;15;10000.5;0.0
29;41000;INTARIAN_PEPPER_ROOT;42030;11;42029;11;;;42045;11;42046;19;;;42038.0;0.0
29;41100;ASH_COATED_OSMIUM;9991;15;;;;;10007;27;;;;;9999.5;0.0
29;41100;INTARIAN_PEPPER_ROOT;42037;8;42035;10;;;42048;12;42050;10;;;42043.0;0.0
29;41200;ASH_COATED_OSMIUM;9984;4;9981;14;;;10000;12;10003;11;;;9992.5;0.0
29;41200;INTARIAN_PEPPER_ROOT;42035;9;42034;8;42032;12;42049;22;42052;12;42054;11;42042.5;0.0
29;41300;ASH_COATED_OSMIUM;9986;14;9985;28;;;10002;10;10005;10;;;9994.5;0.0
29;41300;INTARIAN_PEPPER_ROOT;42031;12;42030;11;;;42043;8;42045;8;;;42037.0;0.0
29;41400;ASH_COATED_OSMIUM;9986;12;9983;15;9982;10;10002;11;10004;12;10005;13;9994.5;0.0
29;41400;INTARIAN_PEPPER_ROOT;42032;10;;;;;42047;11;;;;;42040.0;0.0
29;41500;ASH_COATED_OSMIUM;9985;13;9982;25;9981;15;10001;13;10004;10;10005;12;9993.5;0.0
29;41500;INTARIAN_PEPPER_ROOT;42036;8;;;;;42050;10;;;;;42043.5;0.0
29;41600;ASH_COATED_OSMIUM;9990;15;;;;;10006;28;;;;;9998.0;0.0
29;41600;INTARIAN_PEPPER_ROOT;42036;17;;;;;42048;11;;;;;42042.5;0.0
29;41700;ASH_COATED_OSMIUM;9996;15;9994;13;9992;12;10014;2;10015;14;10016;12;10005.0;0.0
29;41700;INTARIAN_PEPPER_ROOT;42032;9;42031;9;42030;8;42047;8;42049;16;42052;12;42040.0;0.0
29;41800;ASH_COATED_OSMIUM;10006;14;10005;12;;;10018;13;10019;14;;;10012.0;0.0
29;41800;INTARIAN_PEPPER_ROOT;42035;25;;;;;42047;3;;;;;42041.5;0.0
29;41900;ASH_COATED_OSMIUM;10003;3;10000;12;9999;26;10019;12;10022;14;10024;15;10011.0;0.0
29;41900;INTARIAN_PEPPER_ROOT;42035;12;;;;;42049;9;;;;;42042.5;0.0
29;42000;ASH_COATED_OSMIUM;10003;10;10002;30;10001;13;10019;10;10020;30;10023;28;10011.0;0.0
29;42000;INTARIAN_PEPPER_ROOT;42030;7;42029;10;;;42043;10;42044;12;;;42037.0;0.0
29;42100;ASH_COATED_OSMIUM;9999;3;9998;13;9995;11;10015;13;10017;13;10019;12;10007.5;0.0
29;42100;INTARIAN_PEPPER_ROOT;42038;9;;;;;42049;8;;;;;42043.5;0.0
29;42200;ASH_COATED_OSMIUM;9998;15;9997;14;9995;24;10014;13;10016;13;10019;13;10006.0;0.0
29;42200;INTARIAN_PEPPER_ROOT;42039;16;42036;8;42033;10;42041;11;42044;10;42045;8;42040.0;0.0
29;42300;ASH_COATED_OSMIUM;9994;15;;;;;10010;11;;;;;10002.5;0.0
29;42300;INTARIAN_PEPPER_ROOT;42037;9;42034;10;42033;17;42049;8;42052;9;42053;12;42043.0;0.0
29;42400;ASH_COATED_OSMIUM;9992;15;9991;11;9990;4;10008;4;10010;12;10012;10;10000.5;0.0
29;42400;INTARIAN_PEPPER_ROOT;42040;9;42037;11;;;42048;24;42050;11;;;42044.0;0.0
29;42500;ASH_COATED_OSMIUM;9994;15;;;;;10012;10;;;;;10003.0;0.0
29;42500;INTARIAN_PEPPER_ROOT;42036;10;42035;12;;;42048;10;42050;11;;;42042.0;0.0
29;42600;ASH_COATED_OSMIUM;9994;13;;;;;10012;14;;;;;10003.5;0.0
29;42600;INTARIAN_PEPPER_ROOT;42036;17;42035;9;42032;15;42049;12;42050;8;42051;12;42042.5;0.0
29;42700;ASH_COATED_OSMIUM;9994;13;9991;15;9989;10;10007;9;10009;12;10010;13;10001.0;0.0
29;42700;INTARIAN_PEPPER_ROOT;42037;12;;;;;42050;12;;;;;42043.5;0.0
29;42800;ASH_COATED_OSMIUM;9992;13;9991;15;;;10008;11;10011;12;;;10000.0;0.0
29;42800;INTARIAN_PEPPER_ROOT;42035;11;42032;8;;;42049;8;42051;9;;;42042.0;0.0
29;42900;ASH_COATED_OSMIUM;9988;12;9987;28;;;10004;10;10005;10;;;9996.5;0.0
29;42900;INTARIAN_PEPPER_ROOT;42038;12;42036;9;;;42054;12;42057;10;;;42046.0;0.0
29;43000;ASH_COATED_OSMIUM;9985;15;;;;;10001;12;;;;;9993.0;0.0
29;43000;INTARIAN_PEPPER_ROOT;42035;20;;;;;42047;11;;;;;42041.5;0.0
29;43100;ASH_COATED_OSMIUM;9981;12;;;;;9997;14;;;;;9989.5;0.0
29;43100;INTARIAN_PEPPER_ROOT;42034;10;;;;;42052;12;;;;;42043.5;0.0
29;43200;ASH_COATED_OSMIUM;9981;13;9978;15;;;10000;15;10002;12;;;9991.0;0.0
29;43200;INTARIAN_PEPPER_ROOT;42035;10;;;;;42047;10;;;;;42041.0;0.0
29;43300;ASH_COATED_OSMIUM;9990;22;9988;13;;;10006;11;10008;13;;;9998.5;0.0
29;43300;INTARIAN_PEPPER_ROOT;42039;10;42036;10;;;42055;18;42056;11;;;42047.0;0.0
29;43400;ASH_COATED_OSMIUM;9990;10;9989;12;;;10006;11;10008;14;;;9998.5;0.0
29;43400;INTARIAN_PEPPER_ROOT;42032;10;42030;25;42027;10;42045;10;42046;11;42048;11;42039.0;0.0
29;43500;ASH_COATED_OSMIUM;9983;12;;;;;10002;14;;;;;9993.0;0.0
29;43500;INTARIAN_PEPPER_ROOT;42037;20;;;;;42051;12;;;;;42044.0;0.0
29;43600;ASH_COATED_OSMIUM;9983;10;9981;14;9979;26;9999;14;10002;14;10004;15;9991.0;0.0
29;43600;INTARIAN_PEPPER_ROOT;42041;24;42039;9;42036;11;42054;12;42057;9;42059;11;42048.0;0.0
29;43700;ASH_COATED_OSMIUM;9984;13;9983;10;;;10000;12;10003;12;;;9992.5;0.0
29;43700;INTARIAN_PEPPER_ROOT;42040;10;42038;10;;;42051;12;42054;10;;;42045.5;0.0
29;43800;ASH_COATED_OSMIUM;9989;13;9986;14;;;10010;4;10013;15;;;10000.0;0.0
29;43800;INTARIAN_PEPPER_ROOT;42039;10;42037;11;42036;9;42052;11;42055;10;42058;11;42046.0;0.0
29;43900;ASH_COATED_OSMIUM;9994;11;9993;12;;;10010;12;10013;12;;;10002.5;0.0
29;43900;INTARIAN_PEPPER_ROOT;42042;9;;;;;42046;12;;;;;42044.0;0.0
29;44000;ASH_COATED_OSMIUM;9993;12;;;;;10009;21;;;;;10001.0;0.0
29;44000;INTARIAN_PEPPER_ROOT;42033;10;42032;9;;;42045;12;42048;11;;;42039.0;0.0
29;44100;ASH_COATED_OSMIUM;9992;3;;;;;10008;13;;;;;10000.5;0.0
29;44100;INTARIAN_PEPPER_ROOT;42037;10;42035;8;;;42055;10;42058;12;;;42046.5;0.0
29;44200;ASH_COATED_OSMIUM;9992;10;9991;11;;;10008;13;10010;22;;;10000.5;0.0
29;44200;INTARIAN_PEPPER_ROOT;42039;10;42037;21;42035;9;42051;11;42054;24;42055;25;42045.5;0.0
29;44300;ASH_COATED_OSMIUM;9996;14;9993;12;;;10012;10;10013;14;;;10004.5;0.0
29;44300;INTARIAN_PEPPER_ROOT;42038;10;42036;10;42033;9;42054;10;42055;12;42056;9;42046.0;0.0
29;44400;ASH_COATED_OSMIUM;9996;11;9994;14;9992;26;10012;14;10015;20;10017;12;10004.0;0.0
29;44400;INTARIAN_PEPPER_ROOT;42037;24;42034;8;42033;12;42049;10;42052;10;42054;11;42043.0;0.0
29;44500;ASH_COATED_OSMIUM;9999;15;;;;;10015;15;;;;;10007.0;0.0
29;44500;INTARIAN_PEPPER_ROOT;42042;9;42041;8;;;42055;8;42056;11;;;42048.5;0.0
29;44600;ASH_COATED_OSMIUM;9996;13;9994;10;;;10012;11;10014;15;;;10004.5;0.0
29;44600;INTARIAN_PEPPER_ROOT;42032;10;42031;18;;;42049;9;42050;8;;;42041.0;0.0
29;44700;ASH_COATED_OSMIUM;10000;11;9999;13;;;10009;11;10012;14;;;10004.5;0.0
29;44700;INTARIAN_PEPPER_ROOT;42034;9;;;;;42046;10;;;;;42040.0;0.0
29;44800;ASH_COATED_OSMIUM;10000;21;9999;30;9998;4;10016;13;10018;14;10020;11;10008.5;0.0
29;44800;INTARIAN_PEPPER_ROOT;42037;9;42034;8;;;42050;9;42053;8;;;42044.0;0.0
29;44900;ASH_COATED_OSMIUM;9997;10;9996;15;;;10013;12;10015;11;;;10005.5;0.0
29;44900;INTARIAN_PEPPER_ROOT;42037;10;42035;12;42033;9;42052;25;42054;8;42057;8;42044.5;0.0
29;45000;ASH_COATED_OSMIUM;9993;12;9990;10;9987;10;10012;10;10015;10;10018;29;10003.0;0.0
29;45000;INTARIAN_PEPPER_ROOT;42039;10;42037;10;;;42051;9;42052;11;;;42045.0;0.0
29;45100;ASH_COATED_OSMIUM;9997;24;;;;;10013;14;;;;;10005.5;0.0
29;45100;INTARIAN_PEPPER_ROOT;42040;10;;;;;42053;11;;;;;42047.0;0.0
29;45200;ASH_COATED_OSMIUM;9996;15;;;;;10012;14;;;;;10004.0;0.0
29;45200;INTARIAN_PEPPER_ROOT;42039;8;;;;;42054;11;;;;;42047.0;0.0
29;45300;ASH_COATED_OSMIUM;10002;11;10000;15;;;10018;15;10020;12;;;10010.5;0.0
29;45300;INTARIAN_PEPPER_ROOT;42040;9;;;;;42054;25;;;;;42047.5;0.0
29;45400;ASH_COATED_OSMIUM;9997;15;9995;21;;;10016;4;10018;15;;;10007.0;0.0
29;45400;INTARIAN_PEPPER_ROOT;42039;8;;;;;42051;11;;;;;42045.5;0.0
29;45500;ASH_COATED_OSMIUM;9992;5;9989;10;;;10013;13;10015;20;;;10002.5;0.0
29;45500;INTARIAN_PEPPER_ROOT;42048;10;;;;;42050;8;;;;;42049.0;0.0
29;45600;ASH_COATED_OSMIUM;9994;12;;;;;10010;27;;;;;10002.5;0.0
29;45600;INTARIAN_PEPPER_ROOT;42033;8;;;;;42048;9;;;;;42040.5;0.0
29;45700;ASH_COATED_OSMIUM;9997;14;9994;15;;;10013;10;10014;27;;;10005.0;0.0
29;45700;INTARIAN_PEPPER_ROOT;42041;8;42039;8;;;42054;8;42057;11;;;42047.5;0.0
29;45800;ASH_COATED_OSMIUM;9998;11;9996;21;;;10017;12;10019;13;;;10008.0;0.0
29;45800;INTARIAN_PEPPER_ROOT;42038;9;42037;8;;;42051;11;42052;8;;;42044.5;0.0
29;45900;ASH_COATED_OSMIUM;9994;12;9992;15;9990;15;10010;13;10011;14;10012;10;10002.5;0.0
29;45900;INTARIAN_PEPPER_ROOT;42044;12;;;;;42055;9;;;;;42049.5;0.0
29;46000;ASH_COATED_OSMIUM;9999;20;9997;25;;;10015;29;10018;11;;;10007.0;0.0
29;46000;INTARIAN_PEPPER_ROOT;42039;8;42038;11;;;42052;11;42053;8;;;42045.5;0.0
29;46100;ASH_COATED_OSMIUM;10001;10;;;;;10012;14;;;;;10007.0;0.0
29;46100;INTARIAN_PEPPER_ROOT;42036;9;42034;16;42032;11;42047;10;42049;12;42051;10;42042.0;0.0
29;46200;ASH_COATED_OSMIUM;9999;13;;;;;10015;11;;;;;10007.0;0.0
29;46200;INTARIAN_PEPPER_ROOT;42036;11;42035;10;42034;16;42053;8;42055;11;42057;12;42045.0;0.0
29;46300;ASH_COATED_OSMIUM;10000;12;;;;;10006;15;;;;;10003.0;0.0
29;46300;INTARIAN_PEPPER_ROOT;42035;17;42033;8;;;42048;8;42051;10;;;42042.0;0.0
29;46400;ASH_COATED_OSMIUM;9997;14;9996;27;;;10015;10;10016;13;;;10006.0;0.0
29;46400;INTARIAN_PEPPER_ROOT;42040;11;42038;8;;;42055;11;42058;8;;;42047.5;0.0
29;46500;ASH_COATED_OSMIUM;9995;12;;;;;10011;13;;;;;10003.0;0.0
29;46500;INTARIAN_PEPPER_ROOT;42041;12;42039;12;42038;11;42054;9;42057;9;42059;23;42047.5;0.0
29;46600;ASH_COATED_OSMIUM;9989;14;9986;12;9983;10;10005;11;10007;15;10009;12;9997.5;0.0
29;46600;INTARIAN_PEPPER_ROOT;42034;9;42033;10;;;42049;11;42050;12;;;42042.0;0.0
29;46700;ASH_COATED_OSMIUM;9989;14;9988;15;9986;3;10000;26;10001;28;10004;12;9995.0;0.0
29;46700;INTARIAN_PEPPER_ROOT;42040;15;42037;11;42034;8;42054;23;42057;24;42060;9;42047.5;0.0
29;46800;ASH_COATED_OSMIUM;9993;12;9991;12;9989;14;10009;15;10011;29;10014;13;10001.5;0.0
29;46800;INTARIAN_PEPPER_ROOT;42037;8;42035;9;42034;9;42051;10;42052;11;42053;15;42044.0;0.0
29;46900;ASH_COATED_OSMIUM;10001;15;9998;13;9997;13;10011;12;10013;15;10015;12;10006.5;0.0
29;46900;INTARIAN_PEPPER_ROOT;42041;11;;;;;42054;11;;;;;42047.5;0.0
29;47000;ASH_COATED_OSMIUM;9997;13;9996;22;;;10018;11;10019;6;;;10008.0;0.0
29;47000;INTARIAN_PEPPER_ROOT;42040;8;42038;11;;;42052;10;42053;9;;;42046.0;0.0
29;47100;ASH_COATED_OSMIUM;10007;24;;;;;10017;29;;;;;10012.0;0.0
29;47100;INTARIAN_PEPPER_ROOT;42042;10;42039;9;;;42055;15;42058;8;;;42048.5;0.0
29;47200;ASH_COATED_OSMIUM;9999;4;;;;;10015;15;;;;;10007.0;0.0
29;47200;INTARIAN_PEPPER_ROOT;42041;9;;;;;42057;10;;;;;42049.0;0.0
29;47300;ASH_COATED_OSMIUM;9997;25;;;;;10013;12;;;;;10005.5;0.0
29;47300;INTARIAN_PEPPER_ROOT;42045;8;42044;9;;;42047;10;42050;9;;;42046.0;0.0
29;47400;ASH_COATED_OSMIUM;10002;12;9999;12;;;10012;27;10015;10;;;10007.0;0.0
29;47400;INTARIAN_PEPPER_ROOT;42033;8;;;;;42053;11;;;;;42043.0;0.0
29;47500;ASH_COATED_OSMIUM;9995;14;9992;14;9991;29;10013;11;10016;23;10017;13;10004.0;0.0
29;47500;INTARIAN_PEPPER_ROOT;42041;10;;;;;42054;9;;;;;42048.0;0.0
29;47600;ASH_COATED_OSMIUM;9995;15;9994;11;;;10011;22;10012;14;;;10003.5;0.0
29;47600;INTARIAN_PEPPER_ROOT;42041;10;42039;11;42037;8;42054;19;42056;22;42059;12;42048.0;0.0
29;47700;ASH_COATED_OSMIUM;9996;11;9993;24;9991;10;10012;11;10015;11;10018;15;10004.0;0.0
29;47700;INTARIAN_PEPPER_ROOT;42044;9;42042;12;42039;16;42056;11;42058;12;42060;11;42050.5;0.0
29;47800;ASH_COATED_OSMIUM;9992;12;9989;14;9987;15;10008;14;10011;11;10012;12;10000.0;0.0
29;47800;INTARIAN_PEPPER_ROOT;42042;8;42039;11;;;42053;9;42056;10;;;42048.0;0.0
29;47900;ASH_COATED_OSMIUM;9991;12;9988;12;;;10007;24;10010;11;;;9999.5;0.0
29;47900;INTARIAN_PEPPER_ROOT;42042;8;42040;12;;;42054;12;42056;17;;;42048.0;0.0
29;48000;ASH_COATED_OSMIUM;9993;11;;;;;10009;5;;;;;10001.0;0.0
29;48000;INTARIAN_PEPPER_ROOT;42041;11;42040;17;42039;23;42058;11;42061;9;42062;8;42049.5;0.0
29;48100;ASH_COATED_OSMIUM;9988;11;9985;11;;;10004;14;10007;30;;;9996.5;0.0
29;48100;INTARIAN_PEPPER_ROOT;42040;21;42038;11;;;42056;10;42058;11;;;42048.5;0.0
29;48200;ASH_COATED_OSMIUM;9994;11;9992;12;;;10010;15;10011;10;;;10002.5;0.0
29;48200;INTARIAN_PEPPER_ROOT;42046;9;;;;;42058;18;;;;;42052.0;0.0
29;48300;ASH_COATED_OSMIUM;9991;12;9988;13;;;10010;13;10012;20;;;10001.0;0.0
29;48300;INTARIAN_PEPPER_ROOT;42042;11;42039;11;;;42055;11;42056;8;;;42049.0;0.0
29;48400;ASH_COATED_OSMIUM;9990;21;9987;23;9984;24;10006;20;10009;15;10011;21;9998.5;0.0
29;48400;INTARIAN_PEPPER_ROOT;42041;11;42040;8;;;42050;12;42053;20;;;42046.0;0.0
29;48500;ASH_COATED_OSMIUM;9994;4;9992;10;9990;15;10001;13;10002;12;10003;10;9997.5;0.0
29;48500;INTARIAN_PEPPER_ROOT;42043;10;;;;;42054;12;;;;;42049.0;0.0
29;48600;ASH_COATED_OSMIUM;9986;12;9983;12;9980;15;10004;11;10005;27;10008;14;9995.0;0.0
29;48600;INTARIAN_PEPPER_ROOT;42036;8;42033;10;42031;12;42050;11;42051;8;42052;10;42043.0;0.0
29;48700;ASH_COATED_OSMIUM;9991;26;9988;15;;;10010;11;10013;11;;;10001.0;0.0
29;48700;INTARIAN_PEPPER_ROOT;42041;9;42038;11;;;42054;15;42055;23;;;42048.0;0.0
29;48800;ASH_COATED_OSMIUM;9990;14;9988;13;;;10006;12;10007;12;;;9998.5;0.0
29;48800;INTARIAN_PEPPER_ROOT;42045;8;42042;8;;;42060;11;42063;11;;;42053.0;0.0
29;48900;ASH_COATED_OSMIUM;9986;10;9985;10;;;10005;14;10008;30;;;9996.0;0.0
29;48900;INTARIAN_PEPPER_ROOT;42048;20;42045;10;42043;8;42059;11;42061;11;42063;10;42053.5;0.0
29;49000;ASH_COATED_OSMIUM;9991;5;9989;12;9988;12;10007;13;10009;12;10012;24;9999.0;0.0
29;49000;INTARIAN_PEPPER_ROOT;42044;9;;;;;42057;11;;;;;42051.0;0.0
29;49100;ASH_COATED_OSMIUM;9991;15;;;;;10007;15;;;;;9999.5;0.0
29;49100;INTARIAN_PEPPER_ROOT;42039;12;42037;9;;;42052;9;42055;12;;;42046.0;0.0
29;49200;ASH_COATED_OSMIUM;9982;14;9980;11;9979;8;10001;14;10002;12;10004;13;9991.5;0.0
29;49200;INTARIAN_PEPPER_ROOT;42042;25;42040;8;;;42054;12;42057;12;;;42048.0;0.0
29;49300;ASH_COATED_OSMIUM;9989;27;;;;;10005;11;;;;;9997.5;0.0
29;49300;INTARIAN_PEPPER_ROOT;42042;12;;;;;42055;10;;;;;42049.0;0.0
29;49400;ASH_COATED_OSMIUM;9984;10;9983;11;;;10000;14;10001;27;;;9992.0;0.0
29;49400;INTARIAN_PEPPER_ROOT;42043;22;42040;10;42039;10;42055;9;42057;16;42059;8;42049.0;0.0
29;49500;ASH_COATED_OSMIUM;9983;12;9980;15;;;10001;14;10003;13;;;9992.0;0.0
29;49500;INTARIAN_PEPPER_ROOT;42041;9;42040;11;;;42054;10;42056;8;;;42048.0;0.0
29;49600;ASH_COATED_OSMIUM;9987;14;;;;;10003;14;;;;;9995.0;0.0
29;49600;INTARIAN_PEPPER_ROOT;42039;11;;;;;42056;11;;;;;42048.0;0.0
29;49700;ASH_COATED_OSMIUM;9986;15;9984;15;;;9999;13;10001;15;;;9992.5;0.0
29;49700;INTARIAN_PEPPER_ROOT;42044;8;;;;;42058;17;;;;;42051.0;0.0
29;49800;ASH_COATED_OSMIUM;9989;14;9986;10;;;10008;10;10010;13;;;9998.5;0.0
29;49800;INTARIAN_PEPPER_ROOT;42047;22;;;;;42058;8;;;;;42052.5;0.0
29;49900;ASH_COATED_OSMIUM;9983;30;9981;15;9978;29;9999;20;10002;10;10004;13;9991.0;0.0
29;49900;INTARIAN_PEPPER_ROOT;42051;9;42049;11;;;42054;11;42057;8;;;42053.0;0.0
29;50000;ASH_COATED_OSMIUM;9983;12;;;;;10001;6;;;;;9992.0;0.0
29;50000;INTARIAN_PEPPER_ROOT;42042;11;42041;16;;;42059;12;42060;10;;;42050.5;0.0
29;50100;ASH_COATED_OSMIUM;9985;11;9982;11;9980;13;10001;12;10003;11;10004;15;9993.5;0.0
29;50100;INTARIAN_PEPPER_ROOT;42046;8;;;;;42059;11;;;;;42052.5;0.0
29;50200;ASH_COATED_OSMIUM;9987;14;9984;14;;;10003;11;10005;14;;;9995.0;0.0
29;50200;INTARIAN_PEPPER_ROOT;42043;9;42041;9;;;42057;12;42059;10;;;42050.0;0.0
29;50300;ASH_COATED_OSMIUM;9986;25;9983;13;;;10002;15;10003;13;;;9994.5;0.0
29;50300;INTARIAN_PEPPER_ROOT;42044;5;42042;9;;;42058;21;42059;11;;;42051.0;0.0
29;50400;ASH_COATED_OSMIUM;9990;11;;;;;10006;21;;;;;9998.0;0.0
29;50400;INTARIAN_PEPPER_ROOT;42041;9;42040;9;;;42053;12;42054;10;;;42047.5;0.0
29;50500;ASH_COATED_OSMIUM;9987;11;9985;14;;;10003;12;10005;13;;;9995.0;0.0
29;50500;INTARIAN_PEPPER_ROOT;42041;8;42040;10;;;42055;9;42057;10;;;42048.0;0.0
29;50600;ASH_COATED_OSMIUM;9985;29;9983;11;;;10001;11;10003;15;;;9993.5;0.0
29;50600;INTARIAN_PEPPER_ROOT;42045;11;;;;;42060;8;;;;;42053.0;0.0
29;50700;ASH_COATED_OSMIUM;9990;22;9987;12;;;10006;10;10007;10;;;9998.5;0.0
29;50700;INTARIAN_PEPPER_ROOT;42046;15;;;;;42059;12;;;;;42052.5;0.0
29;50800;ASH_COATED_OSMIUM;9992;11;9991;12;;;10008;13;10009;13;;;10000.0;0.0
29;50800;INTARIAN_PEPPER_ROOT;42047;10;42046;4;42044;23;42058;9;42061;12;42062;12;42053.0;0.0
29;50900;ASH_COATED_OSMIUM;9991;12;9988;15;9985;10;10009;14;10012;11;10014;10;10000.0;0.0
29;50900;INTARIAN_PEPPER_ROOT;42050;12;42047;9;;;42062;12;42064;11;;;42056.0;0.0
29;51000;ASH_COATED_OSMIUM;9994;11;9991;10;;;10010;27;10012;15;;;10002.0;0.0
29;51000;INTARIAN_PEPPER_ROOT;42042;8;;;;;42058;11;;;;;42050.5;0.0
29;51100;ASH_COATED_OSMIUM;9993;13;9990;14;9988;14;10012;14;10015;13;10016;10;10003.0;0.0
29;51100;INTARIAN_PEPPER_ROOT;42045;5;42044;10;;;42059;10;42062;11;;;42052.5;0.0
29;51200;ASH_COATED_OSMIUM;9988;24;9985;14;;;10009;15;10010;13;;;9999.0;0.0
29;51200;INTARIAN_PEPPER_ROOT;42041;9;42038;10;42037;11;42057;25;42058;8;42059;10;42049.0;0.0
29;51300;ASH_COATED_OSMIUM;9994;15;;;;;10007;15;;;;;10001.0;0.0
29;51300;INTARIAN_PEPPER_ROOT;42046;9;42045;15;;;42060;11;42061;12;;;42053.0;0.0
29;51400;ASH_COATED_OSMIUM;9999;15;9996;13;;;10015;24;10018;13;;;10007.0;0.0
29;51400;INTARIAN_PEPPER_ROOT;42047;16;;;;;42060;21;;;;;42053.5;0.0
29;51500;ASH_COATED_OSMIUM;10006;10;10004;13;;;10022;15;10025;14;;;10014.5;0.0
29;51500;INTARIAN_PEPPER_ROOT;42042;12;;;;;42054;12;;;;;42048.5;0.0
29;51600;ASH_COATED_OSMIUM;10006;13;;;;;10022;13;;;;;10014.0;0.0
29;51600;INTARIAN_PEPPER_ROOT;42050;9;42049;11;;;42057;9;42059;23;;;42053.5;0.0
29;51700;ASH_COATED_OSMIUM;10008;14;10005;24;;;10024;28;10025;15;;;10016.0;0.0
29;51700;INTARIAN_PEPPER_ROOT;42050;11;42049;11;;;42063;11;42066;11;;;42056.5;0.0
29;51800;ASH_COATED_OSMIUM;10008;15;;;;;10019;28;;;;;10013.5;0.0
29;51800;INTARIAN_PEPPER_ROOT;42051;8;;;;;42055;9;;;;;42053.0;0.0
29;51900;ASH_COATED_OSMIUM;9991;12;9990;13;;;10007;13;10010;27;;;9999.0;0.0
29;51900;INTARIAN_PEPPER_ROOT;42044;19;42042;18;;;42056;10;42057;10;;;42050.5;0.0
29;52000;ASH_COATED_OSMIUM;9987;14;9984;14;;;10003;14;10004;15;;;9995.0;0.0
29;52000;INTARIAN_PEPPER_ROOT;42047;8;42046;9;;;42059;9;42061;8;;;42053.5;0.0
29;52100;ASH_COATED_OSMIUM;9984;15;9981;11;9979;14;10000;12;10002;10;10003;14;9992.5;0.0
29;52100;INTARIAN_PEPPER_ROOT;42047;11;42044;8;;;42063;11;42065;9;;;42055.0;0.0
29;52200;ASH_COATED_OSMIUM;9992;20;9989;14;;;10008;28;10009;13;;;10000.0;0.0
29;52200;INTARIAN_PEPPER_ROOT;42045;19;;;;;42060;9;;;;;42052.5;0.0
29;52300;ASH_COATED_OSMIUM;9991;11;9989;15;9988;10;10010;10;10013;28;10014;15;10001.0;0.0
29;52300;INTARIAN_PEPPER_ROOT;42045;12;42043;12;;;42056;10;42057;9;;;42051.0;0.0
29;52400;ASH_COATED_OSMIUM;9988;13;9986;15;;;10006;2;10008;12;;;9997.5;0.0
29;52400;INTARIAN_PEPPER_ROOT;42044;10;42041;17;;;42057;12;42059;11;;;42050.5;0.0
29;52500;ASH_COATED_OSMIUM;9993;10;9991;13;;;10009;10;10011;12;;;10001.5;0.0
29;52500;INTARIAN_PEPPER_ROOT;42039;10;42036;8;42035;8;42056;9;42058;10;42060;9;42048.0;0.0
29;52600;ASH_COATED_OSMIUM;9995;24;9992;11;;;10013;11;10015;15;;;10004.0;0.0
29;52600;INTARIAN_PEPPER_ROOT;42044;9;42042;12;;;42055;12;42057;8;;;42050.0;0.0
29;52700;ASH_COATED_OSMIUM;9999;10;9996;11;;;10015;27;10018;27;;;10007.0;0.0
29;52700;INTARIAN_PEPPER_ROOT;42050;9;42048;8;42046;10;42058;9;42060;9;42061;8;42054.0;0.0
29;52800;ASH_COATED_OSMIUM;10000;10;9997;30;9994;11;10016;14;10018;23;10020;10;10008.0;0.0
29;52800;INTARIAN_PEPPER_ROOT;42043;12;;;;;42055;8;;;;;42049.0;0.0
29;52900;ASH_COATED_OSMIUM;10001;12;9998;11;9997;14;10017;13;10018;12;10020;12;10009.5;0.0
29;52900;INTARIAN_PEPPER_ROOT;42045;8;42043;12;;;42058;8;42059;12;;;42051.5;0.0
29;53000;ASH_COATED_OSMIUM;9995;11;9992;12;;;10011;15;10014;10;;;10003.5;0.0
29;53000;INTARIAN_PEPPER_ROOT;42055;7;42052;10;42051;8;42057;11;42059;10;42061;11;42056.0;0.0
29;53100;ASH_COATED_OSMIUM;9992;26;9989;10;;;10008;15;10009;14;;;10000.5;0.0
29;53100;INTARIAN_PEPPER_ROOT;42048;10;;;;;42061;12;;;;;42055.0;0.0
29;53200;ASH_COATED_OSMIUM;9996;12;9993;15;9991;13;10012;10;10013;11;10016;11;10004.0;0.0
29;53200;INTARIAN_PEPPER_ROOT;42048;10;42045;9;42043;24;42061;17;42062;11;42063;10;42055.0;0.0
29;53300;ASH_COATED_OSMIUM;9991;12;;;;;10012;12;;;;;10002.0;0.0
29;53300;INTARIAN_PEPPER_ROOT;42044;8;;;;;42059;8;;;;;42052.0;0.0
29;53400;ASH_COATED_OSMIUM;9995;15;;;;;10014;12;;;;;10005.0;0.0
29;53400;INTARIAN_PEPPER_ROOT;42047;10;42044;12;;;42059;6;42061;8;;;42053.0;0.0
29;53500;ASH_COATED_OSMIUM;9993;11;9990;14;;;10009;15;10012;3;;;10001.0;0.0
29;53500;INTARIAN_PEPPER_ROOT;42047;23;42045;9;;;42058;10;42059;8;;;42052.5;0.0
29;53600;ASH_COATED_OSMIUM;9985;14;9983;12;9982;13;10001;14;10004;14;10006;26;9993.0;0.0
29;53600;INTARIAN_PEPPER_ROOT;42047;8;;;;;42062;8;;;;;42055.0;0.0
29;53700;ASH_COATED_OSMIUM;9988;11;;;;;10004;11;;;;;9996.5;0.0
29;53700;INTARIAN_PEPPER_ROOT;42048;12;;;;;42061;10;;;;;42054.5;0.0
29;53800;ASH_COATED_OSMIUM;9991;21;9990;27;9988;15;9996;10;9999;30;10000;15;9993.5;0.0
29;53800;INTARIAN_PEPPER_ROOT;42050;10;;;;;42062;10;;;;;42056.0;0.0
29;53900;ASH_COATED_OSMIUM;9981;14;9978;14;9976;15;10000;12;10002;15;10005;13;9991.0;0.0
29;53900;INTARIAN_PEPPER_ROOT;42045;10;;;;;42062;11;;;;;42053.5;0.0
29;54000;ASH_COATED_OSMIUM;9987;25;9985;14;;;10003;11;10006;26;;;9995.5;0.0
29;54000;INTARIAN_PEPPER_ROOT;42045;12;42042;25;;;42056;12;42058;10;;;42050.5;0.0
29;54100;ASH_COATED_OSMIUM;9992;13;9991;12;9989;11;10008;11;10009;11;10010;12;10000.5;0.0
29;54100;INTARIAN_PEPPER_ROOT;42047;9;;;;;42060;10;;;;;42053.5;0.0
29;54200;ASH_COATED_OSMIUM;9993;25;;;;;10009;10;;;;;10001.5;0.0
29;54200;INTARIAN_PEPPER_ROOT;42045;10;42043;12;;;42059;9;42060;9;;;42052.5;0.0
29;54300;ASH_COATED_OSMIUM;9987;14;9984;13;9983;14;10003;13;10006;22;10007;14;9995.0;0.0
29;54300;INTARIAN_PEPPER_ROOT;42047;10;;;;;42058;9;;;;;42053.0;0.0
29;54400;ASH_COATED_OSMIUM;9983;11;9981;13;9979;15;9999;12;10001;12;10002;11;9991.5;0.0
29;54400;INTARIAN_PEPPER_ROOT;42051;8;;;;;42063;10;;;;;42057.0;0.0
29;54500;ASH_COATED_OSMIUM;9985;8;9984;14;9981;13;10001;13;10002;10;10005;14;9993.5;0.0
29;54500;INTARIAN_PEPPER_ROOT;42054;9;;;;;42057;12;;;;;42056.0;0.0
29;54600;ASH_COATED_OSMIUM;9981;10;9980;12;;;9997;15;9999;15;;;9989.5;0.0
29;54600;INTARIAN_PEPPER_ROOT;42048;10;42046;10;;;42064;11;42065;11;;;42056.0;0.0
29;54700;ASH_COATED_OSMIUM;9989;10;9987;11;9986;12;10005;15;10006;21;10008;22;9997.0;0.0
29;54700;INTARIAN_PEPPER_ROOT;42047;18;42046;11;42044;12;42064;12;42065;9;42066;21;42056.0;0.0
29;54800;ASH_COATED_OSMIUM;9989;12;;;;;10008;13;;;;;9999.0;0.0
29;54800;INTARIAN_PEPPER_ROOT;42048;10;;;;;42062;11;;;;;42055.5;0.0
29;54900;ASH_COATED_OSMIUM;9992;14;;;;;10008;11;;;;;10000.5;0.0
29;54900;INTARIAN_PEPPER_ROOT;42060;10;;;;;42063;8;;;;;42061.5;0.0
29;55000;ASH_COATED_OSMIUM;9995;26;9994;15;9993;14;10011;29;10013;15;10016;15;10003.0;0.0
29;55000;INTARIAN_PEPPER_ROOT;42047;15;;;;;42060;7;;;;;42053.5;0.0
29;55100;ASH_COATED_OSMIUM;9991;11;9988;13;9985;11;10007;11;10009;12;10012;2;9999.5;0.0
29;55100;INTARIAN_PEPPER_ROOT;42057;19;42056;9;42054;11;42060;24;42063;11;42064;10;42059.0;0.0
29;55200;ASH_COATED_OSMIUM;9985;14;9984;22;;;10001;15;10004;12;;;9993.5;0.0
29;55200;INTARIAN_PEPPER_ROOT;42048;8;;;;;42061;10;;;;;42054.5;0.0
29;55300;ASH_COATED_OSMIUM;9986;14;;;;;10002;22;;;;;9994.0;0.0
29;55300;INTARIAN_PEPPER_ROOT;42052;9;42050;11;;;42064;8;42067;10;;;42058.5;0.0
29;55400;ASH_COATED_OSMIUM;9980;11;9977;10;;;9999;10;10000;14;;;9990.0;0.0
29;55400;INTARIAN_PEPPER_ROOT;42043;10;;;;;42059;24;;;;;42051.5;0.0
29;55500;ASH_COATED_OSMIUM;9987;23;;;;;10003;13;;;;;9995.0;0.0
29;55500;INTARIAN_PEPPER_ROOT;42051;15;42049;11;42047;19;42063;9;42065;8;42068;10;42057.0;0.0
29;55600;ASH_COATED_OSMIUM;9988;14;9985;11;;;10004;12;10007;10;;;9996.0;0.0
29;55600;INTARIAN_PEPPER_ROOT;42051;9;42049;12;;;42060;11;42063;9;;;42055.5;0.0
29;55700;ASH_COATED_OSMIUM;9991;10;9988;13;9985;11;10007;2;10010;15;10013;10;9999.0;0.0
29;55700;INTARIAN_PEPPER_ROOT;42050;12;;;;;42063;8;;;;;42057.0;0.0
29;55800;ASH_COATED_OSMIUM;9994;15;9993;26;;;10010;12;10011;10;;;10002.5;0.0
29;55800;INTARIAN_PEPPER_ROOT;42046;8;;;;;42063;22;;;;;42055.0;0.0
29;55900;ASH_COATED_OSMIUM;9997;13;;;;;10013;14;;;;;10005.5;0.0
29;55900;INTARIAN_PEPPER_ROOT;42048;8;;;;;42064;8;;;;;42056.0;0.0
29;56000;ASH_COATED_OSMIUM;10000;10;9998;15;;;10016;11;10018;13;;;10008.0;0.0
29;56000;INTARIAN_PEPPER_ROOT;42049;10;42046;15;42044;8;42062;8;42063;12;42065;11;42055.5;0.0
29;56100;ASH_COATED_OSMIUM;9995;15;9992;26;;;10011;29;10012;10;;;10003.5;0.0
29;56100;INTARIAN_PEPPER_ROOT;42050;10;42047;8;42046;11;42064;12;42066;11;42068;10;42057.0;0.0
29;56200;ASH_COATED_OSMIUM;9992;20;9989;11;;;10008;23;10010;15;;;10000.0;0.0
29;56200;INTARIAN_PEPPER_ROOT;42052;11;;;;;42065;11;;;;;42059.0;0.0
29;56300;ASH_COATED_OSMIUM;9987;11;9985;11;;;10005;11;10008;13;;;9996.5;0.0
29;56300;INTARIAN_PEPPER_ROOT;42046;12;42045;10;42044;10;42060;10;42061;15;42064;9;42053.5;0.0
29;56400;ASH_COATED_OSMIUM;9987;15;9984;13;9982;15;10003;10;10004;13;10006;11;9995.5;0.0
29;56400;INTARIAN_PEPPER_ROOT;42050;11;42047;12;;;42062;8;42065;9;;;42056.0;0.0
29;56500;ASH_COATED_OSMIUM;9989;20;9987;2;;;10005;21;10006;15;;;9997.0;0.0
29;56500;INTARIAN_PEPPER_ROOT;42052;11;;;;;42065;8;;;;;42058.5;0.0
29;56600;ASH_COATED_OSMIUM;9993;25;9992;12;9991;10;10009;14;10012;13;10014;10;10001.5;0.0
29;56600;INTARIAN_PEPPER_ROOT;42054;10;;;;;42066;8;;;;;42060.5;0.0
29;56700;ASH_COATED_OSMIUM;9991;11;9990;6;;;10007;26;10008;5;;;9999.5;0.0
29;56700;INTARIAN_PEPPER_ROOT;42053;12;42050;12;42048;12;42066;17;42067;11;42068;11;42060.0;0.0
29;56800;ASH_COATED_OSMIUM;9987;13;9986;13;;;10003;13;10004;13;;;9995.0;0.0
29;56800;INTARIAN_PEPPER_ROOT;42051;23;42048;22;;;42063;9;42065;9;;;42057.5;0.0
29;56900;ASH_COATED_OSMIUM;9993;10;9990;10;;;10009;12;10012;14;;;10001.5;0.0
29;56900;INTARIAN_PEPPER_ROOT;42051;10;42048;8;;;42067;10;42070;5;;;42059.0;0.0
29;57000;ASH_COATED_OSMIUM;9990;30;;;;;10006;12;;;;;9998.5;0.0
29;57000;INTARIAN_PEPPER_ROOT;42053;11;42050;12;42049;12;42067;11;42068;11;42071;11;42060.5;0.0
29;57100;ASH_COATED_OSMIUM;9990;14;;;;;10006;13;;;;;9998.0;0.0
29;57100;INTARIAN_PEPPER_ROOT;42053;10;42050;8;42048;9;42067;22;42070;15;42071;11;42060.5;0.0
29;57200;ASH_COATED_OSMIUM;9992;12;;;;;10004;15;;;;;9998.0;0.0
29;57200;INTARIAN_PEPPER_ROOT;42048;10;42045;10;;;42062;11;42064;17;;;42055.0;0.0
29;57300;ASH_COATED_OSMIUM;9994;12;9991;22;;;10010;24;10013;14;;;10002.5;0.0
29;57300;INTARIAN_PEPPER_ROOT;42043;15;42042;22;42039;11;42060;11;42062;11;42064;24;42052.0;0.0
29;57400;ASH_COATED_OSMIUM;9993;15;;;;;10009;13;;;;;10001.0;0.0
29;57400;INTARIAN_PEPPER_ROOT;42050;25;42048;24;;;42061;22;42062;8;;;42056.0;0.0
29;57500;ASH_COATED_OSMIUM;9988;15;;;;;10004;13;;;;;9996.5;0.0
29;57500;INTARIAN_PEPPER_ROOT;42054;10;42051;8;42049;8;42066;12;42067;19;42068;19;42060.5;0.0
29;57600;ASH_COATED_OSMIUM;9990;13;;;;;10006;28;;;;;9998.0;0.0
29;57600;INTARIAN_PEPPER_ROOT;42052;15;;;;;42065;12;;;;;42059.0;0.0
29;57700;ASH_COATED_OSMIUM;9994;14;;;;;10000;11;;;;;9997.0;0.0
29;57700;INTARIAN_PEPPER_ROOT;42054;11;42051;11;42050;11;42067;21;42070;11;42072;12;42060.5;0.0
29;57800;ASH_COATED_OSMIUM;9989;23;9986;10;;;10008;25;10010;2;;;9998.5;0.0
29;57800;INTARIAN_PEPPER_ROOT;42051;9;42050;11;42049;10;42067;22;42070;8;42072;9;42059.0;0.0
29;57900;ASH_COATED_OSMIUM;9989;12;9986;27;;;10005;11;10006;15;;;9997.5;0.0
29;57900;INTARIAN_PEPPER_ROOT;42048;10;42047;8;;;42062;12;42065;11;;;42055.0;0.0
29;58000;ASH_COATED_OSMIUM;9986;11;9984;14;9983;12;10005;13;10007;13;10009;14;9996.0;0.0
29;58000;INTARIAN_PEPPER_ROOT;42058;11;;;;;42072;9;;;;;42065.5;0.0
29;58100;ASH_COATED_OSMIUM;9986;12;;;;;10002;10;;;;;9994.0;0.0
29;58100;INTARIAN_PEPPER_ROOT;42047;23;;;;;42064;8;;;;;42056.0;0.0
29;58200;ASH_COATED_OSMIUM;9988;14;;;;;10004;12;;;;;9996.0;0.0
29;58200;INTARIAN_PEPPER_ROOT;42052;8;;;;;42064;11;;;;;42058.5;0.0
29;58300;ASH_COATED_OSMIUM;9991;15;9988;11;;;10010;10;10011;11;;;10001.0;0.0
29;58300;INTARIAN_PEPPER_ROOT;42054;12;;;;;42057;11;;;;;42055.5;0.0
29;58400;ASH_COATED_OSMIUM;9992;30;;;;;10008;11;;;;;10000.5;0.0
29;58400;INTARIAN_PEPPER_ROOT;42052;8;;;;;42066;10;;;;;42059.5;0.0
29;58500;ASH_COATED_OSMIUM;9989;26;;;;;10005;10;;;;;9997.0;0.0
29;58500;INTARIAN_PEPPER_ROOT;42049;11;42047;17;;;42061;11;42062;15;;;42055.0;0.0
29;58600;ASH_COATED_OSMIUM;9988;13;9985;15;9983;11;10004;14;10005;14;10008;23;9996.0;0.0
29;58600;INTARIAN_PEPPER_ROOT;42049;16;42047;10;;;42063;12;42066;12;;;42056.0;0.0
29;58700;ASH_COATED_OSMIUM;9993;13;9990;5;;;10009;15;10011;22;;;10001.0;0.0
29;58700;INTARIAN_PEPPER_ROOT;42053;10;;;;;42067;12;;;;;42060.0;0.0
29;58800;ASH_COATED_OSMIUM;9993;12;9991;26;9988;25;10009;11;10010;14;10013;15;10001.5;0.0
29;58800;INTARIAN_PEPPER_ROOT;42054;22;42053;9;;;42066;10;42068;8;;;42060.5;0.0
29;58900;ASH_COATED_OSMIUM;9995;10;9992;12;;;10001;21;10002;14;;;9998.0;0.0
29;58900;INTARIAN_PEPPER_ROOT;42052;9;42049;12;;;42065;8;42068;9;;;42058.5;0.0
29;59000;ASH_COATED_OSMIUM;9995;15;;;;;10011;11;;;;;10003.0;0.0
29;59000;INTARIAN_PEPPER_ROOT;42054;9;;;;;42067;10;;;;;42060.5;0.0
29;59100;ASH_COATED_OSMIUM;9996;13;9993;11;9991;15;10012;14;10015;12;10017;14;10004.0;0.0
29;59100;INTARIAN_PEPPER_ROOT;42053;15;;;;;42065;11;;;;;42059.0;0.0
29;59200;ASH_COATED_OSMIUM;9997;29;;;;;10006;10;;;;;10002.0;0.0
29;59200;INTARIAN_PEPPER_ROOT;42046;8;42044;12;42041;24;42062;8;42064;12;42066;11;42054.0;0.0
29;59300;ASH_COATED_OSMIUM;9990;23;;;;;10009;12;;;;;10000.0;0.0
29;59300;INTARIAN_PEPPER_ROOT;42052;10;42051;9;;;42065;9;42068;12;;;42059.0;0.0
29;59400;ASH_COATED_OSMIUM;9986;25;9983;11;;;10005;12;10007;14;;;9996.0;0.0
29;59400;INTARIAN_PEPPER_ROOT;42052;15;;;;;42064;8;;;;;42058.5;0.0
29;59500;ASH_COATED_OSMIUM;9984;13;9983;14;;;10003;12;10004;13;;;9994.0;0.0
29;59500;INTARIAN_PEPPER_ROOT;42051;23;42048;21;42047;11;42063;11;42065;10;42066;11;42057.0;0.0
29;59600;ASH_COATED_OSMIUM;9981;14;9979;10;;;10000;15;10002;23;;;9990.5;0.0
29;59600;INTARIAN_PEPPER_ROOT;42052;11;42050;10;;;42065;10;42066;10;;;42058.5;0.0
29;59700;ASH_COATED_OSMIUM;9989;11;9988;13;;;10005;25;10008;13;;;9997.5;0.0
29;59700;INTARIAN_PEPPER_ROOT;42052;8;;;;;42068;10;;;;;42060.5;0.0
29;59800;ASH_COATED_OSMIUM;9986;11;;;;;10002;13;;;;;9994.0;0.0
29;59800;INTARIAN_PEPPER_ROOT;42053;10;42051;9;;;42066;8;42067;8;;;42059.5;0.0
29;59900;ASH_COATED_OSMIUM;9987;12;;;;;10006;10;;;;;9996.5;0.0
29;59900;INTARIAN_PEPPER_ROOT;42058;9;42056;23;;;42071;8;42074;12;;;42064.5;0.0
29;60000;ASH_COATED_OSMIUM;9991;12;9988;13;;;10007;11;10009;15;;;9999.5;0.0
29;60000;INTARIAN_PEPPER_ROOT;42054;8;42051;9;42048;9;42071;10;42072;11;42073;9;42062.5;0.0
29;60100;ASH_COATED_OSMIUM;9995;10;9993;14;;;10014;30;10017;15;;;10004.5;0.0
29;60100;INTARIAN_PEPPER_ROOT;42055;8;42054;18;;;42069;24;42070;8;;;42062.0;0.0
29;60200;ASH_COATED_OSMIUM;9999;11;9997;26;;;10015;27;10018;10;;;10007.0;0.0
29;60200;INTARIAN_PEPPER_ROOT;42058;10;42056;10;;;42071;10;42073;10;;;42064.5;0.0
29;60300;ASH_COATED_OSMIUM;9995;10;;;;;10011;10;;;;;10003.5;0.0
29;60300;INTARIAN_PEPPER_ROOT;42056;9;;;;;42068;25;;;;;42062.5;0.0
29;60400;ASH_COATED_OSMIUM;9996;12;9994;10;;;10012;27;10015;4;;;10004.5;0.0
29;60400;INTARIAN_PEPPER_ROOT;42050;17;42047;8;;;42062;15;42064;12;;;42056.5;0.0
29;60500;ASH_COATED_OSMIUM;9992;10;9989;11;9986;11;10008;3;10010;20;10011;12;10000.5;0.0
29;60500;INTARIAN_PEPPER_ROOT;42057;10;42055;9;42052;10;42068;12;42069;9;42070;8;42063.0;0.0
29;60600;ASH_COATED_OSMIUM;9996;11;;;;;10015;11;;;;;10005.5;0.0
29;60600;INTARIAN_PEPPER_ROOT;42053;9;;;;;42065;9;;;;;42059.5;0.0
29;60700;ASH_COATED_OSMIUM;9996;10;9993;12;;;10012;27;10013;12;;;10004.5;0.0
29;60700;INTARIAN_PEPPER_ROOT;42054;9;42051;12;42050;19;42069;8;42071;11;42073;8;42061.5;0.0
29;60800;ASH_COATED_OSMIUM;9991;13;9988;11;;;10010;13;10011;12;;;10001.0;0.0
29;60800;INTARIAN_PEPPER_ROOT;42048;10;42047;9;42045;10;42063;10;42064;9;42065;8;42056.0;0.0
29;60900;ASH_COATED_OSMIUM;9997;26;9995;11;;;10013;11;10014;13;;;10005.0;0.0
29;60900;INTARIAN_PEPPER_ROOT;42055;8;;;;;42072;9;;;;;42063.5;0.0
29;61000;ASH_COATED_OSMIUM;9993;13;;;;;10012;13;;;;;10003.0;0.0
29;61000;INTARIAN_PEPPER_ROOT;42056;9;42054;8;42052;12;42073;9;42074;12;42077;10;42064.5;0.0
29;61100;ASH_COATED_OSMIUM;9992;13;;;;;10002;11;;;;;9997.5;0.0
29;61100;INTARIAN_PEPPER_ROOT;42056;10;42054;9;;;42068;20;42069;11;;;42062.0;0.0
29;61200;ASH_COATED_OSMIUM;9990;14;9989;10;;;10006;15;10009;14;;;9998.5;0.0
29;61200;INTARIAN_PEPPER_ROOT;42053;10;;;;;42067;8;;;;;42060.0;0.0
29;61300;ASH_COATED_OSMIUM;9993;13;;;;;10009;13;;;;;10001.5;0.0
29;61300;INTARIAN_PEPPER_ROOT;42057;10;;;;;42070;12;;;;;42063.5;0.0
29;61400;ASH_COATED_OSMIUM;9992;12;9991;13;9988;15;10008;4;10009;15;10010;28;10000.5;0.0
29;61400;INTARIAN_PEPPER_ROOT;42057;12;42056;15;;;42069;9;42072;11;;;42063.0;0.0
29;61500;ASH_COATED_OSMIUM;9996;21;9993;14;9991;14;10012;10;10013;4;10014;11;10004.5;0.0
29;61500;INTARIAN_PEPPER_ROOT;42057;11;42055;10;;;42069;11;42072;11;;;42063.0;0.0
29;61600;ASH_COATED_OSMIUM;9997;11;9995;13;;;10018;10;10020;12;;;10007.5;0.0
29;61600;INTARIAN_PEPPER_ROOT;42057;10;;;;;42074;9;;;;;42065.5;0.0
29;61700;ASH_COATED_OSMIUM;10003;10;;;;;10022;24;;;;;10013.0;0.0
29;61700;INTARIAN_PEPPER_ROOT;42054;12;42052;24;;;42068;8;42071;11;;;42061.0;0.0
29;61800;ASH_COATED_OSMIUM;10002;15;10000;13;9999;12;10011;12;10012;10;10015;12;10006.5;0.0
29;61800;INTARIAN_PEPPER_ROOT;42053;12;42050;4;42049;8;42064;8;42066;12;42067;10;42059.0;0.0
29;61900;ASH_COATED_OSMIUM;10001;11;9998;13;;;10019;14;10021;11;;;10010.5;0.0
29;61900;INTARIAN_PEPPER_ROOT;42056;8;;;;;42069;10;;;;;42062.5;0.0
29;62000;ASH_COATED_OSMIUM;9998;13;;;;;10014;11;;;;;10006.0;0.0
29;62000;INTARIAN_PEPPER_ROOT;42058;24;42056;8;;;42069;11;42070;23;;;42064.0;0.0
29;62100;ASH_COATED_OSMIUM;9996;14;9993;12;9990;13;10015;13;10018;11;10019;11;10005.5;0.0
29;62100;INTARIAN_PEPPER_ROOT;42055;9;42053;22;42051;9;42066;11;42069;10;42070;11;42060.5;0.0
29;62200;ASH_COATED_OSMIUM;9995;14;9993;12;;;10011;11;10013;30;;;10003.5;0.0
29;62200;INTARIAN_PEPPER_ROOT;42054;25;;;;;42067;15;;;;;42061.0;0.0
29;62300;ASH_COATED_OSMIUM;9995;14;9994;14;;;10011;10;10014;11;;;10003.5;0.0
29;62300;INTARIAN_PEPPER_ROOT;42056;10;42053;10;;;42069;21;42070;10;;;42062.5;0.0
29;62400;ASH_COATED_OSMIUM;9992;6;9989;12;;;10008;25;10010;11;;;10000.5;0.0
29;62400;INTARIAN_PEPPER_ROOT;42056;15;42054;10;;;42069;8;42071;16;;;42062.5;0.0
29;62500;ASH_COATED_OSMIUM;9990;10;9989;11;;;10006;10;10008;30;;;9998.5;0.0
29;62500;INTARIAN_PEPPER_ROOT;42055;8;42052;11;;;42072;10;42075;8;;;42063.5;0.0
29;62600;ASH_COATED_OSMIUM;9992;29;;;;;10008;14;;;;;10000.5;0.0
29;62600;INTARIAN_PEPPER_ROOT;42055;8;;;;;42067;11;;;;;42061.0;0.0
29;62700;ASH_COATED_OSMIUM;9991;15;9989;13;9986;10;10007;13;10010;28;10012;14;9999.0;0.0
29;62700;INTARIAN_PEPPER_ROOT;42061;24;42058;12;;;42074;11;42075;11;;;42067.5;0.0
29;62800;ASH_COATED_OSMIUM;9991;10;9990;15;;;10007;26;10010;13;;;9999.0;0.0
29;62800;INTARIAN_PEPPER_ROOT;42059;11;;;;;42072;9;;;;;42065.5;0.0
29;62900;ASH_COATED_OSMIUM;9993;27;9990;12;9989;24;10012;30;10014;11;10015;10;10002.5;0.0
29;62900;INTARIAN_PEPPER_ROOT;42053;12;42050;9;42047;12;42070;22;42073;10;42076;9;42062.0;0.0
29;63000;ASH_COATED_OSMIUM;9995;22;;;;;10011;12;;;;;10003.0;0.0
29;63000;INTARIAN_PEPPER_ROOT;42052;9;42050;11;42048;10;42065;11;42068;10;42071;9;42059.0;0.0
29;63100;ASH_COATED_OSMIUM;9997;12;9995;14;9993;10;10013;24;10015;10;10016;15;10005.0;0.0
29;63100;INTARIAN_PEPPER_ROOT;42055;11;42053;18;;;42069;10;42072;8;;;42062.5;0.0
29;63200;ASH_COATED_OSMIUM;9999;22;9998;15;9996;13;10015;11;10018;3;10019;24;10007.5;0.0
29;63200;INTARIAN_PEPPER_ROOT;42056;12;42053;8;42051;8;42069;12;42071;8;42073;11;42062.5;0.0
29;63300;ASH_COATED_OSMIUM;9995;11;9993;13;;;10013;26;10014;20;;;10004.5;0.0
29;63300;INTARIAN_PEPPER_ROOT;42056;11;42053;9;42051;10;42068;12;42070;10;42071;12;42062.5;0.0
29;63400;ASH_COATED_OSMIUM;9994;15;;;;;10010;30;;;;;10002.5;0.0
29;63400;INTARIAN_PEPPER_ROOT;42055;10;42052;21;;;42066;15;42068;10;;;42061.0;0.0
29;63500;ASH_COATED_OSMIUM;9993;15;9992;11;9990;14;10009;10;10011;14;10013;14;10001.5;0.0
29;63500;INTARIAN_PEPPER_ROOT;42055;9;42052;16;42050;11;42066;8;42067;12;42068;10;42061.0;0.0
29;63600;ASH_COATED_OSMIUM;9994;11;9991;12;;;10010;13;10012;13;;;10002.5;0.0
29;63600;INTARIAN_PEPPER_ROOT;42055;9;42053;8;;;42067;9;42068;8;;;42061.0;0.0
29;63700;ASH_COATED_OSMIUM;9998;10;;;;;10014;11;;;;;10006.0;0.0
29;63700;INTARIAN_PEPPER_ROOT;42056;12;;;;;42069;11;;;;;42062.5;0.0
29;63800;ASH_COATED_OSMIUM;10002;10;;;;;10013;22;;;;;10007.5;0.0
29;63800;INTARIAN_PEPPER_ROOT;42053;12;;;;;42066;10;;;;;42059.5;0.0
29;63900;ASH_COATED_OSMIUM;9997;13;9996;30;;;10015;15;10017;11;;;10006.0;0.0
29;63900;INTARIAN_PEPPER_ROOT;42058;9;;;;;42077;12;;;;;42067.5;0.0
29;64000;ASH_COATED_OSMIUM;9997;10;9994;27;;;10013;15;10014;13;;;10005.5;0.0
29;64000;INTARIAN_PEPPER_ROOT;42058;8;42057;12;;;42071;8;42072;10;;;42064.5;0.0
29;64100;ASH_COATED_OSMIUM;9998;24;9997;11;;;10014;11;10015;10;;;10006.5;0.0
29;64100;INTARIAN_PEPPER_ROOT;42055;9;;;;;42068;11;;;;;42062.0;0.0
