day;timestamp;product;bid_price_1;bid_volume_1;bid_price_2;bid_volume_2;bid_price_3;bid_volume_3;ask_price_1;ask_volume_1;ask_price_2;ask_volume_2;ask_price_3;ask_volume_3;mid_price;profit_and_loss
7;0;ASH_COATED_OSMIUM;9993;20;9990;12;9987;13;10012;13;10013;11;10015;13;10003.0;0.0
7;0;INTARIAN_PEPPER_ROOT;19992;23;;;;;20004;9;;;;;19998.0;0.0
7;100;ASH_COATED_OSMIUM;9995;13;9992;13;9990;14;10011;14;10013;10;10015;10;10003.0;0.0
7;100;INTARIAN_PEPPER_ROOT;19992;11;19990;9;19988;21;20008;17;20010;17;20013;8;20000.0;0.0
7;200;ASH_COATED_OSMIUM;9995;27;;;;;10011;14;;;;;10003.5;0.0
7;200;INTARIAN_PEPPER_ROOT;19992;9;19991;8;;;20006;9;20009;10;;;19999.0;0.0
7;300;ASH_COATED_OSMIUM;9990;11;9987;14;;;10006;12;10007;15;;;9998.0;0.0
7;300;INTARIAN_PEPPER_ROOT;19991;11;19988;8;;;20004;8;20006;8;;;19997.5;0.0
7;400;ASH_COATED_OSMIUM;9998;11;;;;;10008;15;;;;;10003.0;0.0
7;400;INTARIAN_PEPPER_ROOT;19999;12;;;;;20011;12;;;;;20005.5;0.0
7;500;ASH_COATED_OSMIUM;9995;10;;;;;10011;13;;;;;10003.0;0.0
7;500;INTARIAN_PEPPER_ROOT;19992;11;;;;;20003;11;;;;;19997.5;0.0
7;600;ASH_COATED_OSMIUM;9989;26;9987;14;;;10005;15;10006;13;;;9997.5;0.0
7;600;INTARIAN_PEPPER_ROOT;19994;11;;;;;20006;8;;;;;20000.5;0.0
7;700;ASH_COATED_OSMIUM;9995;21;;;;;10011;14;;;;;10003.0;0.0
7;700;INTARIAN_PEPPER_ROOT;19993;8;19992;11;19991;21;20006;24;20009;10;20012;8;19999.5;0.0
7;800;ASH_COATED_OSMIUM;9989;15;9988;11;;;10005;4;10008;15;;;9997.5;0.0
7;800;INTARIAN_PEPPER_ROOT;19993;9;19992;8;19991;9;20005;10;20008;8;20010;9;19999.0;0.0
7;900;ASH_COATED_OSMIUM;9992;15;;;;;10013;14;;;;;10002.5;0.0
7;900;INTARIAN_PEPPER_ROOT;19990;8;19989;8;;;20006;10;20007;11;;;19998.5;0.0
7;1000;ASH_COATED_OSMIUM;9989;20;;;;;10005;23;;;;;9997.0;0.0
7;1000;INTARIAN_PEPPER_ROOT;19993;10;19991;12;;;20006;18;20008;12;;;19999.5;0.0
7;1100;ASH_COATED_OSMIUM;9993;13;9990;13;9987;11;10009;12;10011;28;10014;11;10001.5;0.0
7;1100;INTARIAN_PEPPER_ROOT;19992;12;;;;;20006;10;;;;;19999.5;0.0
7;1200;ASH_COATED_OSMIUM;9992;12;9990;20;9988;28;10010;13;10011;15;10012;11;10001.5;0.0
7;1200;INTARIAN_PEPPER_ROOT;19997;11;19995;8;;;20009;9;20012;11;;;20003.5;0.0
7;1300;ASH_COATED_OSMIUM;9993;14;9991;11;;;10009;10;10011;29;;;10001.0;0.0
7;1300;INTARIAN_PEPPER_ROOT;19996;11;19995;9;19992;9;20008;12;20009;8;20011;23;20002.5;0.0
7;1400;ASH_COATED_OSMIUM;9993;26;9991;30;9989;10;10009;26;10010;13;10011;11;10001.0;0.0
7;1400;INTARIAN_PEPPER_ROOT;19996;11;19995;11;;;20010;8;20012;24;;;20003.5;0.0
7;1500;ASH_COATED_OSMIUM;9990;12;9989;14;;;10000;14;10002;12;;;9995.5;0.0
7;1500;INTARIAN_PEPPER_ROOT;19995;8;19994;8;;;20007;9;20010;12;;;20001.5;0.0
7;1600;ASH_COATED_OSMIUM;9993;13;9990;10;9988;14;10009;13;10012;14;10014;12;10001.0;0.0
7;1600;INTARIAN_PEPPER_ROOT;20002;10;;;;;20010;19;;;;;20006.0;0.0
7;1700;ASH_COATED_OSMIUM;9992;10;9991;11;9990;10;10010;12;10011;14;10012;10;10001.5;0.0
7;1700;INTARIAN_PEPPER_ROOT;19995;9;19994;12;;;20007;9;20009;24;;;20001.0;0.0
7;1800;ASH_COATED_OSMIUM;9992;14;9991;13;;;10010;11;10012;15;;;10001.5;0.0
7;1800;INTARIAN_PEPPER_ROOT;19994;17;19991;9;;;20008;19;20009;12;;;20001.5;0.0
7;1900;ASH_COATED_OSMIUM;9988;12;;;;;10004;11;;;;;9996.5;0.0
7;1900;INTARIAN_PEPPER_ROOT;19997;19;;;;;20008;10;;;;;20003.0;0.0
7;2000;ASH_COATED_OSMIUM;9990;7;;;;;10001;12;;;;;9996.0;0.0
7;2000;INTARIAN_PEPPER_ROOT;20001;8;19998;9;;;20004;9;20005;8;;;20003.0;0.0
7;2100;ASH_COATED_OSMIUM;9988;15;9987;20;;;10004;15;10005;10;;;9996.5;0.0
7;2100;INTARIAN_PEPPER_ROOT;19989;10;19986;12;;;20004;12;20006;10;;;19997.0;0.0
7;2200;ASH_COATED_OSMIUM;9993;14;9991;15;;;10009;15;10011;11;;;10001.5;0.0
7;2200;INTARIAN_PEPPER_ROOT;19986;9;19984;9;19982;23;20000;8;20001;9;20004;10;19993.5;0.0
7;2300;ASH_COATED_OSMIUM;9988;14;9985;13;;;10004;20;10006;15;;;9996.0;0.0
7;2300;INTARIAN_PEPPER_ROOT;19997;12;19995;10;;;20008;11;20011;10;;;20002.5;0.0
7;2400;ASH_COATED_OSMIUM;9988;14;9986;11;;;10004;12;10007;10;;;9996.0;0.0
7;2400;INTARIAN_PEPPER_ROOT;19999;9;;;;;20010;20;;;;;20005.0;0.0
7;2500;ASH_COATED_OSMIUM;9988;13;9986;15;9984;14;10004;24;10005;14;10007;2;9996.0;0.0
7;2500;INTARIAN_PEPPER_ROOT;19994;11;19992;10;;;20007;22;20008;10;;;20000.5;0.0
7;2600;ASH_COATED_OSMIUM;9994;10;;;;;10010;15;;;;;10002.0;0.0
7;2600;INTARIAN_PEPPER_ROOT;19996;9;19995;11;19993;9;20009;11;20011;22;20013;12;20002.5;0.0
7;2700;ASH_COATED_OSMIUM;9993;14;;;;;10011;14;;;;;10002.5;0.0
7;2700;INTARIAN_PEPPER_ROOT;19999;9;19998;12;;;20011;12;20014;9;;;20005.5;0.0
7;2800;ASH_COATED_OSMIUM;9992;12;9990;12;;;10002;15;10004;14;;;9997.0;0.0
7;2800;INTARIAN_PEPPER_ROOT;20001;24;;;;;20004;9;;;;;20003.0;0.0
7;2900;ASH_COATED_OSMIUM;9994;13;9991;20;;;10010;14;10011;14;;;10002.5;0.0
7;2900;INTARIAN_PEPPER_ROOT;20001;19;19999;9;19996;12;20013;9;20015;25;20018;9;20007.0;0.0
7;3000;ASH_COATED_OSMIUM;9995;25;;;;;10011;14;;;;;10003.0;0.0
7;3000;INTARIAN_PEPPER_ROOT;19994;9;;;;;20011;10;;;;;20003.0;0.0
7;3100;ASH_COATED_OSMIUM;9995;15;;;;;10011;11;;;;;10003.5;0.0
7;3100;INTARIAN_PEPPER_ROOT;19997;8;19996;9;;;20009;12;20011;10;;;20003.0;0.0
7;3200;ASH_COATED_OSMIUM;9994;15;9992;28;9989;14;10013;27;10016;11;10017;13;10003.5;0.0
7;3200;INTARIAN_PEPPER_ROOT;19996;12;19995;10;;;20009;20;20011;10;;;20003.0;0.0
7;3300;ASH_COATED_OSMIUM;9995;14;9994;14;9991;11;10011;15;10014;11;10016;11;10003.5;0.0
7;3300;INTARIAN_PEPPER_ROOT;19997;9;19994;11;;;20008;9;20011;15;;;20003.0;0.0
7;3400;ASH_COATED_OSMIUM;9990;10;9988;20;;;10006;14;10007;28;;;9998.0;0.0
7;3400;INTARIAN_PEPPER_ROOT;19996;23;19994;12;;;20008;8;20010;11;;;20002.5;0.0
7;3500;ASH_COATED_OSMIUM;9995;15;9992;11;;;10011;15;10013;24;;;10003.0;0.0
7;3500;INTARIAN_PEPPER_ROOT;19997;12;19996;10;19993;12;20010;8;20011;11;20012;10;20003.5;0.0
7;3600;ASH_COATED_OSMIUM;9990;11;;;;;10006;27;;;;;9998.5;0.0
7;3600;INTARIAN_PEPPER_ROOT;19996;8;;;;;20009;10;;;;;20002.5;0.0
7;3700;ASH_COATED_OSMIUM;9994;11;9991;20;9988;15;10013;14;10016;24;10017;3;10004.0;0.0
7;3700;INTARIAN_PEPPER_ROOT;19996;8;19994;11;19992;8;20009;8;20011;9;20012;22;20003.0;0.0
7;3800;ASH_COATED_OSMIUM;9990;30;;;;;10006;12;;;;;9998.5;0.0
7;3800;INTARIAN_PEPPER_ROOT;19997;10;19995;16;19993;8;20009;18;20011;9;20012;9;20003.5;0.0
7;3900;ASH_COATED_OSMIUM;9989;14;9986;15;;;10007;10;10009;15;;;9998.0;0.0
7;3900;INTARIAN_PEPPER_ROOT;19995;9;19993;10;;;20007;12;20010;22;;;20001.0;0.0
7;4000;ASH_COATED_OSMIUM;9995;10;9994;14;;;10011;11;10014;11;;;10003.0;0.0
7;4000;INTARIAN_PEPPER_ROOT;19998;6;19997;12;19995;8;20012;11;20015;10;20016;12;20005.5;0.0
7;4100;ASH_COATED_OSMIUM;9994;12;9993;10;9991;12;10010;11;10013;11;10014;15;10002.5;0.0
7;4100;INTARIAN_PEPPER_ROOT;20000;8;;;;;20013;10;;;;;20006.5;0.0
7;4200;ASH_COATED_OSMIUM;9989;27;;;;;10005;20;;;;;9997.5;0.0
7;4200;INTARIAN_PEPPER_ROOT;19992;8;19989;12;;;20003;19;20005;12;;;19997.5;0.0
7;4300;ASH_COATED_OSMIUM;9994;11;;;;;10010;11;;;;;10002.5;0.0
7;4300;INTARIAN_PEPPER_ROOT;19999;18;;;;;20014;9;;;;;20006.5;0.0
7;4400;ASH_COATED_OSMIUM;9989;12;9988;11;;;10005;15;10006;25;;;9997.5;0.0
7;4400;INTARIAN_PEPPER_ROOT;19998;19;19997;8;;;20012;21;20015;10;;;20005.0;0.0
7;4500;ASH_COATED_OSMIUM;9988;12;9985;3;;;10007;5;10008;11;;;9997.5;0.0
7;4500;INTARIAN_PEPPER_ROOT;19994;8;;;;;20006;9;;;;;20000.0;0.0
7;4600;ASH_COATED_OSMIUM;9992;12;9990;13;9989;22;10003;11;10005;24;10008;10;9997.5;0.0
7;4600;INTARIAN_PEPPER_ROOT;19999;9;19996;12;19993;9;20012;10;20013;8;20015;6;20006.0;0.0
7;4700;ASH_COATED_OSMIUM;9994;11;9993;10;;;10010;14;10012;15;;;10002.5;0.0
7;4700;INTARIAN_PEPPER_ROOT;20000;8;;;;;20011;12;;;;;20005.5;0.0
7;4800;ASH_COATED_OSMIUM;9990;10;9987;15;;;10006;15;10008;10;;;9998.0;0.0
7;4800;INTARIAN_PEPPER_ROOT;19998;11;19995;8;19993;11;20009;9;20012;11;20013;9;20003.5;0.0
7;4900;ASH_COATED_OSMIUM;9997;13;9995;14;9994;13;10010;10;10013;6;10016;22;10003.5;0.0
7;4900;INTARIAN_PEPPER_ROOT;20000;9;;;;;20012;8;;;;;20006.0;0.0
7;5000;ASH_COATED_OSMIUM;9996;14;9995;4;;;10012;27;10015;14;;;10004.5;0.0
7;5000;INTARIAN_PEPPER_ROOT;19998;8;;;;;20010;23;;;;;20004.0;0.0
7;5100;ASH_COATED_OSMIUM;9991;14;9990;14;9988;10;10007;24;10010;10;10012;12;9999.0;0.0
7;5100;INTARIAN_PEPPER_ROOT;20005;9;20003;11;20000;22;20008;11;20011;9;20013;10;20007.0;0.0
7;5200;ASH_COATED_OSMIUM;9991;13;9988;2;;;10007;11;10008;14;;;9999.0;0.0
7;5200;INTARIAN_PEPPER_ROOT;20001;6;19998;10;;;20008;8;20009;25;;;20004.5;0.0
7;5300;ASH_COATED_OSMIUM;9995;15;9992;11;;;10013;13;10016;15;;;10004.0;0.0
7;5300;INTARIAN_PEPPER_ROOT;19998;15;19995;10;;;20012;10;20013;8;;;20005.0;0.0
7;5400;ASH_COATED_OSMIUM;9994;15;9992;15;9990;12;10013;15;10014;15;10017;10;10004.0;0.0
7;5400;INTARIAN_PEPPER_ROOT;19998;11;19995;17;19993;8;20010;8;20012;25;20013;11;20004.5;0.0
7;5500;ASH_COATED_OSMIUM;9990;24;9989;14;;;10008;29;10010;10;;;9999.0;0.0
7;5500;INTARIAN_PEPPER_ROOT;19998;9;19995;18;;;20010;11;20011;11;;;20004.0;0.0
7;5600;ASH_COATED_OSMIUM;9996;12;;;;;10012;12;;;;;10004.5;0.0
7;5600;INTARIAN_PEPPER_ROOT;19999;21;;;;;20013;10;;;;;20006.0;0.0
7;5700;ASH_COATED_OSMIUM;9995;5;9993;12;9991;15;10013;24;10016;21;10017;20;10004.0;0.0
7;5700;INTARIAN_PEPPER_ROOT;20000;9;;;;;20012;9;;;;;20006.0;0.0
7;5800;ASH_COATED_OSMIUM;9996;15;9993;13;;;10012;15;10015;12;;;10004.0;0.0
7;5800;INTARIAN_PEPPER_ROOT;19996;9;19994;8;;;20009;10;20011;11;;;20002.5;0.0
7;5900;ASH_COATED_OSMIUM;9990;14;9989;24;;;10008;11;10009;11;;;9999.0;0.0
7;5900;INTARIAN_PEPPER_ROOT;20000;10;19997;12;;;20015;12;20016;12;;;20007.5;0.0
7;6000;ASH_COATED_OSMIUM;9994;10;;;;;10003;30;;;;;9999.0;0.0
7;6000;INTARIAN_PEPPER_ROOT;19997;10;;;;;20011;10;;;;;20004.0;0.0
7;6100;ASH_COATED_OSMIUM;9996;13;9994;14;;;10012;14;10014;15;;;10004.0;0.0
7;6100;INTARIAN_PEPPER_ROOT;19996;8;;;;;20012;9;;;;;20004.5;0.0
7;6200;ASH_COATED_OSMIUM;9995;12;9993;20;;;10014;3;10015;14;;;10005.0;0.0
7;6200;INTARIAN_PEPPER_ROOT;20000;11;19998;23;;;20013;9;20016;18;;;20007.0;0.0
7;6300;ASH_COATED_OSMIUM;9996;14;;;;;10012;10;;;;;10004.5;0.0
7;6300;INTARIAN_PEPPER_ROOT;20001;10;19998;9;;;20012;11;20015;11;;;20006.5;0.0
7;6400;ASH_COATED_OSMIUM;9997;12;9995;4;;;10013;11;10015;20;;;10005.0;0.0
7;6400;INTARIAN_PEPPER_ROOT;20000;9;19998;8;;;20011;25;20012;10;;;20006.0;0.0
7;6500;ASH_COATED_OSMIUM;9997;13;9995;5;9992;28;10013;11;10016;11;10019;11;10005.0;0.0
7;6500;INTARIAN_PEPPER_ROOT;20001;21;;;;;20017;8;;;;;20009.0;0.0
7;6600;ASH_COATED_OSMIUM;9991;14;;;;;10007;10;;;;;9999.0;0.0
7;6600;INTARIAN_PEPPER_ROOT;19996;8;19995;12;;;20013;8;20016;12;;;20005.0;0.0
7;6700;ASH_COATED_OSMIUM;9991;10;;;;;10007;11;;;;;9999.0;0.0
7;6700;INTARIAN_PEPPER_ROOT;20002;12;;;;;20015;8;;;;;20008.5;0.0
7;6800;ASH_COATED_OSMIUM;9989;24;9986;15;;;10008;15;10010;23;;;9999.0;0.0
7;6800;INTARIAN_PEPPER_ROOT;19999;12;19998;9;;;20012;11;20015;11;;;20006.0;0.0
7;6900;ASH_COATED_OSMIUM;9996;29;;;;;10012;11;;;;;10004.0;0.0
7;6900;INTARIAN_PEPPER_ROOT;20000;9;;;;;20014;21;;;;;20007.5;0.0
7;7000;ASH_COATED_OSMIUM;9991;10;;;;;10007;8;;;;;9999.0;0.0
7;7000;INTARIAN_PEPPER_ROOT;20000;9;19997;10;;;20011;10;20014;19;;;20006.0;0.0
7;7100;ASH_COATED_OSMIUM;9996;15;;;;;10012;24;;;;;10004.5;0.0
7;7100;INTARIAN_PEPPER_ROOT;20001;12;19999;11;;;20014;12;20015;11;;;20008.0;0.0
7;7200;ASH_COATED_OSMIUM;9991;10;9989;10;;;10007;11;10010;11;;;9999.5;0.0
7;7200;INTARIAN_PEPPER_ROOT;20000;12;19999;23;;;20014;9;20016;10;;;20007.0;0.0
7;7300;ASH_COATED_OSMIUM;9991;10;;;;;10007;10;;;;;9999.5;0.0
7;7300;INTARIAN_PEPPER_ROOT;20000;11;19998;10;19997;10;20013;24;20016;23;20019;9;20007.0;0.0
7;7400;ASH_COATED_OSMIUM;9996;13;9994;12;;;10012;15;10015;10;;;10004.5;0.0
7;7400;INTARIAN_PEPPER_ROOT;20000;9;19999;9;19998;10;20012;8;20014;23;20015;21;20006.0;0.0
7;7500;ASH_COATED_OSMIUM;9996;23;;;;;10012;14;;;;;10004.5;0.0
7;7500;INTARIAN_PEPPER_ROOT;19998;8;19996;3;19994;25;20010;8;20011;11;20012;5;20004.5;0.0
7;7600;ASH_COATED_OSMIUM;9991;13;9990;13;9987;11;10007;10;10008;12;10010;11;9999.5;0.0
7;7600;INTARIAN_PEPPER_ROOT;19998;9;19997;12;;;20010;9;20012;16;;;20004.0;0.0
7;7700;ASH_COATED_OSMIUM;9991;24;9990;14;;;10007;13;10010;10;;;9999.0;0.0
7;7700;INTARIAN_PEPPER_ROOT;20000;9;19998;11;;;20011;10;20013;12;;;20006.0;0.0
7;7800;ASH_COATED_OSMIUM;9989;15;9986;14;;;10008;15;10010;23;;;9999.0;0.0
7;7800;INTARIAN_PEPPER_ROOT;19996;12;19993;11;;;20010;8;20011;9;;;20003.5;0.0
7;7900;ASH_COATED_OSMIUM;9997;30;9995;13;9992;21;10013;15;10015;12;10016;14;10005.5;0.0
7;7900;INTARIAN_PEPPER_ROOT;20002;11;19999;10;19998;8;20014;9;20015;8;20017;11;20008.0;0.0
7;8000;ASH_COATED_OSMIUM;9992;13;9991;14;;;10008;22;10009;22;;;10000.5;0.0
7;8000;INTARIAN_PEPPER_ROOT;20004;12;;;;;20018;10;;;;;20011.0;0.0
7;8100;ASH_COATED_OSMIUM;9997;15;;;;;10013;13;;;;;10005.5;0.0
7;8100;INTARIAN_PEPPER_ROOT;20000;9;;;;;20012;16;;;;;20006.0;0.0
7;8200;ASH_COATED_OSMIUM;9997;29;9994;7;;;10013;10;10016;12;;;10005.0;0.0
7;8200;INTARIAN_PEPPER_ROOT;20002;8;;;;;20013;11;;;;;20008.0;0.0
7;8300;ASH_COATED_OSMIUM;9990;11;9988;13;9986;11;10008;11;10011;14;10012;15;9999.5;0.0
7;8300;INTARIAN_PEPPER_ROOT;20002;9;20000;11;;;20014;9;20017;9;;;20008.0;0.0
7;8400;ASH_COATED_OSMIUM;9997;14;9994;10;;;10013;14;10015;11;;;10005.0;0.0
7;8400;INTARIAN_PEPPER_ROOT;20001;12;19998;11;19995;8;20015;9;20017;10;20018;10;20008.5;0.0
7;8500;ASH_COATED_OSMIUM;9991;30;9989;14;;;10007;12;10009;14;;;9999.5;0.0
7;8500;INTARIAN_PEPPER_ROOT;20004;24;20003;8;;;20018;10;20020;12;;;20011.5;0.0
7;8600;ASH_COATED_OSMIUM;9997;12;9996;3;;;10013;12;10016;15;;;10005.0;0.0
7;8600;INTARIAN_PEPPER_ROOT;20000;8;19997;10;;;20017;10;20020;8;;;20008.5;0.0
7;8700;ASH_COATED_OSMIUM;9991;29;;;;;10007;28;;;;;9999.5;0.0
7;8700;INTARIAN_PEPPER_ROOT;20006;10;;;;;20009;8;;;;;20007.5;0.0
7;8800;ASH_COATED_OSMIUM;9991;10;9990;14;;;10007;30;10010;12;;;9999.5;0.0
7;8800;INTARIAN_PEPPER_ROOT;20005;24;20004;8;20003;10;20017;11;20020;10;20021;9;20011.5;0.0
7;8900;ASH_COATED_OSMIUM;9996;3;;;;;10012;21;;;;;10004.5;0.0
7;8900;INTARIAN_PEPPER_ROOT;20003;9;;;;;20019;19;;;;;20011.0;0.0
7;9000;ASH_COATED_OSMIUM;9996;15;;;;;10012;13;;;;;10004.0;0.0
7;9000;INTARIAN_PEPPER_ROOT;20001;11;19999;11;;;20016;8;20017;23;;;20009.0;0.0
7;9100;ASH_COATED_OSMIUM;9995;12;9993;14;;;10011;13;10013;27;;;10003.0;0.0
7;9100;INTARIAN_PEPPER_ROOT;20001;9;20000;18;;;20018;20;20020;10;;;20010.0;0.0
7;9200;ASH_COATED_OSMIUM;9993;20;9992;29;;;10012;12;10013;27;;;10002.5;0.0
7;9200;INTARIAN_PEPPER_ROOT;20011;9;20010;9;;;20014;12;20015;8;;;20012.5;0.0
7;9300;ASH_COATED_OSMIUM;9989;14;9986;15;;;10005;20;10007;14;;;9997.5;0.0
7;9300;INTARIAN_PEPPER_ROOT;20005;10;;;;;20016;9;;;;;20011.0;0.0
7;9400;ASH_COATED_OSMIUM;9994;15;;;;;10010;14;;;;;10002.5;0.0
7;9400;INTARIAN_PEPPER_ROOT;20005;12;20003;9;;;20019;12;20020;12;;;20012.0;0.0
7;9500;ASH_COATED_OSMIUM;9993;10;9992;14;9989;28;10009;15;10011;2;10013;13;10001.5;0.0
7;9500;INTARIAN_PEPPER_ROOT;19999;12;19996;11;;;20015;20;20016;8;;;20007.5;0.0
7;9600;ASH_COATED_OSMIUM;9992;4;;;;;10011;13;;;;;10001.5;0.0
7;9600;INTARIAN_PEPPER_ROOT;20002;10;19999;10;19998;8;20019;8;20021;24;20023;12;20010.5;0.0
7;9700;ASH_COATED_OSMIUM;9987;15;;;;;10003;12;;;;;9995.5;0.0
7;9700;INTARIAN_PEPPER_ROOT;20006;12;20005;9;;;20018;9;20019;9;;;20012.0;0.0
7;9800;ASH_COATED_OSMIUM;9992;10;9991;10;;;10008;29;10009;10;;;10000.5;0.0
7;9800;INTARIAN_PEPPER_ROOT;20005;10;20002;11;;;20017;12;20018;11;;;20011.5;0.0
7;9900;ASH_COATED_OSMIUM;9990;14;;;;;10011;12;;;;;10000.5;0.0
7;9900;INTARIAN_PEPPER_ROOT;20003;10;;;;;20016;12;;;;;20010.0;0.0
7;10000;ASH_COATED_OSMIUM;9987;22;9985;12;9982;13;10003;14;10006;14;10009;14;9995.0;0.0
7;10000;INTARIAN_PEPPER_ROOT;20003;7;;;;;20020;10;;;;;20012.0;0.0
7;10100;ASH_COATED_OSMIUM;9987;15;9985;15;;;10003;14;10006;13;;;9995.0;0.0
7;10100;INTARIAN_PEPPER_ROOT;20004;17;;;;;20015;7;;;;;20010.0;0.0
7;10200;ASH_COATED_OSMIUM;9986;12;9984;13;9981;11;10004;22;10007;15;10010;12;9995.0;0.0
7;10200;INTARIAN_PEPPER_ROOT;20007;15;20006;11;;;20019;10;20021;12;;;20013.0;0.0
7;10300;ASH_COATED_OSMIUM;9992;10;9990;12;;;9997;30;10000;15;;;9995.0;0.0
7;10300;INTARIAN_PEPPER_ROOT;20003;8;20001;4;19999;8;20016;9;20018;24;20020;10;20009.5;0.0
7;10400;ASH_COATED_OSMIUM;9992;14;9991;14;;;10008;12;10009;10;;;10000.0;0.0
7;10400;INTARIAN_PEPPER_ROOT;20000;10;19998;8;;;20017;12;20018;11;;;20009.0;0.0
7;10500;ASH_COATED_OSMIUM;9992;15;;;;;10008;15;;;;;10000.5;0.0
7;10500;INTARIAN_PEPPER_ROOT;20004;12;20003;10;20002;10;20017;10;20019;8;20022;15;20011.0;0.0
7;10600;ASH_COATED_OSMIUM;9986;10;9984;13;9981;14;10004;27;10005;11;10008;11;9995.5;0.0
7;10600;INTARIAN_PEPPER_ROOT;20004;9;20001;10;19998;11;20015;8;20016;9;20018;10;20010.0;0.0
7;10700;ASH_COATED_OSMIUM;9987;10;9985;15;9982;5;10005;21;10008;10;10009;11;9996.0;0.0
7;10700;INTARIAN_PEPPER_ROOT;20003;11;20000;22;;;20016;11;20019;8;;;20010.0;0.0
7;10800;ASH_COATED_OSMIUM;9988;13;9987;27;9984;15;10004;13;10005;15;10008;11;9996.0;0.0
7;10800;INTARIAN_PEPPER_ROOT;20009;9;20007;9;;;20021;12;20023;12;;;20015.5;0.0
7;10900;ASH_COATED_OSMIUM;9988;3;9987;24;;;10004;14;10006;28;;;9996.0;0.0
7;10900;INTARIAN_PEPPER_ROOT;20005;11;20002;10;;;20021;10;20023;8;;;20013.0;0.0
7;11000;ASH_COATED_OSMIUM;9987;10;9986;12;9984;13;10003;10;10005;12;10007;13;9995.5;0.0
7;11000;INTARIAN_PEPPER_ROOT;20003;9;20001;11;19999;11;20016;8;20017;11;20019;16;20010.0;0.0
7;11100;ASH_COATED_OSMIUM;9986;11;9983;29;9980;29;10004;15;10005;15;10008;13;9995.0;0.0
7;11100;INTARIAN_PEPPER_ROOT;20007;11;;;;;20020;23;;;;;20013.5;0.0
7;11200;ASH_COATED_OSMIUM;9990;29;9989;13;;;10009;12;10012;10;;;9999.5;0.0
7;11200;INTARIAN_PEPPER_ROOT;20005;9;;;;;20021;8;;;;;20013.0;0.0
7;11300;ASH_COATED_OSMIUM;9985;11;;;;;10004;11;;;;;9994.5;0.0
7;11300;INTARIAN_PEPPER_ROOT;20003;8;;;;;20020;9;;;;;20011.5;0.0
7;11400;ASH_COATED_OSMIUM;9985;12;9983;12;;;10003;13;10005;10;;;9994.0;0.0
7;11400;INTARIAN_PEPPER_ROOT;20001;12;;;;;20013;21;;;;;20007.5;0.0
7;11500;ASH_COATED_OSMIUM;9983;13;9980;15;;;10004;11;10005;12;;;9994.0;0.0
7;11500;INTARIAN_PEPPER_ROOT;20003;11;20000;11;19998;12;20016;10;20018;17;20019;12;20009.5;0.0
7;11600;ASH_COATED_OSMIUM;9991;9;;;;;10007;12;;;;;9999.0;0.0
7;11600;INTARIAN_PEPPER_ROOT;20003;3;20002;12;20001;9;20016;12;20017;12;20020;9;20010.0;0.0
7;11700;ASH_COATED_OSMIUM;9990;12;;;;;10009;13;;;;;9999.5;0.0
7;11700;INTARIAN_PEPPER_ROOT;20001;11;;;;;20016;18;;;;;20008.5;0.0
7;11800;ASH_COATED_OSMIUM;9991;15;;;;;10007;10;;;;;9999.0;0.0
7;11800;INTARIAN_PEPPER_ROOT;20009;8;20006;12;;;20011;11;20014;12;;;20010.0;0.0
7;11900;ASH_COATED_OSMIUM;9985;13;9983;10;9980;11;10001;15;10002;11;10005;11;9993.0;0.0
7;11900;INTARIAN_PEPPER_ROOT;20006;11;20003;19;20001;9;20019;9;20020;11;20022;12;20012.5;0.0
7;12000;ASH_COATED_OSMIUM;9985;15;;;;;10001;12;;;;;9993.0;0.0
7;12000;INTARIAN_PEPPER_ROOT;20006;9;20003;12;;;20018;11;20019;8;;;20012.5;0.0
7;12100;ASH_COATED_OSMIUM;9990;15;9987;15;9985;14;10006;11;10009;13;10010;15;9998.0;0.0
7;12100;INTARIAN_PEPPER_ROOT;20008;9;;;;;20019;10;;;;;20013.5;0.0
7;12200;ASH_COATED_OSMIUM;9988;12;9986;14;;;10009;25;10011;28;;;9998.5;0.0
7;12200;INTARIAN_PEPPER_ROOT;20006;16;;;;;20019;12;;;;;20012.5;0.0
7;12300;ASH_COATED_OSMIUM;9985;10;9982;13;;;10001;10;10004;28;;;9993.5;0.0
7;12300;INTARIAN_PEPPER_ROOT;20007;11;20004;9;;;20019;11;20022;11;;;20013.5;0.0
7;12400;ASH_COATED_OSMIUM;9989;15;9987;13;9984;11;10007;11;10009;15;10011;24;9998.5;0.0
7;12400;INTARIAN_PEPPER_ROOT;20005;8;20003;9;;;20017;9;20020;12;;;20011.5;0.0
7;12500;ASH_COATED_OSMIUM;9985;12;;;;;10001;11;;;;;9993.5;0.0
7;12500;INTARIAN_PEPPER_ROOT;20003;11;;;;;20016;9;;;;;20010.0;0.0
7;12600;ASH_COATED_OSMIUM;9994;15;9992;10;9991;13;10003;10;10006;10;10007;10;9999.0;0.0
7;12600;INTARIAN_PEPPER_ROOT;20002;10;;;;;20018;10;;;;;20010.5;0.0
7;12700;ASH_COATED_OSMIUM;9985;15;9984;15;;;10001;14;10002;14;;;9993.5;0.0
7;12700;INTARIAN_PEPPER_ROOT;20005;8;20004;11;20002;11;20021;9;20024;12;20026;10;20013.5;0.0
7;12800;ASH_COATED_OSMIUM;9985;15;9982;14;;;10001;10;10002;11;;;9993.5;0.0
7;12800;INTARIAN_PEPPER_ROOT;20015;9;20014;12;;;20023;12;20024;12;;;20019.0;0.0
7;12900;ASH_COATED_OSMIUM;9986;13;9983;14;;;10002;22;10004;15;;;9994.0;0.0
7;12900;INTARIAN_PEPPER_ROOT;20007;10;20005;12;20002;11;20020;24;20023;11;20025;9;20013.5;0.0
7;13000;ASH_COATED_OSMIUM;9991;29;9990;10;;;10007;10;10010;12;;;9999.0;0.0
7;13000;INTARIAN_PEPPER_ROOT;20006;9;;;;;20017;8;;;;;20011.5;0.0
7;13100;ASH_COATED_OSMIUM;9989;10;9987;10;;;10008;13;10011;13;;;9999.0;0.0
7;13100;INTARIAN_PEPPER_ROOT;20002;11;;;;;20019;4;;;;;20011.0;0.0
7;13200;ASH_COATED_OSMIUM;9991;10;9990;14;;;10007;21;10010;10;;;9999.5;0.0
7;13200;INTARIAN_PEPPER_ROOT;20006;20;20004;8;;;20020;10;20021;11;;;20013.0;0.0
7;13300;ASH_COATED_OSMIUM;9986;14;9984;15;9981;15;10002;14;10004;12;10005;14;9994.0;0.0
7;13300;INTARIAN_PEPPER_ROOT;20003;15;20001;10;;;20017;8;20020;11;;;20010.5;0.0
7;13400;ASH_COATED_OSMIUM;9986;15;9984;10;9982;14;10002;14;10004;14;10006;22;9994.0;0.0
7;13400;INTARIAN_PEPPER_ROOT;20007;9;20004;10;;;20021;10;20024;12;;;20014.5;0.0
7;13500;ASH_COATED_OSMIUM;9991;14;9988;25;;;10007;12;10009;11;;;9999.0;0.0
7;13500;INTARIAN_PEPPER_ROOT;20008;8;;;;;20013;11;;;;;20010.5;0.0
7;13600;ASH_COATED_OSMIUM;9986;10;9983;10;;;10002;14;10003;13;;;9994.0;0.0
7;13600;INTARIAN_PEPPER_ROOT;20007;9;20004;9;20002;10;20021;9;20022;10;20025;12;20014.0;0.0
7;13700;ASH_COATED_OSMIUM;9986;10;;;;;10002;15;;;;;9994.0;0.0
7;13700;INTARIAN_PEPPER_ROOT;20009;9;20007;10;;;20020;23;20022;10;;;20014.5;0.0
7;13800;ASH_COATED_OSMIUM;9986;13;;;;;10002;11;;;;;9994.0;0.0
7;13800;INTARIAN_PEPPER_ROOT;20010;11;20008;8;;;20019;10;20022;10;;;20015.0;0.0
7;13900;ASH_COATED_OSMIUM;9986;14;;;;;10002;20;;;;;9994.0;0.0
7;13900;INTARIAN_PEPPER_ROOT;20009;12;20007;8;;;20020;15;20023;10;;;20015.0;0.0
7;14000;ASH_COATED_OSMIUM;9995;14;9993;11;;;10004;10;10007;10;;;9999.5;0.0
7;14000;INTARIAN_PEPPER_ROOT;20008;11;20007;11;20004;10;20024;10;20025;12;20027;10;20016.0;0.0
7;14100;ASH_COATED_OSMIUM;9986;4;;;;;10002;12;;;;;9994.0;0.0
7;14100;INTARIAN_PEPPER_ROOT;20005;9;;;;;20019;8;;;;;20012.0;0.0
7;14200;ASH_COATED_OSMIUM;9990;15;9988;13;;;10009;13;10011;10;;;9999.5;0.0
7;14200;INTARIAN_PEPPER_ROOT;20004;9;;;;;20016;8;;;;;20010.5;0.0
7;14300;ASH_COATED_OSMIUM;9985;15;9982;11;9979;15;10003;15;10006;11;10008;21;9994.0;0.0
7;14300;INTARIAN_PEPPER_ROOT;20006;9;;;;;20020;11;;;;;20013.0;0.0
7;14400;ASH_COATED_OSMIUM;9985;2;9983;13;;;10003;11;10005;25;;;9994.0;0.0
7;14400;INTARIAN_PEPPER_ROOT;20011;8;20008;9;20005;11;20024;17;20025;10;20028;11;20017.5;0.0
7;14500;ASH_COATED_OSMIUM;9990;10;9987;12;;;10009;11;10011;10;;;10000.0;0.0
7;14500;INTARIAN_PEPPER_ROOT;20006;8;;;;;20022;23;;;;;20014.5;0.0
7;14600;ASH_COATED_OSMIUM;9996;6;9993;14;;;10004;14;10005;11;;;10000.5;0.0
7;14600;INTARIAN_PEPPER_ROOT;20008;11;20007;9;20006;8;20024;10;20027;10;20028;12;20016.5;0.0
7;14700;ASH_COATED_OSMIUM;9986;12;9985;13;;;10005;14;10008;12;;;9995.5;0.0
7;14700;INTARIAN_PEPPER_ROOT;20007;10;20004;5;;;20024;16;20027;10;;;20015.5;0.0
7;14800;ASH_COATED_OSMIUM;9987;15;;;;;10003;12;;;;;9995.0;0.0
7;14800;INTARIAN_PEPPER_ROOT;20012;11;20011;8;;;20025;25;20027;9;;;20018.5;0.0
7;14900;ASH_COATED_OSMIUM;9992;11;9990;28;9989;13;10008;8;10011;15;10012;11;10000.5;0.0
7;14900;INTARIAN_PEPPER_ROOT;20005;12;20004;8;20003;10;20018;21;20021;12;20024;8;20012.0;0.0
7;15000;ASH_COATED_OSMIUM;9984;14;9982;12;;;10005;10;10006;13;;;9995.0;0.0
7;15000;INTARIAN_PEPPER_ROOT;20011;11;20008;8;;;20025;9;20028;9;;;20018.0;0.0
7;15100;ASH_COATED_OSMIUM;9992;11;9989;30;;;10008;11;10011;10;;;10000.5;0.0
7;15100;INTARIAN_PEPPER_ROOT;20010;9;;;;;20023;11;;;;;20017.0;0.0
7;15200;ASH_COATED_OSMIUM;9986;13;9985;11;9982;13;10002;28;10003;12;10005;15;9994.5;0.0
7;15200;INTARIAN_PEPPER_ROOT;20009;12;;;;;20021;10;;;;;20015.5;0.0
7;15300;ASH_COATED_OSMIUM;9990;13;9988;12;;;10009;10;10012;14;;;10000.0;0.0
7;15300;INTARIAN_PEPPER_ROOT;20009;10;20006;9;20003;9;20021;8;20023;12;20024;7;20015.0;0.0
7;15400;ASH_COATED_OSMIUM;9992;15;9990;13;9989;13;10008;12;10010;10;10012;24;10000.0;0.0
7;15400;INTARIAN_PEPPER_ROOT;20007;9;;;;;20018;22;;;;;20013.0;0.0
7;15500;ASH_COATED_OSMIUM;9990;11;;;;;10001;14;;;;;9995.5;0.0
7;15500;INTARIAN_PEPPER_ROOT;20008;11;20005;10;20003;25;20024;9;20025;9;20027;9;20016.5;0.0
7;15600;ASH_COATED_OSMIUM;9984;12;;;;;10005;13;;;;;9994.5;0.0
7;15600;INTARIAN_PEPPER_ROOT;20007;9;;;;;20018;11;;;;;20013.0;0.0
7;15700;ASH_COATED_OSMIUM;9985;14;9982;10;;;10003;13;10004;15;;;9994.0;0.0
7;15700;INTARIAN_PEPPER_ROOT;20009;8;;;;;20021;17;;;;;20015.5;0.0
7;15800;ASH_COATED_OSMIUM;9990;15;9989;15;;;10006;13;10009;23;;;9998.5;0.0
7;15800;INTARIAN_PEPPER_ROOT;20008;10;20005;12;;;20020;9;20023;11;;;20014.5;0.0
7;15900;ASH_COATED_OSMIUM;9990;14;;;;;10006;11;;;;;9998.5;0.0
7;15900;INTARIAN_PEPPER_ROOT;20008;11;20007;24;;;20026;8;20027;8;;;20017.5;0.0
7;16000;ASH_COATED_OSMIUM;9984;12;9983;23;9981;14;10002;2;10005;14;10006;15;9993.0;0.0
7;16000;INTARIAN_PEPPER_ROOT;20010;11;20008;12;20007;11;20023;8;20025;11;20026;12;20017.0;0.0
7;16100;ASH_COATED_OSMIUM;9990;13;9988;11;;;10006;13;10009;11;;;9998.5;0.0
7;16100;INTARIAN_PEPPER_ROOT;20010;12;20009;10;;;20024;11;20025;9;;;20017.0;0.0
7;16200;ASH_COATED_OSMIUM;9993;11;9991;13;9988;11;10003;11;10004;10;10005;15;9998.5;0.0
7;16200;INTARIAN_PEPPER_ROOT;20010;11;20009;10;;;20022;8;20025;12;;;20016.5;0.0
7;16300;ASH_COATED_OSMIUM;9988;10;9985;13;;;9998;10;9999;13;;;9993.0;0.0
7;16300;INTARIAN_PEPPER_ROOT;20013;12;20011;10;20009;11;20026;8;20028;11;20031;18;20019.5;0.0
7;16400;ASH_COATED_OSMIUM;9988;10;;;;;10009;11;;;;;9998.5;0.0
7;16400;INTARIAN_PEPPER_ROOT;20017;10;20015;11;;;20028;12;20030;11;;;20022.5;0.0
7;16500;ASH_COATED_OSMIUM;9990;15;9987;4;9986;10;10008;14;10009;10;10011;10;9999.5;0.0
7;16500;INTARIAN_PEPPER_ROOT;20010;10;20007;9;20006;10;20023;9;20025;11;20028;11;20016.5;0.0
7;16600;ASH_COATED_OSMIUM;9985;15;9984;14;;;10003;10;10006;2;;;9994.0;0.0
7;16600;INTARIAN_PEPPER_ROOT;20009;12;20006;12;;;20025;10;20026;8;;;20017.0;0.0
7;16700;ASH_COATED_OSMIUM;9990;9;;;;;10008;11;;;;;9999.5;0.0
7;16700;INTARIAN_PEPPER_ROOT;20011;10;20010;9;;;20023;8;20026;8;;;20017.5;0.0
7;16800;ASH_COATED_OSMIUM;9993;9;9991;10;;;10009;30;10010;10;;;10001.0;0.0
7;16800;INTARIAN_PEPPER_ROOT;20010;8;;;;;20022;12;;;;;20016.0;0.0
7;16900;ASH_COATED_OSMIUM;9985;22;9983;15;;;10006;10;10009;10;;;9996.0;0.0
7;16900;INTARIAN_PEPPER_ROOT;20008;10;20006;11;;;20023;9;20026;11;;;20016.0;0.0
7;17000;ASH_COATED_OSMIUM;9993;13;;;;;10009;12;;;;;10001.0;0.0
7;17000;INTARIAN_PEPPER_ROOT;20009;9;20006;12;;;20025;11;20027;8;;;20017.5;0.0
7;17100;ASH_COATED_OSMIUM;9988;13;;;;;10004;24;;;;;9996.0;0.0
7;17100;INTARIAN_PEPPER_ROOT;20011;25;;;;;20023;10;;;;;20017.0;0.0
7;17200;ASH_COATED_OSMIUM;9993;15;;;;;10009;10;;;;;10001.0;0.0
7;17200;INTARIAN_PEPPER_ROOT;20010;11;20009;10;;;20022;12;20023;5;;;20016.5;0.0
7;17300;ASH_COATED_OSMIUM;9994;29;;;;;10010;2;;;;;10002.0;0.0
7;17300;INTARIAN_PEPPER_ROOT;20014;11;;;;;20027;24;;;;;20021.0;0.0
7;17400;ASH_COATED_OSMIUM;9993;11;9992;11;9989;15;10011;14;10014;29;10017;12;10002.5;0.0
7;17400;INTARIAN_PEPPER_ROOT;20007;11;;;;;20021;20;;;;;20014.0;0.0
7;17500;ASH_COATED_OSMIUM;9995;15;9994;15;;;10011;13;10013;10;;;10003.0;0.0
7;17500;INTARIAN_PEPPER_ROOT;20013;12;20011;11;20009;9;20026;12;20027;16;20030;8;20020.0;0.0
7;17600;ASH_COATED_OSMIUM;9995;10;;;;;10011;15;;;;;10003.0;0.0
7;17600;INTARIAN_PEPPER_ROOT;20008;10;20006;10;;;20025;10;20028;9;;;20017.0;0.0
7;17700;ASH_COATED_OSMIUM;9989;13;9987;11;9984;10;10005;11;10007;13;10008;14;9997.5;0.0
7;17700;INTARIAN_PEPPER_ROOT;20007;11;20005;8;;;20020;10;20023;10;;;20014.0;0.0
7;17800;ASH_COATED_OSMIUM;9995;24;9992;10;;;10011;12;10014;13;;;10003.0;0.0
7;17800;INTARIAN_PEPPER_ROOT;20008;12;20006;8;20005;12;20020;8;20022;8;20023;9;20014.5;0.0
7;17900;ASH_COATED_OSMIUM;9994;15;;;;;10012;13;;;;;10003.0;0.0
7;17900;INTARIAN_PEPPER_ROOT;20013;11;;;;;20026;8;;;;;20020.0;0.0
7;18000;ASH_COATED_OSMIUM;9988;14;9985;13;9982;13;10007;10;10008;28;10010;25;9997.5;0.0
7;18000;INTARIAN_PEPPER_ROOT;20012;11;;;;;20027;8;;;;;20020.0;0.0
7;18100;ASH_COATED_OSMIUM;9988;20;;;;;10006;14;;;;;9997.5;0.0
7;18100;INTARIAN_PEPPER_ROOT;20010;10;;;;;20022;9;;;;;20016.0;0.0
7;18200;ASH_COATED_OSMIUM;9989;10;;;;;10007;13;;;;;9998.0;0.0
7;18200;INTARIAN_PEPPER_ROOT;20010;11;20009;12;20006;11;20022;12;20024;12;20025;8;20016.0;0.0
7;18300;ASH_COATED_OSMIUM;9995;12;;;;;10011;13;;;;;10003.0;0.0
7;18300;INTARIAN_PEPPER_ROOT;20011;10;20008;10;;;20024;10;20025;10;;;20018.0;0.0
7;18400;ASH_COATED_OSMIUM;9989;15;9988;14;9986;14;10005;13;10006;11;10008;15;9997.5;0.0
7;18400;INTARIAN_PEPPER_ROOT;20010;9;20008;23;20006;8;20024;11;20025;9;20026;12;20017.5;0.0
7;18500;ASH_COATED_OSMIUM;9988;14;9986;13;9985;28;10007;11;10009;15;10011;13;9998.0;0.0
7;18500;INTARIAN_PEPPER_ROOT;20016;9;20013;8;;;20031;25;20033;8;;;20024.0;0.0
7;18600;ASH_COATED_OSMIUM;9990;14;9988;12;;;10006;10;10008;12;;;9998.5;0.0
7;18600;INTARIAN_PEPPER_ROOT;20012;11;;;;;20024;8;;;;;20018.5;0.0
7;18700;ASH_COATED_OSMIUM;9988;25;9987;14;9985;15;10006;11;10007;14;10009;14;9997.5;0.0
7;18700;INTARIAN_PEPPER_ROOT;20012;12;20011;10;;;20026;10;20027;9;;;20019.0;0.0
7;18800;ASH_COATED_OSMIUM;9994;12;;;;;10010;13;;;;;10002.5;0.0
7;18800;INTARIAN_PEPPER_ROOT;20011;9;20009;10;;;20023;12;20026;8;;;20017.5;0.0
7;18900;ASH_COATED_OSMIUM;9995;11;9993;12;9990;14;10011;28;10014;28;10016;12;10003.0;0.0
7;18900;INTARIAN_PEPPER_ROOT;20014;9;;;;;20026;7;;;;;20020.0;0.0
7;19000;ASH_COATED_OSMIUM;9995;10;9993;23;;;10011;15;10013;12;;;10003.0;0.0
7;19000;INTARIAN_PEPPER_ROOT;20012;9;20011;10;20009;11;20025;8;20027;10;20029;8;20019.0;0.0
7;19100;ASH_COATED_OSMIUM;9988;13;9985;14;9983;11;10007;14;10008;30;10011;30;9997.5;0.0
7;19100;INTARIAN_PEPPER_ROOT;20011;9;20010;8;20008;11;20025;9;20028;12;20029;8;20018.5;0.0
7;19200;ASH_COATED_OSMIUM;9989;12;9987;29;9986;24;10005;10;10006;11;10008;15;9997.5;0.0
7;19200;INTARIAN_PEPPER_ROOT;20012;16;;;;;20025;10;;;;;20018.5;0.0
7;19300;ASH_COATED_OSMIUM;9989;13;;;;;10005;23;;;;;9997.0;0.0
7;19300;INTARIAN_PEPPER_ROOT;20012;23;20010;19;;;20026;9;20028;11;;;20019.5;0.0
7;19400;ASH_COATED_OSMIUM;9989;11;;;;;10005;15;;;;;9997.0;0.0
7;19400;INTARIAN_PEPPER_ROOT;20007;9;20006;4;20004;11;20021;20;20024;10;20025;11;20014.5;0.0
7;19500;ASH_COATED_OSMIUM;9993;26;9990;15;;;10001;13;10003;12;;;9997.5;0.0
7;19500;INTARIAN_PEPPER_ROOT;20014;9;20011;12;20008;8;20025;8;20028;11;20030;8;20020.0;0.0
7;19600;ASH_COATED_OSMIUM;9988;12;;;;;10006;15;;;;;9997.0;0.0
7;19600;INTARIAN_PEPPER_ROOT;20019;9;20018;23;;;20021;10;20022;12;;;20020.5;0.0
7;19700;ASH_COATED_OSMIUM;9989;10;;;;;10005;13;;;;;9997.0;0.0
7;19700;INTARIAN_PEPPER_ROOT;20014;8;;;;;20026;12;;;;;20020.0;0.0
7;19800;ASH_COATED_OSMIUM;9994;12;;;;;10010;12;;;;;10002.0;0.0
7;19800;INTARIAN_PEPPER_ROOT;20010;8;20008;25;20005;11;20028;12;20031;8;20032;9;20019.5;0.0
7;19900;ASH_COATED_OSMIUM;9991;10;9989;24;;;10003;13;10006;11;;;9997.0;0.0
7;19900;INTARIAN_PEPPER_ROOT;20013;11;20011;8;20009;10;20026;8;20028;11;20029;9;20019.5;0.0
7;20000;ASH_COATED_OSMIUM;9999;13;9998;15;;;10008;15;10010;15;;;10003.5;0.0
7;20000;INTARIAN_PEPPER_ROOT;20014;11;;;;;20027;11;;;;;20020.5;0.0
7;20100;ASH_COATED_OSMIUM;9994;13;9991;25;;;10010;13;10013;14;;;10002.5;0.0
7;20100;INTARIAN_PEPPER_ROOT;20016;10;20015;19;;;20027;10;20030;11;;;20021.5;0.0
7;20200;ASH_COATED_OSMIUM;9988;15;9985;26;;;10006;15;10007;10;;;9997.0;0.0
7;20200;INTARIAN_PEPPER_ROOT;20014;9;;;;;20025;11;;;;;20020.0;0.0
7;20300;ASH_COATED_OSMIUM;9986;15;9984;20;9983;15;10007;11;10008;25;10010;15;9997.0;0.0
7;20300;INTARIAN_PEPPER_ROOT;20021;12;;;;;20033;11;;;;;20027.0;0.0
7;20400;ASH_COATED_OSMIUM;9989;10;9988;15;;;10005;10;10008;10;;;9997.0;0.0
7;20400;INTARIAN_PEPPER_ROOT;20011;8;20008;11;20006;10;20023;10;20026;8;20027;15;20017.5;0.0
7;20500;ASH_COATED_OSMIUM;9996;26;9995;10;;;10009;11;10012;14;;;10002.5;0.0
7;20500;INTARIAN_PEPPER_ROOT;20015;9;20013;11;;;20029;11;20030;8;;;20022.5;0.0
7;20600;ASH_COATED_OSMIUM;9992;10;9989;15;;;10013;12;10016;10;;;10003.0;0.0
7;20600;INTARIAN_PEPPER_ROOT;20014;9;;;;;20028;8;;;;;20021.0;0.0
7;20700;ASH_COATED_OSMIUM;9990;13;9987;11;9985;20;10006;10;10008;12;10009;15;9998.0;0.0
7;20700;INTARIAN_PEPPER_ROOT;20015;12;20014;9;;;20031;9;20034;9;;;20023.5;0.0
7;20800;ASH_COATED_OSMIUM;9993;10;9991;12;;;10012;14;10015;30;;;10002.5;0.0
7;20800;INTARIAN_PEPPER_ROOT;20014;12;;;;;20028;12;;;;;20021.0;0.0
7;20900;ASH_COATED_OSMIUM;9987;12;9986;14;9985;14;10006;14;10009;4;10012;14;9997.0;0.0
7;20900;INTARIAN_PEPPER_ROOT;20016;10;20015;12;;;20031;10;20033;9;;;20023.5;0.0
7;21000;ASH_COATED_OSMIUM;9992;14;;;;;10011;13;;;;;10002.0;0.0
7;21000;INTARIAN_PEPPER_ROOT;20013;9;;;;;20029;10;;;;;20021.5;0.0
7;21100;ASH_COATED_OSMIUM;9993;24;;;;;10009;12;;;;;10001.5;0.0
7;21100;INTARIAN_PEPPER_ROOT;20015;8;;;;;20030;8;;;;;20023.0;0.0
7;21200;ASH_COATED_OSMIUM;9989;2;9988;14;;;10005;15;10007;14;;;9997.5;0.0
7;21200;INTARIAN_PEPPER_ROOT;20014;9;20012;12;;;20026;10;20029;9;;;20020.5;0.0
7;21300;ASH_COATED_OSMIUM;9988;15;;;;;10007;2;;;;;9997.5;0.0
7;21300;INTARIAN_PEPPER_ROOT;20018;9;20016;11;;;20025;11;20028;11;;;20022.0;0.0
7;21400;ASH_COATED_OSMIUM;9999;14;9997;10;9994;15;10004;1;10006;13;10007;11;10002.0;0.0
7;21400;INTARIAN_PEPPER_ROOT;20015;21;20013;12;20011;8;20028;10;20031;8;20034;7;20021.5;0.0
7;21500;ASH_COATED_OSMIUM;9988;12;;;;;10004;14;;;;;9996.5;0.0
7;21500;INTARIAN_PEPPER_ROOT;20015;11;20013;8;20011;11;20027;9;20030;19;20031;12;20021.5;0.0
7;21600;ASH_COATED_OSMIUM;9987;12;9985;25;;;10005;10;10006;13;;;9996.5;0.0
7;21600;INTARIAN_PEPPER_ROOT;20016;9;;;;;20031;24;;;;;20023.5;0.0
7;21700;ASH_COATED_OSMIUM;9988;13;9987;20;;;10004;15;10005;2;;;9996.5;0.0
7;21700;INTARIAN_PEPPER_ROOT;20014;17;20011;9;20010;24;20028;8;20029;12;20032;9;20021.5;0.0
7;21800;ASH_COATED_OSMIUM;9989;12;9988;11;;;10005;11;10007;15;;;9997.0;0.0
7;21800;INTARIAN_PEPPER_ROOT;20016;12;20015;8;;;20028;10;20029;11;;;20022.0;0.0
7;21900;ASH_COATED_OSMIUM;9994;10;9991;12;;;10012;13;10013;14;;;10003.0;0.0
7;21900;INTARIAN_PEPPER_ROOT;20016;12;;;;;20030;19;;;;;20023.5;0.0
7;22000;ASH_COATED_OSMIUM;9990;12;9988;12;;;10006;14;10008;11;;;9998.5;0.0
7;22000;INTARIAN_PEPPER_ROOT;20015;10;;;;;20028;9;;;;;20022.0;0.0
7;22100;ASH_COATED_OSMIUM;9990;12;9989;10;9986;10;10006;26;10008;20;10009;25;9998.5;0.0
7;22100;INTARIAN_PEPPER_ROOT;20015;8;20012;10;;;20028;11;20031;12;;;20022.0;0.0
7;22200;ASH_COATED_OSMIUM;9997;11;9996;15;;;10013;4;10015;10;;;10005.0;0.0
7;22200;INTARIAN_PEPPER_ROOT;20014;3;20011;10;20009;12;20028;12;20030;9;20032;9;20021.5;0.0
7;22300;ASH_COATED_OSMIUM;9990;15;9989;13;;;10009;10;10010;12;;;10000.0;0.0
7;22300;INTARIAN_PEPPER_ROOT;20012;10;20010;9;20009;9;20025;10;20028;19;20031;12;20019.0;0.0
7;22400;ASH_COATED_OSMIUM;9992;14;;;;;10008;11;;;;;10000.0;0.0
7;22400;INTARIAN_PEPPER_ROOT;20015;9;20012;10;20009;12;20028;10;20029;21;20031;8;20022.0;0.0
7;22500;ASH_COATED_OSMIUM;9997;21;;;;;10013;12;;;;;10005.5;0.0
7;22500;INTARIAN_PEPPER_ROOT;20016;12;20013;12;20012;12;20027;12;20030;11;20031;12;20021.5;0.0
7;22600;ASH_COATED_OSMIUM;9996;14;9995;12;9992;23;10003;11;10006;13;10007;10;10000.0;0.0
7;22600;INTARIAN_PEPPER_ROOT;20015;21;20014;9;;;20028;10;20031;11;;;20022.0;0.0
7;22700;ASH_COATED_OSMIUM;9992;14;9991;12;9990;15;10008;11;10010;12;10011;10;10000.0;0.0
7;22700;INTARIAN_PEPPER_ROOT;20017;18;20016;8;;;20030;10;20033;10;;;20024.0;0.0
7;22800;ASH_COATED_OSMIUM;9991;14;9989;15;9987;14;10007;10;10009;29;10010;24;9999.5;0.0
7;22800;INTARIAN_PEPPER_ROOT;20018;11;20015;20;20014;12;20030;8;20031;24;20033;10;20024.5;0.0
7;22900;ASH_COATED_OSMIUM;9991;12;9988;15;;;10007;10;10008;27;;;9999.5;0.0
7;22900;INTARIAN_PEPPER_ROOT;20016;9;20015;10;;;20028;9;20030;8;;;20022.0;0.0
7;23000;ASH_COATED_OSMIUM;9992;12;9991;11;9989;15;10008;11;10011;12;10012;20;10000.0;0.0
7;23000;INTARIAN_PEPPER_ROOT;20010;8;20008;9;;;20024;9;20026;11;;;20017.5;0.0
7;23100;ASH_COATED_OSMIUM;9995;15;9994;15;9992;14;10014;3;10017;15;10019;11;10005.0;0.0
7;23100;INTARIAN_PEPPER_ROOT;20014;8;20012;8;20011;10;20031;11;20032;12;20033;9;20023.0;0.0
7;23200;ASH_COATED_OSMIUM;9992;10;9990;14;9987;10;10008;14;10009;12;10010;15;10000.0;0.0
7;23200;INTARIAN_PEPPER_ROOT;20020;8;20019;10;;;20032;9;20034;12;;;20026.5;0.0
7;23300;ASH_COATED_OSMIUM;9992;13;;;;;10008;12;;;;;10000.0;0.0
7;23300;INTARIAN_PEPPER_ROOT;20014;24;20012;11;;;20030;10;20033;10;;;20022.5;0.0
7;23400;ASH_COATED_OSMIUM;9995;2;9994;13;;;10014;28;10016;11;;;10005.0;0.0
7;23400;INTARIAN_PEPPER_ROOT;20016;10;20015;11;20014;10;20030;10;20032;12;20035;11;20023.0;0.0
7;23500;ASH_COATED_OSMIUM;9991;11;9989;11;;;10007;20;10009;15;;;9999.5;0.0
7;23500;INTARIAN_PEPPER_ROOT;20025;9;20023;10;20021;10;20027;8;20030;9;20033;9;20026.0;0.0
7;23600;ASH_COATED_OSMIUM;9997;15;9994;27;9992;10;10013;11;10014;13;10017;11;10005.0;0.0
7;23600;INTARIAN_PEPPER_ROOT;20020;12;;;;;20033;11;;;;;20026.5;0.0
7;23700;ASH_COATED_OSMIUM;9992;14;9991;2;;;10008;14;10011;12;;;10000.0;0.0
7;23700;INTARIAN_PEPPER_ROOT;20017;11;20015;9;;;20031;17;20033;8;;;20024.0;0.0
7;23800;ASH_COATED_OSMIUM;9992;14;9989;28;;;10008;27;10011;12;;;10000.0;0.0
7;23800;INTARIAN_PEPPER_ROOT;20015;12;20014;11;;;20028;9;20030;11;;;20021.5;0.0
7;23900;ASH_COATED_OSMIUM;9996;23;9995;29;;;10012;13;10015;15;;;10004.5;0.0
7;23900;INTARIAN_PEPPER_ROOT;20019;10;20017;12;;;20030;11;20033;9;;;20025.0;0.0
7;24000;ASH_COATED_OSMIUM;9990;11;9988;12;9985;15;10008;13;10009;14;10011;27;9999.5;0.0
7;24000;INTARIAN_PEPPER_ROOT;20016;8;20013;12;;;20029;16;20030;16;;;20023.0;0.0
7;24100;ASH_COATED_OSMIUM;9990;15;9988;13;;;10009;11;10012;14;;;10000.0;0.0
7;24100;INTARIAN_PEPPER_ROOT;20019;21;20017;8;;;20031;9;20034;11;;;20025.5;0.0
7;24200;ASH_COATED_OSMIUM;9990;12;;;;;10009;14;;;;;10000.0;0.0
7;24200;INTARIAN_PEPPER_ROOT;20014;9;20012;8;20011;9;20029;8;20032;8;20035;10;20022.0;0.0
7;24300;ASH_COATED_OSMIUM;9997;12;9995;21;;;10013;26;10016;29;;;10005.5;0.0
7;24300;INTARIAN_PEPPER_ROOT;20020;8;;;;;20033;12;;;;;20027.0;0.0
7;24400;ASH_COATED_OSMIUM;9992;15;9991;21;;;10008;14;10009;12;;;10000.0;0.0
7;24400;INTARIAN_PEPPER_ROOT;20012;10;;;;;20028;10;;;;;20020.0;0.0
7;24500;ASH_COATED_OSMIUM;9997;10;9994;11;;;10013;13;10014;30;;;10005.5;0.0
7;24500;INTARIAN_PEPPER_ROOT;20019;12;;;;;20030;23;;;;;20024.5;0.0
7;24600;ASH_COATED_OSMIUM;9997;14;;;;;10013;10;;;;;10005.5;0.0
7;24600;INTARIAN_PEPPER_ROOT;20024;11;20021;11;;;20037;25;20040;15;;;20030.5;0.0
7;24700;ASH_COATED_OSMIUM;9994;23;9993;25;;;10004;23;10005;13;;;9999.5;0.0
7;24700;INTARIAN_PEPPER_ROOT;20018;9;20016;18;;;20034;22;20037;10;;;20026.5;0.0
7;24800;ASH_COATED_OSMIUM;9996;12;;;;;10015;5;;;;;10005.5;0.0
7;24800;INTARIAN_PEPPER_ROOT;20014;9;;;;;20028;12;;;;;20021.5;0.0
7;24900;ASH_COATED_OSMIUM;9999;25;9997;27;;;10012;12;10015;13;;;10005.5;0.0
7;24900;INTARIAN_PEPPER_ROOT;20016;12;20015;12;20013;11;20029;19;20032;12;20035;10;20022.5;0.0
7;25000;ASH_COATED_OSMIUM;9996;24;9995;15;;;10014;14;10017;20;;;10005.5;0.0
7;25000;INTARIAN_PEPPER_ROOT;20015;11;;;;;20032;10;;;;;20023.5;0.0
7;25100;ASH_COATED_OSMIUM;9994;11;9992;10;9989;11;10004;27;10006;15;10008;13;9999.0;0.0
7;25100;INTARIAN_PEPPER_ROOT;20017;12;20014;17;;;20031;12;20033;9;;;20024.0;0.0
7;25200;ASH_COATED_OSMIUM;9996;14;;;;;10012;11;;;;;10004.0;0.0
7;25200;INTARIAN_PEPPER_ROOT;20016;12;20013;11;;;20028;10;20030;9;;;20022.5;0.0
7;25300;ASH_COATED_OSMIUM;9990;14;9989;10;;;10006;13;10008;12;;;9998.0;0.0
7;25300;INTARIAN_PEPPER_ROOT;20020;11;20019;8;;;20031;12;20034;9;;;20025.5;0.0
7;25400;ASH_COATED_OSMIUM;9995;13;;;;;10011;14;;;;;10003.0;0.0
7;25400;INTARIAN_PEPPER_ROOT;20019;9;;;;;20032;10;;;;;20026.0;0.0
7;25500;ASH_COATED_OSMIUM;9993;13;9990;14;;;10012;14;10014;11;;;10003.0;0.0
7;25500;INTARIAN_PEPPER_ROOT;20024;16;20022;11;;;20035;12;20036;8;;;20029.5;0.0
7;25600;ASH_COATED_OSMIUM;9995;14;;;;;10011;13;;;;;10003.5;0.0
7;25600;INTARIAN_PEPPER_ROOT;20020;10;20018;9;;;20032;11;20035;10;;;20026.5;0.0
7;25700;ASH_COATED_OSMIUM;9999;11;;;;;10006;13;;;;;10003.0;0.0
7;25700;INTARIAN_PEPPER_ROOT;20025;12;20022;8;;;20028;8;20029;11;;;20026.5;0.0
7;25800;ASH_COATED_OSMIUM;9995;10;9993;12;;;10011;11;10013;11;;;10003.5;0.0
7;25800;INTARIAN_PEPPER_ROOT;20019;23;;;;;20035;25;;;;;20027.0;0.0
7;25900;ASH_COATED_OSMIUM;9998;10;9997;11;9996;12;10008;13;10009;10;10010;12;10003.5;0.0
7;25900;INTARIAN_PEPPER_ROOT;20020;18;20017;10;20015;19;20034;11;20035;8;20037;11;20027.0;0.0
7;26000;ASH_COATED_OSMIUM;9990;27;9989;14;;;10006;15;10009;14;;;9998.5;0.0
7;26000;INTARIAN_PEPPER_ROOT;20023;11;;;;;20034;11;;;;;20029.0;0.0
7;26100;ASH_COATED_OSMIUM;9991;15;;;;;10007;28;;;;;9999.0;0.0
7;26100;INTARIAN_PEPPER_ROOT;20021;20;20020;10;;;20034;9;20035;11;;;20028.0;0.0
7;26200;ASH_COATED_OSMIUM;9995;30;;;;;10013;13;;;;;10004.0;0.0
7;26200;INTARIAN_PEPPER_ROOT;20020;9;;;;;20033;22;;;;;20027.0;0.0
7;26300;ASH_COATED_OSMIUM;9991;15;;;;;10007;2;;;;;9999.0;0.0
7;26300;INTARIAN_PEPPER_ROOT;20019;10;20017;22;;;20035;11;20038;21;;;20027.0;0.0
7;26400;ASH_COATED_OSMIUM;9991;12;9988;14;;;10007;10;10009;14;;;9999.5;0.0
7;26400;INTARIAN_PEPPER_ROOT;20026;10;;;;;20028;19;;;;;20027.5;0.0
7;26500;ASH_COATED_OSMIUM;9995;12;9994;12;;;10014;10;10016;11;;;10004.5;0.0
7;26500;INTARIAN_PEPPER_ROOT;20020;12;20018;9;20016;12;20033;11;20034;9;20035;21;20027.0;0.0
7;26600;ASH_COATED_OSMIUM;9996;7;9993;15;;;10012;15;10014;10;;;10004.5;0.0
7;26600;INTARIAN_PEPPER_ROOT;20020;10;20017;12;;;20034;12;20037;9;;;20027.0;0.0
7;26700;ASH_COATED_OSMIUM;9996;22;9994;14;9992;13;10014;13;10015;12;10016;12;10005.0;0.0
7;26700;INTARIAN_PEPPER_ROOT;20019;9;20017;12;20015;9;20033;9;20034;20;20037;8;20026.0;0.0
7;26800;ASH_COATED_OSMIUM;9990;20;9987;14;;;10009;28;10011;14;;;10000.0;0.0
7;26800;INTARIAN_PEPPER_ROOT;20020;16;20017;22;;;20032;11;20033;19;;;20026.0;0.0
7;26900;ASH_COATED_OSMIUM;9997;11;9995;13;;;10013;15;10015;15;;;10005.0;0.0
7;26900;INTARIAN_PEPPER_ROOT;20019;10;20016;9;;;20031;10;20032;8;;;20025.5;0.0
7;27000;ASH_COATED_OSMIUM;9997;15;9995;10;;;10013;21;10014;11;;;10005.0;0.0
7;27000;INTARIAN_PEPPER_ROOT;20020;10;20018;11;20015;9;20031;8;20034;11;20035;9;20026.0;0.0
7;27100;ASH_COATED_OSMIUM;9992;12;9989;10;9986;12;10008;11;10010;11;10012;14;10000.0;0.0
7;27100;INTARIAN_PEPPER_ROOT;20021;15;;;;;20034;12;;;;;20027.5;0.0
7;27200;ASH_COATED_OSMIUM;9997;11;9994;14;;;10013;15;10016;10;;;10005.0;0.0
7;27200;INTARIAN_PEPPER_ROOT;20021;10;20019;10;;;20036;8;20037;11;;;20028.5;0.0
7;27300;ASH_COATED_OSMIUM;9997;14;;;;;10013;11;;;;;10005.0;0.0
7;27300;INTARIAN_PEPPER_ROOT;20020;10;;;;;20031;12;;;;;20026.0;0.0
7;27400;ASH_COATED_OSMIUM;9996;20;9994;29;;;10012;12;10015;7;;;10004.5;0.0
7;27400;INTARIAN_PEPPER_ROOT;20020;12;;;;;20033;12;;;;;20027.0;0.0
7;27500;ASH_COATED_OSMIUM;9991;11;;;;;10007;13;;;;;9999.5;0.0
7;27500;INTARIAN_PEPPER_ROOT;20025;19;20024;10;20021;22;20038;8;20040;20;20042;24;20032.0;0.0
7;27600;ASH_COATED_OSMIUM;9990;14;9989;12;9987;10;10008;12;10009;15;10012;14;9999.5;0.0
7;27600;INTARIAN_PEPPER_ROOT;20025;8;;;;;20033;11;;;;;20029.5;0.0
7;27700;ASH_COATED_OSMIUM;9990;15;9987;27;9984;14;10008;11;10011;13;10012;15;9999.0;0.0
7;27700;INTARIAN_PEPPER_ROOT;20022;10;20019;10;20017;9;20035;12;20037;11;20039;9;20029.0;0.0
7;27800;ASH_COATED_OSMIUM;9995;11;9994;12;9992;15;10014;11;10016;11;10019;13;10004.5;0.0
7;27800;INTARIAN_PEPPER_ROOT;20024;12;;;;;20037;22;;;;;20031.0;0.0
7;27900;ASH_COATED_OSMIUM;9997;14;9995;15;;;10013;4;10015;11;;;10005.0;0.0
7;27900;INTARIAN_PEPPER_ROOT;20020;21;20018;22;;;20037;17;20038;23;;;20028.5;0.0
7;28000;ASH_COATED_OSMIUM;9994;13;9991;15;;;10004;12;10007;25;;;9999.5;0.0
7;28000;INTARIAN_PEPPER_ROOT;20023;10;;;;;20034;17;;;;;20029.0;0.0
7;28100;ASH_COATED_OSMIUM;9992;13;;;;;10008;30;;;;;10000.0;0.0
7;28100;INTARIAN_PEPPER_ROOT;20022;10;;;;;20034;10;;;;;20028.0;0.0
7;28200;ASH_COATED_OSMIUM;9990;12;9988;14;;;10009;29;10010;15;;;10000.0;0.0
7;28200;INTARIAN_PEPPER_ROOT;20016;20;20014;8;;;20033;9;20035;11;;;20025.0;0.0
7;28300;ASH_COATED_OSMIUM;9991;23;;;;;10007;10;;;;;9999.0;0.0
7;28300;INTARIAN_PEPPER_ROOT;20020;9;20018;10;20016;9;20033;10;20035;8;20038;12;20026.5;0.0
7;28400;ASH_COATED_OSMIUM;9996;10;9995;11;;;10012;10;10015;25;;;10004.0;0.0
7;28400;INTARIAN_PEPPER_ROOT;20018;12;20015;8;20012;11;20030;9;20031;16;20033;12;20024.0;0.0
7;28500;ASH_COATED_OSMIUM;9990;11;9988;12;;;10006;30;10007;11;;;9998.5;0.0
7;28500;INTARIAN_PEPPER_ROOT;20020;9;20019;10;;;20034;12;20036;19;;;20027.5;0.0
7;28600;ASH_COATED_OSMIUM;9990;14;9987;10;9986;28;10006;13;10007;13;10008;10;9998.5;0.0
7;28600;INTARIAN_PEPPER_ROOT;20018;10;20017;11;20014;12;20035;9;20037;11;20039;8;20026.5;0.0
7;28700;ASH_COATED_OSMIUM;9988;12;9987;29;9986;13;10007;13;10010;14;10011;13;9998.0;0.0
7;28700;INTARIAN_PEPPER_ROOT;20023;8;20020;8;20017;9;20037;8;20039;9;20041;9;20030.5;0.0
7;28800;ASH_COATED_OSMIUM;9995;10;9993;15;9992;12;10011;10;10012;13;10014;3;10003.5;0.0
7;28800;INTARIAN_PEPPER_ROOT;20021;12;;;;;20038;9;;;;;20030.0;0.0
7;28900;ASH_COATED_OSMIUM;9990;28;9988;10;9987;13;10006;25;10009;14;10012;14;9998.5;0.0
7;28900;INTARIAN_PEPPER_ROOT;20022;12;20019;11;20017;8;20034;9;20035;8;20038;8;20028.0;0.0
7;29000;ASH_COATED_OSMIUM;9996;15;9993;14;;;10012;24;10013;14;;;10004.0;0.0
7;29000;INTARIAN_PEPPER_ROOT;20023;9;;;;;20037;12;;;;;20030.5;0.0
7;29100;ASH_COATED_OSMIUM;9996;24;;;;;10012;20;;;;;10004.0;0.0
7;29100;INTARIAN_PEPPER_ROOT;20026;9;20025;9;;;20030;10;20033;11;;;20028.0;0.0
7;29200;ASH_COATED_OSMIUM;9989;24;9987;14;;;10007;11;10010;23;;;9998.5;0.0
7;29200;INTARIAN_PEPPER_ROOT;20021;12;;;;;20036;10;;;;;20029.0;0.0
7;29300;ASH_COATED_OSMIUM;9990;25;;;;;10006;13;;;;;9998.5;0.0
7;29300;INTARIAN_PEPPER_ROOT;20025;9;20023;10;20020;9;20027;12;20030;11;20031;10;20026.0;0.0
7;29400;ASH_COATED_OSMIUM;9989;29;9986;23;9984;12;10007;10;10009;15;10012;13;9998.5;0.0
7;29400;INTARIAN_PEPPER_ROOT;20020;9;20018;10;;;20034;10;20036;22;;;20027.5;0.0
7;29500;ASH_COATED_OSMIUM;9990;11;9989;11;9987;29;10006;29;10009;20;10010;12;9998.0;0.0
7;29500;INTARIAN_PEPPER_ROOT;20022;10;;;;;20035;12;;;;;20028.5;0.0
7;29600;ASH_COATED_OSMIUM;9991;12;9989;15;;;10004;20;10006;10;;;9997.5;0.0
7;29600;INTARIAN_PEPPER_ROOT;20023;11;20021;11;20020;10;20037;12;20039;10;20040;11;20030.0;0.0
7;29700;ASH_COATED_OSMIUM;9994;14;9992;12;9990;13;10010;11;10011;11;10013;15;10002.5;0.0
7;29700;INTARIAN_PEPPER_ROOT;20023;9;;;;;20035;15;;;;;20029.0;0.0
7;29800;ASH_COATED_OSMIUM;9989;10;9988;15;;;10005;10;10006;23;;;9997.0;0.0
7;29800;INTARIAN_PEPPER_ROOT;20021;8;20020;8;20019;12;20034;12;20036;9;20038;9;20028.0;0.0
7;29900;ASH_COATED_OSMIUM;9994;10;9991;5;;;10010;15;10012;12;;;10002.0;0.0
7;29900;INTARIAN_PEPPER_ROOT;20024;10;;;;;20038;12;;;;;20031.0;0.0
7;30000;ASH_COATED_OSMIUM;9993;22;9990;12;;;10011;10;10014;14;;;10002.5;0.0
7;30000;INTARIAN_PEPPER_ROOT;20024;12;20023;10;;;20037;8;20040;9;;;20030.5;0.0
7;30100;ASH_COATED_OSMIUM;9997;13;9995;14;;;10007;15;10010;14;;;10002.5;0.0
7;30100;INTARIAN_PEPPER_ROOT;20022;20;20019;9;;;20038;8;20040;10;;;20030.5;0.0
7;30200;ASH_COATED_OSMIUM;9993;12;9992;20;9989;13;10012;29;10014;14;10017;11;10002.5;0.0
7;30200;INTARIAN_PEPPER_ROOT;20018;8;;;;;20030;9;;;;;20024.5;0.0
7;30300;ASH_COATED_OSMIUM;9995;10;9992;29;9991;3;10011;27;10013;13;10015;8;10003.0;0.0
7;30300;INTARIAN_PEPPER_ROOT;20029;16;20027;9;20025;12;20032;10;20035;15;20036;11;20030.5;0.0
7;30400;ASH_COATED_OSMIUM;9995;12;;;;;10011;10;;;;;10003.5;0.0
7;30400;INTARIAN_PEPPER_ROOT;20024;10;;;;;20036;11;;;;;20030.0;0.0
7;30500;ASH_COATED_OSMIUM;9992;12;9990;27;;;10004;12;10007;13;;;9998.5;0.0
7;30500;INTARIAN_PEPPER_ROOT;20024;15;;;;;20036;10;;;;;20030.5;0.0
7;30600;ASH_COATED_OSMIUM;9990;13;9987;14;9985;14;10006;13;10007;26;10010;12;9998.5;0.0
7;30600;INTARIAN_PEPPER_ROOT;20025;10;20024;11;;;20036;11;20038;10;;;20031.0;0.0
7;30700;ASH_COATED_OSMIUM;9994;13;9991;25;9989;12;10012;10;10014;3;10015;12;10003.5;0.0
7;30700;INTARIAN_PEPPER_ROOT;20027;16;20025;11;;;20039;10;20042;8;;;20033.5;0.0
7;30800;ASH_COATED_OSMIUM;9990;29;;;;;10006;12;;;;;9998.5;0.0
7;30800;INTARIAN_PEPPER_ROOT;20025;22;20023;18;;;20037;12;20040;11;;;20031.0;0.0
7;30900;ASH_COATED_OSMIUM;9990;10;;;;;10006;10;;;;;9998.5;0.0
7;30900;INTARIAN_PEPPER_ROOT;20028;10;20027;11;;;20039;9;20040;9;;;20033.5;0.0
7;31000;ASH_COATED_OSMIUM;9991;14;;;;;10007;13;;;;;9999.0;0.0
7;31000;INTARIAN_PEPPER_ROOT;20024;12;20022;12;20020;11;20041;9;20043;8;20046;10;20032.5;0.0
7;31100;ASH_COATED_OSMIUM;10001;10;10000;10;9997;20;10007;12;10010;28;10012;15;10004.0;0.0
7;31100;INTARIAN_PEPPER_ROOT;20028;8;;;;;20039;10;;;;;20034.0;0.0
7;31200;ASH_COATED_OSMIUM;9996;14;9993;15;;;10012;11;10015;14;;;10004.0;0.0
7;31200;INTARIAN_PEPPER_ROOT;20026;12;20023;25;;;20040;12;20042;9;;;20033.5;0.0
7;31300;ASH_COATED_OSMIUM;9988;12;9987;11;;;10007;11;10008;23;;;9998.0;0.0
7;31300;INTARIAN_PEPPER_ROOT;20025;19;20024;9;;;20037;9;20039;8;;;20031.0;0.0
7;31400;ASH_COATED_OSMIUM;9990;15;;;;;10006;11;;;;;9998.0;0.0
7;31400;INTARIAN_PEPPER_ROOT;20022;10;20020;24;;;20039;8;20041;24;;;20030.5;0.0
7;31500;ASH_COATED_OSMIUM;9989;11;9988;10;;;10005;10;10007;23;;;9997.5;0.0
7;31500;INTARIAN_PEPPER_ROOT;20025;9;20022;10;;;20037;11;20039;8;;;20031.0;0.0
7;31600;ASH_COATED_OSMIUM;9993;14;9991;12;9990;12;10012;3;10015;27;10017;10;10002.5;0.0
7;31600;INTARIAN_PEPPER_ROOT;20021;9;20018;9;20016;9;20034;8;20035;9;20038;12;20027.5;0.0
7;31700;ASH_COATED_OSMIUM;9988;14;;;;;10007;25;;;;;9998.0;0.0
7;31700;INTARIAN_PEPPER_ROOT;20024;20;;;;;20035;23;;;;;20030.0;0.0
7;31800;ASH_COATED_OSMIUM;9990;15;9987;10;9984;24;10006;11;10009;11;10011;14;9998.0;0.0
7;31800;INTARIAN_PEPPER_ROOT;20031;8;20028;8;20027;9;20042;20;20044;16;20045;8;20037.0;0.0
7;31900;ASH_COATED_OSMIUM;9988;13;;;;;10007;11;;;;;9998.0;0.0
7;31900;INTARIAN_PEPPER_ROOT;20023;10;20022;8;;;20038;12;20041;10;;;20030.5;0.0
7;32000;ASH_COATED_OSMIUM;9993;27;;;;;10002;13;;;;;9998.0;0.0
7;32000;INTARIAN_PEPPER_ROOT;20030;9;20029;12;;;20032;12;20033;11;;;20031.0;0.0
7;32100;ASH_COATED_OSMIUM;9995;10;9994;12;9992;14;10011;10;10013;10;10015;13;10003.5;0.0
7;32100;INTARIAN_PEPPER_ROOT;20028;11;;;;;20040;10;;;;;20034.5;0.0
7;32200;ASH_COATED_OSMIUM;9988;27;9985;26;9984;13;10007;10;10009;10;10010;15;9998.0;0.0
7;32200;INTARIAN_PEPPER_ROOT;20026;8;20024;10;;;20039;12;20041;9;;;20032.5;0.0
7;32300;ASH_COATED_OSMIUM;9990;22;;;;;10006;27;;;;;9998.5;0.0
7;32300;INTARIAN_PEPPER_ROOT;20028;11;;;;;20040;24;;;;;20034.0;0.0
7;32400;ASH_COATED_OSMIUM;9996;13;9993;24;9992;12;10012;11;10013;11;10014;15;10004.0;0.0
7;32400;INTARIAN_PEPPER_ROOT;20026;23;20025;11;;;20038;8;20041;10;;;20032.5;0.0
7;32500;ASH_COATED_OSMIUM;9994;13;9992;13;;;10013;14;10014;12;;;10004.0;0.0
7;32500;INTARIAN_PEPPER_ROOT;20024;19;20022;11;;;20041;11;20044;25;;;20033.0;0.0
7;32600;ASH_COATED_OSMIUM;9989;11;9988;12;9986;15;10007;11;10009;13;10010;15;9998.0;0.0
7;32600;INTARIAN_PEPPER_ROOT;20026;8;;;;;20043;9;;;;;20034.5;0.0
7;32700;ASH_COATED_OSMIUM;9994;10;9991;8;;;10012;26;10015;10;;;10003.0;0.0
7;32700;INTARIAN_PEPPER_ROOT;20026;9;20024;24;;;20040;11;20041;9;;;20033.5;0.0
7;32800;ASH_COATED_OSMIUM;9988;10;9985;10;;;10006;21;10007;15;;;9997.5;0.0
7;32800;INTARIAN_PEPPER_ROOT;20026;12;;;;;20038;10;;;;;20032.5;0.0
7;32900;ASH_COATED_OSMIUM;9990;15;9989;14;;;10006;12;10007;13;;;9998.0;0.0
7;32900;INTARIAN_PEPPER_ROOT;20024;9;;;;;20039;25;;;;;20032.0;0.0
7;33000;ASH_COATED_OSMIUM;9990;15;9989;12;;;10006;23;10009;12;;;9998.5;0.0
7;33000;INTARIAN_PEPPER_ROOT;20021;12;;;;;20042;11;;;;;20032.0;0.0
7;33100;ASH_COATED_OSMIUM;9991;12;9989;11;;;10007;12;10008;11;;;9999.0;0.0
7;33100;INTARIAN_PEPPER_ROOT;20027;11;;;;;20039;12;;;;;20033.5;0.0
7;33200;ASH_COATED_OSMIUM;9996;15;9995;11;9992;15;10012;13;10015;12;10016;11;10004.0;0.0
7;33200;INTARIAN_PEPPER_ROOT;20026;10;20025;8;;;20038;21;20039;12;;;20032.0;0.0
7;33300;ASH_COATED_OSMIUM;9990;11;;;;;10006;14;;;;;9998.5;0.0
7;33300;INTARIAN_PEPPER_ROOT;20022;8;20019;9;20018;8;20038;10;20041;20;20042;9;20030.5;0.0
7;33400;ASH_COATED_OSMIUM;9991;22;;;;;10007;11;;;;;9999.0;0.0
7;33400;INTARIAN_PEPPER_ROOT;20027;12;;;;;20041;10;;;;;20034.5;0.0
7;33500;ASH_COATED_OSMIUM;9991;21;;;;;10007;12;;;;;9999.0;0.0
7;33500;INTARIAN_PEPPER_ROOT;20026;8;20025;9;20022;11;20039;9;20041;11;20042;11;20032.5;0.0
7;33600;ASH_COATED_OSMIUM;9994;10;9992;14;;;10002;11;10003;12;;;9998.0;0.0
7;33600;INTARIAN_PEPPER_ROOT;20024;10;20021;9;;;20036;8;20037;11;;;20030.0;0.0
7;33700;ASH_COATED_OSMIUM;9995;13;9994;13;9991;12;10011;12;10012;12;10014;15;10003.0;0.0
7;33700;INTARIAN_PEPPER_ROOT;20028;17;20027;7;;;20041;8;20042;9;;;20035.0;0.0
7;33800;ASH_COATED_OSMIUM;9989;12;9986;13;;;10005;14;10008;15;;;9997.5;0.0
7;33800;INTARIAN_PEPPER_ROOT;20026;8;20023;11;20020;11;20040;12;20041;10;20043;9;20033.5;0.0
7;33900;ASH_COATED_OSMIUM;9989;13;9986;12;;;10005;10;10007;12;;;9997.0;0.0
7;33900;INTARIAN_PEPPER_ROOT;20022;11;20020;9;20017;22;20038;8;20041;8;20043;11;20030.5;0.0
7;34000;ASH_COATED_OSMIUM;9989;13;9988;13;9987;11;10005;11;10007;13;10008;21;9997.0;0.0
7;34000;INTARIAN_PEPPER_ROOT;20028;8;20027;8;;;20041;10;20043;12;;;20034.5;0.0
7;34100;ASH_COATED_OSMIUM;9994;22;9993;11;;;10010;14;10013;12;;;10002.5;0.0
7;34100;INTARIAN_PEPPER_ROOT;20027;12;20025;21;;;20041;8;20044;9;;;20034.5;0.0
7;34200;ASH_COATED_OSMIUM;9989;15;9988;15;;;10005;12;10008;14;;;9997.0;0.0
7;34200;INTARIAN_PEPPER_ROOT;20025;12;20022;11;20020;9;20038;21;20041;12;20043;8;20031.5;0.0
7;34300;ASH_COATED_OSMIUM;9988;22;9985;12;;;10004;12;10007;12;;;9996.5;0.0
7;34300;INTARIAN_PEPPER_ROOT;20029;10;20027;8;;;20044;8;20046;16;;;20036.5;0.0
7;34400;ASH_COATED_OSMIUM;9994;13;9992;10;;;10010;20;10013;13;;;10002.0;0.0
7;34400;INTARIAN_PEPPER_ROOT;20023;10;20020;11;20019;18;20037;25;20038;22;20041;17;20030.0;0.0
7;34500;ASH_COATED_OSMIUM;9994;12;9992;11;9991;13;10010;13;10012;12;10014;28;10002.0;0.0
7;34500;INTARIAN_PEPPER_ROOT;20028;10;20027;20;20024;12;20043;24;20045;23;20046;8;20035.5;0.0
7;34600;ASH_COATED_OSMIUM;9989;12;;;;;10005;14;;;;;9997.0;0.0
7;34600;INTARIAN_PEPPER_ROOT;20026;9;20025;9;;;20039;8;20041;9;;;20033.0;0.0
7;34700;ASH_COATED_OSMIUM;9994;9;9992;10;;;10010;14;10011;10;;;10002.0;0.0
7;34700;INTARIAN_PEPPER_ROOT;20029;9;20027;11;;;20041;10;20042;12;;;20035.5;0.0
7;34800;ASH_COATED_OSMIUM;9991;12;9988;29;;;10012;10;10015;10;;;10002.0;0.0
7;34800;INTARIAN_PEPPER_ROOT;20026;16;20024;22;;;20039;12;20041;11;;;20032.5;0.0
7;34900;ASH_COATED_OSMIUM;9993;27;9992;25;;;10011;11;10013;15;;;10002.0;0.0
7;34900;INTARIAN_PEPPER_ROOT;20031;9;;;;;20042;8;;;;;20037.0;0.0
7;35000;ASH_COATED_OSMIUM;9988;11;9987;10;9984;10;10006;11;10007;21;10008;13;9997.5;0.0
7;35000;INTARIAN_PEPPER_ROOT;20026;12;20023;12;20022;10;20041;10;20042;16;20044;8;20033.5;0.0
7;35100;ASH_COATED_OSMIUM;9994;4;9993;14;;;10010;13;10011;15;;;10002.0;0.0
7;35100;INTARIAN_PEPPER_ROOT;20030;8;20028;9;20025;8;20043;11;20044;12;20045;9;20037.0;0.0
7;35200;ASH_COATED_OSMIUM;9987;14;9984;10;;;10005;25;10007;11;;;9996.0;0.0
7;35200;INTARIAN_PEPPER_ROOT;20030;15;20029;12;20026;22;20041;21;20042;11;20043;11;20035.5;0.0
7;35300;ASH_COATED_OSMIUM;9987;11;9984;10;;;10003;12;10005;29;;;9995.5;0.0
7;35300;INTARIAN_PEPPER_ROOT;20021;11;;;;;20036;19;;;;;20028.5;0.0
7;35400;ASH_COATED_OSMIUM;9993;10;;;;;10009;10;;;;;10001.5;0.0
7;35400;INTARIAN_PEPPER_ROOT;20030;9;;;;;20043;8;;;;;20037.0;0.0
7;35500;ASH_COATED_OSMIUM;9987;12;;;;;10003;15;;;;;9995.5;0.0
7;35500;INTARIAN_PEPPER_ROOT;20023;8;20022;9;20021;12;20040;8;20043;9;20045;12;20032.0;0.0
7;35600;ASH_COATED_OSMIUM;9993;14;9990;11;9987;13;10009;10;10011;21;10012;14;10001.0;0.0
7;35600;INTARIAN_PEPPER_ROOT;20031;12;20028;11;;;20043;21;20045;10;;;20037.5;0.0
7;35700;ASH_COATED_OSMIUM;9986;13;9984;13;;;10005;10;10008;11;;;9995.5;0.0
7;35700;INTARIAN_PEPPER_ROOT;20029;12;20026;9;;;20041;8;20042;11;;;20035.0;0.0
7;35800;ASH_COATED_OSMIUM;9991;10;9988;15;;;10009;11;10012;11;;;10000.0;0.0
7;35800;INTARIAN_PEPPER_ROOT;20034;16;;;;;20042;12;;;;;20038.0;0.0
7;35900;ASH_COATED_OSMIUM;9985;13;9983;11;9982;11;10004;11;10005;13;10007;14;9994.5;0.0
7;35900;INTARIAN_PEPPER_ROOT;20028;9;20026;10;20023;8;20040;11;20041;20;20044;12;20034.0;0.0
7;36000;ASH_COATED_OSMIUM;9988;20;9985;26;;;10000;10;10002;13;;;9994.5;0.0
7;36000;INTARIAN_PEPPER_ROOT;20028;9;;;;;20043;11;;;;;20035.5;0.0
7;36100;ASH_COATED_OSMIUM;9991;12;9990;10;9989;14;10007;13;10010;10;10011;15;9999.5;0.0
7;36100;INTARIAN_PEPPER_ROOT;20028;9;20026;25;20025;12;20043;12;20045;10;20048;12;20036.0;0.0
7;36200;ASH_COATED_OSMIUM;9997;10;9996;14;9994;11;10003;15;10005;14;10007;12;10000.0;0.0
7;36200;INTARIAN_PEPPER_ROOT;20027;19;;;;;20041;12;;;;;20034.0;0.0
7;36300;ASH_COATED_OSMIUM;9986;13;9983;14;9980;11;10002;12;10005;15;10006;13;9994.5;0.0
7;36300;INTARIAN_PEPPER_ROOT;20030;9;20029;10;20027;12;20041;8;20042;23;20045;17;20036.0;0.0
7;36400;ASH_COATED_OSMIUM;9985;11;9982;14;;;10003;22;10004;4;;;9994.0;0.0
7;36400;INTARIAN_PEPPER_ROOT;20028;15;20025;25;20022;9;20044;11;20045;9;20046;17;20036.0;0.0
7;36500;ASH_COATED_OSMIUM;9992;15;9990;13;;;10008;13;10009;14;;;10000.0;0.0
7;36500;INTARIAN_PEPPER_ROOT;20027;10;20026;8;;;20039;11;20042;12;;;20033.0;0.0
7;36600;ASH_COATED_OSMIUM;9990;11;;;;;10008;10;;;;;9999.5;0.0
7;36600;INTARIAN_PEPPER_ROOT;20028;9;20026;10;20023;23;20040;11;20042;8;20044;12;20034.5;0.0
7;36700;ASH_COATED_OSMIUM;9985;14;9983;13;9982;10;10004;13;10007;10;10009;11;9994.5;0.0
7;36700;INTARIAN_PEPPER_ROOT;20026;10;;;;;20041;8;;;;;20033.5;0.0
7;36800;ASH_COATED_OSMIUM;9992;24;9990;15;9988;10;10008;10;10010;14;10011;15;10000.0;0.0
7;36800;INTARIAN_PEPPER_ROOT;20031;10;;;;;20043;10;;;;;20037.0;0.0
7;36900;ASH_COATED_OSMIUM;9992;13;;;;;10008;11;;;;;10000.0;0.0
7;36900;INTARIAN_PEPPER_ROOT;20031;6;20029;8;20027;18;20044;11;20046;11;20049;11;20038.0;0.0
7;37000;ASH_COATED_OSMIUM;9987;10;9984;14;;;10003;11;10004;28;;;9995.0;0.0
7;37000;INTARIAN_PEPPER_ROOT;20030;10;20029;8;20027;8;20043;9;20046;10;20048;10;20036.5;0.0
7;37100;ASH_COATED_OSMIUM;9990;26;;;;;10009;10;;;;;10000.0;0.0
7;37100;INTARIAN_PEPPER_ROOT;20032;10;;;;;20044;12;;;;;20038.0;0.0
7;37200;ASH_COATED_OSMIUM;9991;13;9988;28;9986;12;10010;13;10011;5;10012;13;10000.5;0.0
7;37200;INTARIAN_PEPPER_ROOT;20028;8;20025;22;20024;9;20041;9;20044;8;20046;12;20034.5;0.0
7;37300;ASH_COATED_OSMIUM;9992;13;;;;;10008;14;;;;;10000.0;0.0
7;37300;INTARIAN_PEPPER_ROOT;20035;9;;;;;20048;25;;;;;20042.0;0.0
7;37400;ASH_COATED_OSMIUM;9985;11;;;;;10004;11;;;;;9994.5;0.0
7;37400;INTARIAN_PEPPER_ROOT;20029;8;20027;9;;;20042;9;20045;11;;;20035.5;0.0
7;37500;ASH_COATED_OSMIUM;9990;5;9987;11;;;10009;14;10012;15;;;10000.0;0.0
7;37500;INTARIAN_PEPPER_ROOT;20034;21;;;;;20045;10;;;;;20040.0;0.0
7;37600;ASH_COATED_OSMIUM;9987;30;;;;;10003;15;;;;;9995.0;0.0
7;37600;INTARIAN_PEPPER_ROOT;20028;10;20026;11;20023;12;20041;8;20042;11;20043;10;20034.5;0.0
7;37700;ASH_COATED_OSMIUM;9993;10;;;;;10009;14;;;;;10001.0;0.0
7;37700;INTARIAN_PEPPER_ROOT;20027;11;;;;;20041;10;;;;;20034.5;0.0
7;37800;ASH_COATED_OSMIUM;9988;26;9985;22;9984;10;10004;10;10006;10;10007;12;9996.0;0.0
7;37800;INTARIAN_PEPPER_ROOT;20030;8;20029;8;;;20043;12;20045;12;;;20036.5;0.0
7;37900;ASH_COATED_OSMIUM;9987;15;9986;14;9984;28;10003;29;10004;14;10007;15;9995.5;0.0
7;37900;INTARIAN_PEPPER_ROOT;20034;15;20031;9;20029;11;20047;6;20050;12;20051;11;20040.5;0.0
7;38000;ASH_COATED_OSMIUM;9987;11;9985;10;;;10003;5;10006;20;;;9995.0;0.0
7;38000;INTARIAN_PEPPER_ROOT;20029;11;20028;9;20026;23;20042;12;20045;10;20047;9;20035.5;0.0
7;38100;ASH_COATED_OSMIUM;9991;23;;;;;10009;20;;;;;10000.5;0.0
7;38100;INTARIAN_PEPPER_ROOT;20035;10;20033;12;;;20050;10;20051;10;;;20042.5;0.0
7;38200;ASH_COATED_OSMIUM;9987;12;9984;13;;;10003;14;10004;14;;;9995.5;0.0
7;38200;INTARIAN_PEPPER_ROOT;20036;10;20033;10;;;20047;5;20048;10;;;20041.5;0.0
7;38300;ASH_COATED_OSMIUM;9987;10;9984;12;;;10003;22;10006;13;;;9995.0;0.0
7;38300;INTARIAN_PEPPER_ROOT;20031;12;;;;;20045;12;;;;;20038.0;0.0
7;38400;ASH_COATED_OSMIUM;9987;11;9986;14;;;10003;28;10004;12;;;9995.0;0.0
7;38400;INTARIAN_PEPPER_ROOT;20027;3;;;;;20042;10;;;;;20035.0;0.0
7;38500;ASH_COATED_OSMIUM;9992;14;9989;11;;;10008;12;10011;11;;;10000.0;0.0
7;38500;INTARIAN_PEPPER_ROOT;20034;10;;;;;20047;9;;;;;20041.0;0.0
7;38600;ASH_COATED_OSMIUM;9986;14;9984;12;;;10002;13;10004;10;;;9994.5;0.0
7;38600;INTARIAN_PEPPER_ROOT;20032;8;;;;;20044;11;;;;;20038.0;0.0
7;38700;ASH_COATED_OSMIUM;9987;14;9984;12;;;10003;13;10005;12;;;9995.0;0.0
7;38700;INTARIAN_PEPPER_ROOT;20030;21;20029;9;20028;8;20043;10;20045;10;20048;8;20036.5;0.0
7;38800;ASH_COATED_OSMIUM;9986;28;;;;;10002;12;;;;;9994.5;0.0
7;38800;INTARIAN_PEPPER_ROOT;20029;18;20027;12;20024;8;20041;10;20043;9;20045;10;20035.0;0.0
7;38900;ASH_COATED_OSMIUM;9986;21;9984;13;;;10002;10;10003;14;;;9994.0;0.0
7;38900;INTARIAN_PEPPER_ROOT;20033;11;20031;23;;;20045;12;20046;8;;;20039.0;0.0
7;39000;ASH_COATED_OSMIUM;9984;5;9982;26;;;10003;10;10005;14;;;9993.5;0.0
7;39000;INTARIAN_PEPPER_ROOT;20033;9;20030;12;;;20045;8;20047;11;;;20039.0;0.0
7;39100;ASH_COATED_OSMIUM;9989;14;9987;10;9985;11;10008;14;10009;22;10011;13;9999.0;0.0
7;39100;INTARIAN_PEPPER_ROOT;20031;8;20029;11;;;20044;12;20045;12;;;20038.0;0.0
7;39200;ASH_COATED_OSMIUM;9991;15;;;;;10007;15;;;;;9999.0;0.0
7;39200;INTARIAN_PEPPER_ROOT;20033;10;20032;10;;;20050;12;20053;17;;;20041.5;0.0
7;39300;ASH_COATED_OSMIUM;9988;15;;;;;10009;21;;;;;9999.0;0.0
7;39300;INTARIAN_PEPPER_ROOT;20036;11;;;;;20048;9;;;;;20042.5;0.0
7;39400;ASH_COATED_OSMIUM;9985;14;9982;12;;;10001;13;10004;12;;;9993.5;0.0
7;39400;INTARIAN_PEPPER_ROOT;20034;5;20033;16;;;20046;10;20048;11;;;20040.5;0.0
7;39500;ASH_COATED_OSMIUM;9991;11;9989;8;;;10007;14;10008;13;;;9999.5;0.0
7;39500;INTARIAN_PEPPER_ROOT;20037;23;20035;9;;;20053;9;20054;8;;;20045.0;0.0
7;39600;ASH_COATED_OSMIUM;9990;11;9987;13;;;10008;14;10010;21;;;9999.0;0.0
7;39600;INTARIAN_PEPPER_ROOT;20032;9;;;;;20047;8;;;;;20040.0;0.0
7;39700;ASH_COATED_OSMIUM;9985;12;;;;;10003;13;;;;;9994.0;0.0
7;39700;INTARIAN_PEPPER_ROOT;20033;8;;;;;20047;12;;;;;20040.5;0.0
7;39800;ASH_COATED_OSMIUM;9989;11;;;;;10008;14;;;;;9999.0;0.0
7;39800;INTARIAN_PEPPER_ROOT;20033;12;;;;;20046;25;;;;;20039.5;0.0
7;39900;ASH_COATED_OSMIUM;9984;21;9983;11;9980;14;10003;29;10004;13;10005;30;9994.0;0.0
7;39900;INTARIAN_PEPPER_ROOT;20035;8;;;;;20046;12;;;;;20041.0;0.0
7;40000;ASH_COATED_OSMIUM;9991;15;9990;15;;;10009;11;10011;14;;;10000.0;0.0
7;40000;INTARIAN_PEPPER_ROOT;20036;23;20034;3;;;20048;12;20049;15;;;20042.0;0.0
7;40100;ASH_COATED_OSMIUM;9996;11;9994;24;;;10004;10;10005;6;;;10000.0;0.0
7;40100;INTARIAN_PEPPER_ROOT;20031;10;;;;;20046;10;;;;;20038.5;0.0
7;40200;ASH_COATED_OSMIUM;9987;11;9984;30;9982;15;10003;11;10005;15;10008;12;9995.0;0.0
7;40200;INTARIAN_PEPPER_ROOT;20032;8;20030;21;20029;12;20044;10;20047;9;20050;25;20038.0;0.0
7;40300;ASH_COATED_OSMIUM;9992;23;9991;10;9990;24;10008;11;10011;28;10014;21;10000.5;0.0
7;40300;INTARIAN_PEPPER_ROOT;20033;10;20031;10;20030;12;20045;11;20046;9;20047;9;20039.5;0.0
7;40400;ASH_COATED_OSMIUM;9985;12;9983;15;9981;13;10004;11;10005;11;10007;23;9995.0;0.0
7;40400;INTARIAN_PEPPER_ROOT;20034;11;20032;9;20030;11;20045;19;20046;12;20047;17;20040.0;0.0
7;40500;ASH_COATED_OSMIUM;9987;11;;;;;10003;15;;;;;9995.0;0.0
7;40500;INTARIAN_PEPPER_ROOT;20032;9;20030;8;20027;10;20050;10;20051;9;20054;9;20041.5;0.0
7;40600;ASH_COATED_OSMIUM;9991;14;9989;15;9988;10;10007;10;10008;10;10009;11;9999.5;0.0
7;40600;INTARIAN_PEPPER_ROOT;20033;10;20031;8;;;20048;10;20051;12;;;20040.5;0.0
7;40700;ASH_COATED_OSMIUM;9990;20;9987;10;9986;14;10008;23;10011;2;10013;13;9999.5;0.0
7;40700;INTARIAN_PEPPER_ROOT;20037;8;20036;11;;;20048;9;20050;9;;;20043.0;0.0
7;40800;ASH_COATED_OSMIUM;9986;13;;;;;10002;13;;;;;9994.5;0.0
7;40800;INTARIAN_PEPPER_ROOT;20037;11;20036;21;20035;12;20050;10;20053;10;20056;11;20044.0;0.0
7;40900;ASH_COATED_OSMIUM;9987;28;9985;12;9983;27;10003;11;10004;14;10007;14;9995.0;0.0
7;40900;INTARIAN_PEPPER_ROOT;20032;8;20030;19;;;20045;12;20048;12;;;20039.0;0.0
7;41000;ASH_COATED_OSMIUM;9986;12;9984;13;9981;12;10004;10;10007;10;10010;12;9995.0;0.0
7;41000;INTARIAN_PEPPER_ROOT;20031;12;20029;9;20026;8;20050;8;20051;11;20052;9;20041.0;0.0
7;41100;ASH_COATED_OSMIUM;9987;15;9985;22;9984;26;10003;21;10004;13;10007;13;9995.0;0.0
7;41100;INTARIAN_PEPPER_ROOT;20033;9;20030;8;;;20046;9;20049;12;;;20039.5;0.0
7;41200;ASH_COATED_OSMIUM;9987;11;9984;30;9981;11;10003;10;10004;15;10005;14;9995.0;0.0
7;41200;INTARIAN_PEPPER_ROOT;20036;10;;;;;20047;8;;;;;20042.0;0.0
7;41300;ASH_COATED_OSMIUM;9992;10;9989;13;;;10008;3;10009;11;;;10000.5;0.0
7;41300;INTARIAN_PEPPER_ROOT;20030;11;;;;;20042;8;;;;;20036.5;0.0
7;41400;ASH_COATED_OSMIUM;9993;15;;;;;10009;22;;;;;10001.0;0.0
7;41400;INTARIAN_PEPPER_ROOT;20034;12;20031;8;20028;9;20045;11;20048;10;20049;23;20039.5;0.0
7;41500;ASH_COATED_OSMIUM;9992;12;9990;13;;;10011;13;10014;12;;;10001.5;0.0
7;41500;INTARIAN_PEPPER_ROOT;20036;19;20033;11;20032;10;20048;9;20050;8;20053;23;20042.0;0.0
7;41600;ASH_COATED_OSMIUM;9986;10;;;;;10004;24;;;;;9995.5;0.0
7;41600;INTARIAN_PEPPER_ROOT;20035;12;20032;12;20029;11;20048;10;20049;11;20052;12;20041.5;0.0
7;41700;ASH_COATED_OSMIUM;9987;12;9986;13;;;10003;15;10005;13;;;9995.5;0.0
7;41700;INTARIAN_PEPPER_ROOT;20034;12;20033;17;;;20045;12;20048;24;;;20040.0;0.0
7;41800;ASH_COATED_OSMIUM;9992;11;9991;27;;;10010;22;10013;15;;;10001.0;0.0
7;41800;INTARIAN_PEPPER_ROOT;20040;20;20039;9;20037;10;20053;11;20056;11;20057;11;20047.0;0.0
7;41900;ASH_COATED_OSMIUM;9994;10;9991;11;;;10007;3;10008;13;;;10001.0;0.0
7;41900;INTARIAN_PEPPER_ROOT;20032;10;20029;8;20026;8;20050;8;20051;11;20053;17;20041.0;0.0
7;42000;ASH_COATED_OSMIUM;9993;14;9991;12;;;9998;10;10000;14;;;9995.5;0.0
7;42000;INTARIAN_PEPPER_ROOT;20036;8;20035;9;;;20049;8;20050;9;;;20043.0;0.0
7;42100;ASH_COATED_OSMIUM;9994;13;;;;;10007;11;;;;;10000.5;0.0
7;42100;INTARIAN_PEPPER_ROOT;20036;19;;;;;20050;9;;;;;20043.5;0.0
7;42200;ASH_COATED_OSMIUM;9992;13;9991;11;9989;13;10008;12;10010;13;10011;6;10000.5;0.0
7;42200;INTARIAN_PEPPER_ROOT;20035;17;20032;8;20030;21;20048;11;20049;11;20051;11;20042.0;0.0
7;42300;ASH_COATED_OSMIUM;9991;14;9989;12;;;10009;13;10011;10;;;10000.5;0.0
7;42300;INTARIAN_PEPPER_ROOT;20037;11;20036;10;;;20048;12;20049;8;;;20043.0;0.0
7;42400;ASH_COATED_OSMIUM;9992;26;;;;;10008;10;;;;;10000.5;0.0
7;42400;INTARIAN_PEPPER_ROOT;20036;10;20035;9;20032;8;20047;10;20049;9;20050;9;20041.5;0.0
7;42500;ASH_COATED_OSMIUM;9992;15;;;;;10008;10;;;;;10000.0;0.0
7;42500;INTARIAN_PEPPER_ROOT;20036;10;20035;12;20034;12;20053;10;20055;11;20056;10;20045.0;0.0
7;42600;ASH_COATED_OSMIUM;9991;12;9990;10;;;10009;15;10011;15;;;10000.5;0.0
7;42600;INTARIAN_PEPPER_ROOT;20035;8;20034;9;;;20048;9;20050;5;;;20042.0;0.0
7;42700;ASH_COATED_OSMIUM;9987;10;9986;13;;;10003;10;10004;15;;;9995.0;0.0
7;42700;INTARIAN_PEPPER_ROOT;20034;12;20031;10;20029;9;20047;12;20050;8;20052;24;20040.5;0.0
7;42800;ASH_COATED_OSMIUM;9992;12;9991;14;9990;15;10008;10;10011;10;10014;10;10000.5;0.0
7;42800;INTARIAN_PEPPER_ROOT;20038;12;20036;12;;;20052;12;20053;10;;;20045.5;0.0
7;42900;ASH_COATED_OSMIUM;9993;14;9992;10;;;10009;10;10010;13;;;10001.0;0.0
7;42900;INTARIAN_PEPPER_ROOT;20037;12;20036;12;;;20050;20;20051;15;;;20043.5;0.0
7;43000;ASH_COATED_OSMIUM;9987;27;;;;;10003;21;;;;;9995.5;0.0
7;43000;INTARIAN_PEPPER_ROOT;20036;8;;;;;20048;11;;;;;20042.5;0.0
7;43100;ASH_COATED_OSMIUM;9992;11;9989;12;;;10010;14;10013;13;;;10001.0;0.0
7;43100;INTARIAN_PEPPER_ROOT;20037;11;20034;16;20031;8;20050;11;20051;9;20054;17;20043.5;0.0
7;43200;ASH_COATED_OSMIUM;9992;13;9990;15;;;10001;11;10003;15;;;9996.5;0.0
7;43200;INTARIAN_PEPPER_ROOT;20036;12;20033;12;;;20049;10;20050;12;;;20042.5;0.0
7;43300;ASH_COATED_OSMIUM;9987;29;9985;26;;;10006;15;10008;10;;;9997.0;0.0
7;43300;INTARIAN_PEPPER_ROOT;20037;10;20034;10;20033;22;20052;11;20054;8;20056;22;20045.0;0.0
7;43400;ASH_COATED_OSMIUM;9993;13;;;;;10011;13;;;;;10002.0;0.0
7;43400;INTARIAN_PEPPER_ROOT;20039;15;;;;;20051;10;;;;;20045.5;0.0
7;43500;ASH_COATED_OSMIUM;9993;11;9990;12;;;10009;10;10012;14;;;10001.0;0.0
7;43500;INTARIAN_PEPPER_ROOT;20035;19;;;;;20050;16;;;;;20042.5;0.0
7;43600;ASH_COATED_OSMIUM;9993;15;9991;23;;;10009;11;10010;15;;;10001.5;0.0
7;43600;INTARIAN_PEPPER_ROOT;20038;18;20037;9;20036;10;20049;12;20051;8;20053;10;20044.0;0.0
7;43700;ASH_COATED_OSMIUM;9985;13;9982;26;;;10006;11;10008;12;;;9996.0;0.0
7;43700;INTARIAN_PEPPER_ROOT;20039;10;20036;11;20034;11;20052;8;20053;25;20054;11;20045.5;0.0
7;43800;ASH_COATED_OSMIUM;9993;10;9990;14;9989;28;10009;10;10011;14;10014;5;10001.5;0.0
7;43800;INTARIAN_PEPPER_ROOT;20036;11;;;;;20051;9;;;;;20043.5;0.0
7;43900;ASH_COATED_OSMIUM;9986;13;9984;12;9982;29;10005;15;10006;11;10007;21;9996.0;0.0
7;43900;INTARIAN_PEPPER_ROOT;20037;11;20036;8;;;20048;7;20049;11;;;20043.0;0.0
7;44000;ASH_COATED_OSMIUM;9992;11;9990;14;;;10010;14;10013;13;;;10001.0;0.0
7;44000;INTARIAN_PEPPER_ROOT;20040;10;20039;10;;;20051;8;20052;8;;;20046.0;0.0
7;44100;ASH_COATED_OSMIUM;9993;14;9990;15;;;10009;10;10012;14;;;10001.0;0.0
7;44100;INTARIAN_PEPPER_ROOT;20037;16;20035;10;20033;19;20051;22;20053;12;20054;10;20044.5;0.0
7;44200;ASH_COATED_OSMIUM;9992;14;9989;13;9987;14;10010;10;10012;13;10013;13;10001.5;0.0
7;44200;INTARIAN_PEPPER_ROOT;20037;12;;;;;20049;11;;;;;20043.5;0.0
7;44300;ASH_COATED_OSMIUM;9993;12;9990;14;;;10009;10;10011;11;;;10001.5;0.0
7;44300;INTARIAN_PEPPER_ROOT;20040;10;;;;;20052;9;;;;;20046.0;0.0
7;44400;ASH_COATED_OSMIUM;9988;26;9986;13;9985;10;10004;11;10005;11;10007;11;9996.0;0.0
7;44400;INTARIAN_PEPPER_ROOT;20041;12;;;;;20052;12;;;;;20046.5;0.0
7;44500;ASH_COATED_OSMIUM;9993;14;9991;12;9989;13;10009;14;10011;13;10014;13;10001.0;0.0
7;44500;INTARIAN_PEPPER_ROOT;20038;9;20036;11;20034;9;20052;8;20053;12;20054;12;20045.5;0.0
7;44600;ASH_COATED_OSMIUM;9988;14;;;;;10004;10;;;;;9996.0;0.0
7;44600;INTARIAN_PEPPER_ROOT;20039;17;;;;;20050;10;;;;;20045.0;0.0
7;44700;ASH_COATED_OSMIUM;9991;15;9989;14;;;10002;14;10003;14;;;9996.5;0.0
7;44700;INTARIAN_PEPPER_ROOT;20038;10;;;;;20050;10;;;;;20044.5;0.0
7;44800;ASH_COATED_OSMIUM;9994;14;;;;;10010;14;;;;;10002.0;0.0
7;44800;INTARIAN_PEPPER_ROOT;20039;9;20038;11;20037;11;20051;12;20053;8;20055;11;20045.0;0.0
7;44900;ASH_COATED_OSMIUM;9987;11;9986;10;;;10005;11;10008;14;;;9996.0;0.0
7;44900;INTARIAN_PEPPER_ROOT;20039;9;;;;;20050;9;;;;;20045.0;0.0
7;45000;ASH_COATED_OSMIUM;9991;12;9990;14;9989;13;10010;15;10012;21;10013;15;10001.0;0.0
7;45000;INTARIAN_PEPPER_ROOT;20038;9;20037;12;;;20051;8;20053;12;;;20045.0;0.0
7;45100;ASH_COATED_OSMIUM;9993;10;9992;20;9991;14;10009;13;10011;14;10012;14;10001.5;0.0
7;45100;INTARIAN_PEPPER_ROOT;20037;19;20035;11;;;20051;9;20052;20;;;20044.5;0.0
7;45200;ASH_COATED_OSMIUM;9993;14;;;;;10009;12;;;;;10001.0;0.0
7;45200;INTARIAN_PEPPER_ROOT;20030;12;20027;9;;;20043;8;20046;11;;;20036.5;0.0
7;45300;ASH_COATED_OSMIUM;9991;12;9988;13;;;10009;10;10010;5;;;10000.0;0.0
7;45300;INTARIAN_PEPPER_ROOT;20037;10;20035;25;20033;4;20049;8;20052;8;20054;11;20043.0;0.0
7;45400;ASH_COATED_OSMIUM;9985;13;;;;;10003;15;;;;;9994.5;0.0
7;45400;INTARIAN_PEPPER_ROOT;20037;10;;;;;20051;8;;;;;20044.5;0.0
7;45500;ASH_COATED_OSMIUM;9991;14;9989;15;;;10009;20;10012;4;;;10000.0;0.0
7;45500;INTARIAN_PEPPER_ROOT;20039;9;;;;;20054;11;;;;;20047.0;0.0
7;45600;ASH_COATED_OSMIUM;9994;14;9991;10;;;10004;22;10007;11;;;9999.5;0.0
7;45600;INTARIAN_PEPPER_ROOT;20039;10;20038;12;20037;8;20052;9;20053;11;20056;7;20046.0;0.0
7;45700;ASH_COATED_OSMIUM;9990;10;9987;14;;;10009;21;10012;13;;;10000.0;0.0
7;45700;INTARIAN_PEPPER_ROOT;20039;10;20038;8;20037;8;20051;8;20054;12;20057;9;20045.5;0.0
7;45800;ASH_COATED_OSMIUM;9986;11;;;;;10002;10;;;;;9994.0;0.0
7;45800;INTARIAN_PEPPER_ROOT;20038;12;;;;;20053;9;;;;;20046.0;0.0
7;45900;ASH_COATED_OSMIUM;9986;14;9983;15;;;10002;5;10004;14;;;9994.0;0.0
7;45900;INTARIAN_PEPPER_ROOT;20039;25;;;;;20053;18;;;;;20046.5;0.0
7;46000;ASH_COATED_OSMIUM;9991;13;9988;25;9985;13;10007;13;10008;11;10011;13;9999.0;0.0
7;46000;INTARIAN_PEPPER_ROOT;20039;9;;;;;20051;12;;;;;20045.5;0.0
7;46100;ASH_COATED_OSMIUM;9990;10;;;;;10008;20;;;;;9999.5;0.0
7;46100;INTARIAN_PEPPER_ROOT;20035;12;20034;23;;;20053;8;20055;15;;;20044.0;0.0
7;46200;ASH_COATED_OSMIUM;9985;25;9983;14;9981;14;10003;14;10005;14;10006;14;9994.0;0.0
7;46200;INTARIAN_PEPPER_ROOT;20039;8;;;;;20054;9;;;;;20046.5;0.0
7;46300;ASH_COATED_OSMIUM;9989;13;9986;15;;;9999;3;10001;10;;;9994.0;0.0
7;46300;INTARIAN_PEPPER_ROOT;20041;10;20039;17;20037;11;20053;9;20055;17;20056;22;20047.5;0.0
7;46400;ASH_COATED_OSMIUM;9991;13;;;;;10007;13;;;;;9999.5;0.0
7;46400;INTARIAN_PEPPER_ROOT;20036;11;;;;;20049;9;;;;;20043.0;0.0
7;46500;ASH_COATED_OSMIUM;9985;21;;;;;10003;11;;;;;9994.0;0.0
7;46500;INTARIAN_PEPPER_ROOT;20036;11;20035;18;;;20052;10;20054;10;;;20044.5;0.0
7;46600;ASH_COATED_OSMIUM;9992;11;9991;14;9990;13;10007;12;10010;13;10013;12;9999.5;0.0
7;46600;INTARIAN_PEPPER_ROOT;20040;9;20038;12;;;20051;8;20052;9;;;20046.0;0.0
7;46700;ASH_COATED_OSMIUM;9991;11;9988;12;9985;13;10007;20;10010;12;10011;12;9999.5;0.0
7;46700;INTARIAN_PEPPER_ROOT;20041;12;20039;12;;;20055;11;20056;25;;;20048.0;0.0
7;46800;ASH_COATED_OSMIUM;9991;12;9988;10;;;10007;12;10010;22;;;9999.0;0.0
7;46800;INTARIAN_PEPPER_ROOT;20040;9;;;;;20053;12;;;;;20047.0;0.0
7;46900;ASH_COATED_OSMIUM;9986;14;9985;11;;;10002;13;10005;15;;;9994.5;0.0
7;46900;INTARIAN_PEPPER_ROOT;20040;10;20039;8;;;20054;12;20056;11;;;20047.0;0.0
7;47000;ASH_COATED_OSMIUM;9992;10;9990;14;9989;14;10008;13;10011;15;10012;26;10000.0;0.0
7;47000;INTARIAN_PEPPER_ROOT;20037;11;20034;12;20033;10;20054;12;20057;12;20059;11;20045.5;0.0
7;47100;ASH_COATED_OSMIUM;9991;11;;;;;10007;13;;;;;9999.0;0.0
7;47100;INTARIAN_PEPPER_ROOT;20042;12;;;;;20054;11;;;;;20048.5;0.0
7;47200;ASH_COATED_OSMIUM;9984;10;9982;29;;;10003;11;10006;23;;;9994.0;0.0
7;47200;INTARIAN_PEPPER_ROOT;20039;11;20036;8;20034;8;20056;9;20059;11;20060;12;20047.5;0.0
7;47300;ASH_COATED_OSMIUM;9991;10;9988;11;;;10007;14;10008;10;;;9999.0;0.0
7;47300;INTARIAN_PEPPER_ROOT;20044;9;20041;8;;;20058;10;20061;9;;;20051.5;0.0
7;47400;ASH_COATED_OSMIUM;9984;10;9981;20;;;10003;15;10005;12;;;9994.0;0.0
7;47400;INTARIAN_PEPPER_ROOT;20039;11;;;;;20055;22;;;;;20047.0;0.0
7;47500;ASH_COATED_OSMIUM;9994;14;9993;13;;;10003;21;10004;10;;;9999.0;0.0
7;47500;INTARIAN_PEPPER_ROOT;20039;8;;;;;20055;10;;;;;20047.5;0.0
7;47600;ASH_COATED_OSMIUM;9985;15;;;;;10001;13;;;;;9993.5;0.0
7;47600;INTARIAN_PEPPER_ROOT;20040;10;20039;10;;;20055;12;20057;8;;;20047.5;0.0
7;47700;ASH_COATED_OSMIUM;9986;12;;;;;10002;12;;;;;9994.0;0.0
7;47700;INTARIAN_PEPPER_ROOT;20042;12;20041;12;20038;11;20059;8;20060;12;20063;10;20050.5;0.0
7;47800;ASH_COATED_OSMIUM;9991;11;;;;;10007;11;;;;;9999.0;0.0
7;47800;INTARIAN_PEPPER_ROOT;20039;8;;;;;20055;12;;;;;20047.0;0.0
7;47900;ASH_COATED_OSMIUM;9990;29;9989;15;9988;14;10006;26;10009;13;10012;13;9998.5;0.0
7;47900;INTARIAN_PEPPER_ROOT;20040;18;;;;;20051;11;;;;;20046.0;0.0
7;48000;ASH_COATED_OSMIUM;9989;14;;;;;10008;12;;;;;9998.5;0.0
7;48000;INTARIAN_PEPPER_ROOT;20036;12;;;;;20048;10;;;;;20042.0;0.0
7;48100;ASH_COATED_OSMIUM;9985;30;9984;13;9983;13;10001;10;10004;15;10005;14;9993.0;0.0
7;48100;INTARIAN_PEPPER_ROOT;20040;12;20037;8;;;20052;11;20054;5;;;20046.0;0.0
7;48200;ASH_COATED_OSMIUM;9990;24;9989;25;9987;2;10006;24;10009;12;10011;12;9998.0;0.0
7;48200;INTARIAN_PEPPER_ROOT;20042;11;20041;12;;;20056;8;20059;8;;;20049.0;0.0
7;48300;ASH_COATED_OSMIUM;9983;12;;;;;9999;11;;;;;9991.0;0.0
7;48300;INTARIAN_PEPPER_ROOT;20043;12;20042;11;20039;8;20055;12;20056;9;20057;10;20049.5;0.0
7;48400;ASH_COATED_OSMIUM;9983;13;;;;;9999;15;;;;;9991.0;0.0
7;48400;INTARIAN_PEPPER_ROOT;20042;4;20039;21;20038;17;20055;16;20057;9;20060;11;20048.5;0.0
7;48500;ASH_COATED_OSMIUM;9983;13;9980;15;9977;13;9999;13;10001;30;10003;14;9991.0;0.0
7;48500;INTARIAN_PEPPER_ROOT;20042;10;20041;11;20038;8;20053;8;20054;9;20056;12;20047.5;0.0
7;48600;ASH_COATED_OSMIUM;9989;27;9986;10;;;9995;14;9998;13;;;9992.0;0.0
7;48600;INTARIAN_PEPPER_ROOT;20047;8;20044;10;;;20051;11;20054;12;;;20049.5;0.0
7;48700;ASH_COATED_OSMIUM;9983;23;9981;11;;;10001;12;10002;28;;;9992.0;0.0
7;48700;INTARIAN_PEPPER_ROOT;20043;10;;;;;20055;10;;;;;20049.5;0.0
7;48800;ASH_COATED_OSMIUM;9984;24;9982;12;9980;21;10000;13;10001;10;10003;12;9992.0;0.0
7;48800;INTARIAN_PEPPER_ROOT;20043;12;;;;;20056;11;;;;;20049.5;0.0
7;48900;ASH_COATED_OSMIUM;9983;14;;;;;9999;11;;;;;9991.0;0.0
7;48900;INTARIAN_PEPPER_ROOT;20043;9;20041;9;;;20057;10;20058;8;;;20050.5;0.0
7;49000;ASH_COATED_OSMIUM;9987;15;9985;15;;;10003;15;10005;10;;;9995.5;0.0
7;49000;INTARIAN_PEPPER_ROOT;20044;8;20041;25;20040;10;20057;24;20059;10;20060;25;20051.0;0.0
7;49100;ASH_COATED_OSMIUM;9987;22;;;;;10003;14;;;;;9995.0;0.0
7;49100;INTARIAN_PEPPER_ROOT;20035;11;;;;;20051;9;;;;;20043.0;0.0
7;49200;ASH_COATED_OSMIUM;9987;14;9984;14;9982;14;10003;11;10006;11;10007;10;9995.0;0.0
7;49200;INTARIAN_PEPPER_ROOT;20039;12;20036;8;20034;8;20052;11;20055;10;20057;8;20045.5;0.0
7;49300;ASH_COATED_OSMIUM;9987;28;9985;10;9984;12;10003;12;10004;14;10007;12;9995.0;0.0
7;49300;INTARIAN_PEPPER_ROOT;20041;8;20040;11;20037;9;20056;11;20057;12;20060;12;20049.0;0.0
7;49400;ASH_COATED_OSMIUM;9987;14;9984;13;9981;24;10003;22;10005;14;10006;15;9995.5;0.0
7;49400;INTARIAN_PEPPER_ROOT;20043;8;;;;;20056;11;;;;;20050.0;0.0
7;49500;ASH_COATED_OSMIUM;9987;15;;;;;10003;29;;;;;9995.5;0.0
7;49500;INTARIAN_PEPPER_ROOT;20043;11;;;;;20055;25;;;;;20049.5;0.0
7;49600;ASH_COATED_OSMIUM;9991;15;9988;24;;;10000;15;10003;13;;;9995.5;0.0
7;49600;INTARIAN_PEPPER_ROOT;20046;25;20044;9;;;20057;11;20060;15;;;20051.5;0.0
7;49700;ASH_COATED_OSMIUM;9982;13;9980;12;;;9998;26;9999;12;;;9990.5;0.0
7;49700;INTARIAN_PEPPER_ROOT;20044;10;20042;9;;;20058;9;20061;11;;;20051.0;0.0
7;49800;ASH_COATED_OSMIUM;9981;14;;;;;9997;13;;;;;9989.5;0.0
7;49800;INTARIAN_PEPPER_ROOT;20047;11;20046;8;;;20061;8;20062;8;;;20054.0;0.0
7;49900;ASH_COATED_OSMIUM;9986;11;9983;11;9980;13;10002;11;10004;15;10005;10;9994.5;0.0
7;49900;INTARIAN_PEPPER_ROOT;20045;9;;;;;20056;10;;;;;20050.5;0.0
7;50000;ASH_COATED_OSMIUM;9981;11;;;;;9997;12;;;;;9989.5;0.0
7;50000;INTARIAN_PEPPER_ROOT;20042;9;20039;9;;;20055;11;20057;9;;;20048.5;0.0
7;50100;ASH_COATED_OSMIUM;9986;14;9985;14;9983;11;10002;12;10005;22;10008;13;9994.0;0.0
7;50100;INTARIAN_PEPPER_ROOT;20041;24;20038;8;;;20055;9;20058;12;;;20048.5;0.0
7;50200;ASH_COATED_OSMIUM;9980;14;9977;29;;;9996;14;9998;13;;;9988.5;0.0
7;50200;INTARIAN_PEPPER_ROOT;20041;9;20039;10;20038;9;20060;20;20061;9;20064;9;20050.5;0.0
7;50300;ASH_COATED_OSMIUM;9985;13;9984;15;;;10003;14;10004;10;;;9994.0;0.0
7;50300;INTARIAN_PEPPER_ROOT;20043;11;20042;12;;;20058;8;20060;12;;;20051.0;0.0
7;50400;ASH_COATED_OSMIUM;9982;14;9979;21;;;9995;11;9998;11;;;9989.0;0.0
7;50400;INTARIAN_PEPPER_ROOT;20041;11;20038;9;;;20055;10;20057;11;;;20048.5;0.0
7;50500;ASH_COATED_OSMIUM;9981;12;9980;12;;;9997;10;9999;13;;;9989.0;0.0
7;50500;INTARIAN_PEPPER_ROOT;20044;12;20042;9;;;20056;9;20057;12;;;20050.0;0.0
7;50600;ASH_COATED_OSMIUM;9984;13;9982;12;;;10003;20;10004;3;;;9994.0;0.0
7;50600;INTARIAN_PEPPER_ROOT;20046;9;20045;8;;;20058;11;20060;11;;;20052.0;0.0
7;50700;ASH_COATED_OSMIUM;9980;30;;;;;9996;11;;;;;9988.5;0.0
7;50700;INTARIAN_PEPPER_ROOT;20046;9;;;;;20058;9;;;;;20052.0;0.0
7;50800;ASH_COATED_OSMIUM;9979;15;9976;10;9974;10;9997;14;9999;13;10000;13;9988.0;0.0
7;50800;INTARIAN_PEPPER_ROOT;20039;9;20036;11;20035;24;20055;11;20058;11;20059;10;20047.0;0.0
7;50900;ASH_COATED_OSMIUM;9985;11;9983;13;9981;10;10001;10;10002;13;10004;15;9993.0;0.0
7;50900;INTARIAN_PEPPER_ROOT;20050;11;20049;10;;;20064;12;20065;12;;;20057.0;0.0
7;51000;ASH_COATED_OSMIUM;9985;10;;;;;10001;9;;;;;9993.0;0.0
7;51000;INTARIAN_PEPPER_ROOT;20044;10;20043;12;;;20058;15;20060;25;;;20051.5;0.0
7;51100;ASH_COATED_OSMIUM;9985;23;9984;11;9981;15;10001;14;10002;15;10003;4;9993.0;0.0
7;51100;INTARIAN_PEPPER_ROOT;20049;10;20048;12;;;20060;9;20063;9;;;20054.5;0.0
7;51200;ASH_COATED_OSMIUM;9985;11;9984;2;9982;14;10001;13;10003;15;10005;10;9993.5;0.0
7;51200;INTARIAN_PEPPER_ROOT;20045;8;;;;;20060;10;;;;;20052.5;0.0
7;51300;ASH_COATED_OSMIUM;9986;10;9985;3;;;10002;11;10005;13;;;9994.0;0.0
7;51300;INTARIAN_PEPPER_ROOT;20047;10;20046;8;;;20059;10;20061;10;;;20053.0;0.0
7;51400;ASH_COATED_OSMIUM;9984;5;9983;11;;;10003;14;10005;13;;;9994.0;0.0
7;51400;INTARIAN_PEPPER_ROOT;20044;11;20042;24;;;20057;12;20058;17;;;20050.5;0.0
7;51500;ASH_COATED_OSMIUM;9985;13;9983;12;9980;10;10003;12;10005;26;10007;13;9994.5;0.0
7;51500;INTARIAN_PEPPER_ROOT;20045;9;20042;11;;;20057;8;20060;11;;;20051.0;0.0
7;51600;ASH_COATED_OSMIUM;9987;13;;;;;10003;12;;;;;9995.0;0.0
7;51600;INTARIAN_PEPPER_ROOT;20044;8;20043;11;;;20058;9;20061;10;;;20051.5;0.0
7;51700;ASH_COATED_OSMIUM;9986;14;9983;12;9982;13;10005;11;10008;10;10009;15;9995.5;0.0
7;51700;INTARIAN_PEPPER_ROOT;20042;8;;;;;20057;12;;;;;20050.0;0.0
7;51800;ASH_COATED_OSMIUM;9987;10;;;;;10003;12;;;;;9995.0;0.0
7;51800;INTARIAN_PEPPER_ROOT;20045;11;20042;11;20039;10;20058;18;20059;8;20062;16;20051.5;0.0
7;51900;ASH_COATED_OSMIUM;9984;10;9982;13;;;10005;12;10006;29;;;9995.0;0.0
7;51900;INTARIAN_PEPPER_ROOT;20045;8;20042;11;20040;3;20059;11;20060;12;20062;9;20052.5;0.0
7;52000;ASH_COATED_OSMIUM;9987;12;;;;;10003;10;;;;;9995.5;0.0
7;52000;INTARIAN_PEPPER_ROOT;20044;11;;;;;20057;9;;;;;20051.0;0.0
7;52100;ASH_COATED_OSMIUM;9987;25;9986;12;9983;11;10003;13;10004;20;10006;15;9995.5;0.0
7;52100;INTARIAN_PEPPER_ROOT;20046;8;;;;;20059;12;;;;;20053.0;0.0
7;52200;ASH_COATED_OSMIUM;9989;11;9987;11;9984;10;10002;11;10005;13;10008;14;9995.5;0.0
7;52200;INTARIAN_PEPPER_ROOT;20045;11;;;;;20058;12;;;;;20052.0;0.0
7;52300;ASH_COATED_OSMIUM;9986;11;9984;12;9982;14;10004;13;10006;14;10007;14;9995.5;0.0
7;52300;INTARIAN_PEPPER_ROOT;20046;12;20043;12;20042;11;20059;11;20062;12;20063;8;20053.0;0.0
7;52400;ASH_COATED_OSMIUM;9987;10;;;;;10003;24;;;;;9995.5;0.0
7;52400;INTARIAN_PEPPER_ROOT;20048;10;20045;11;20042;11;20062;12;20065;19;20067;12;20055.0;0.0
7;52500;ASH_COATED_OSMIUM;9982;12;9979;29;9977;13;9998;10;10000;30;10001;13;9990.5;0.0
7;52500;INTARIAN_PEPPER_ROOT;20043;9;20042;12;20040;12;20060;12;20061;12;20063;12;20051.5;0.0
7;52600;ASH_COATED_OSMIUM;9981;11;;;;;10000;11;;;;;9990.5;0.0
7;52600;INTARIAN_PEPPER_ROOT;20045;9;;;;;20057;21;;;;;20051.0;0.0
7;52700;ASH_COATED_OSMIUM;9986;27;;;;;10004;10;;;;;9995.5;0.0
7;52700;INTARIAN_PEPPER_ROOT;20043;12;20042;11;;;20059;11;20061;12;;;20051.5;0.0
7;52800;ASH_COATED_OSMIUM;9981;3;9979;11;;;10000;10;10002;12;;;9990.5;0.0
7;52800;INTARIAN_PEPPER_ROOT;20046;12;;;;;20060;8;;;;;20053.5;0.0
7;52900;ASH_COATED_OSMIUM;9982;10;9981;24;;;9998;22;9999;10;;;9990.5;0.0
7;52900;INTARIAN_PEPPER_ROOT;20047;8;;;;;20060;23;;;;;20053.5;0.0
7;53000;ASH_COATED_OSMIUM;9988;30;9985;11;9984;14;10004;2;10007;30;10009;10;9996.0;0.0
7;53000;INTARIAN_PEPPER_ROOT;20043;11;20040;9;20039;22;20059;5;20062;10;20065;12;20051.0;0.0
7;53100;ASH_COATED_OSMIUM;9988;12;9987;15;9985;10;10004;10;10006;25;10008;10;9996.0;0.0
7;53100;INTARIAN_PEPPER_ROOT;20044;11;20043;12;20042;11;20060;9;20062;12;20065;11;20052.0;0.0
7;53200;ASH_COATED_OSMIUM;9983;11;9980;10;9978;15;9999;10;10001;11;10002;11;9991.0;0.0
7;53200;INTARIAN_PEPPER_ROOT;20045;6;20044;11;20041;8;20063;11;20066;9;20067;12;20054.5;0.0
7;53300;ASH_COATED_OSMIUM;9983;15;9980;15;;;9999;13;10002;15;;;9991.0;0.0
7;53300;INTARIAN_PEPPER_ROOT;20049;12;20046;10;20043;9;20060;8;20062;9;20065;9;20055.0;0.0
7;53400;ASH_COATED_OSMIUM;9988;26;9986;15;;;10004;11;10007;13;;;9996.0;0.0
7;53400;INTARIAN_PEPPER_ROOT;20045;12;20044;12;20042;12;20058;12;20060;21;20061;11;20052.0;0.0
7;53500;ASH_COATED_OSMIUM;9987;12;9985;13;;;10006;11;10009;14;;;9997.0;0.0
7;53500;INTARIAN_PEPPER_ROOT;20039;11;20037;9;20036;20;20053;9;20055;12;20056;8;20046.5;0.0
7;53600;ASH_COATED_OSMIUM;9983;10;9981;23;;;9999;29;10001;15;;;9991.5;0.0
7;53600;INTARIAN_PEPPER_ROOT;20049;12;20048;10;20047;25;20066;11;20067;9;20068;11;20058.0;0.0
7;53700;ASH_COATED_OSMIUM;9983;12;9980;25;9977;15;9999;13;10002;15;10004;15;9991.0;0.0
7;53700;INTARIAN_PEPPER_ROOT;20052;8;20051;19;20048;10;20064;8;20065;11;20066;25;20058.0;0.0
7;53800;ASH_COATED_OSMIUM;9982;12;9981;27;;;9998;14;10001;29;;;9990.5;0.0
7;53800;INTARIAN_PEPPER_ROOT;20046;15;;;;;20060;11;;;;;20053.5;0.0
7;53900;ASH_COATED_OSMIUM;9982;10;;;;;9998;13;;;;;9990.0;0.0
7;53900;INTARIAN_PEPPER_ROOT;20049;22;20048;12;20045;9;20061;15;20064;11;20065;8;20055.5;0.0
7;54000;ASH_COATED_OSMIUM;9982;11;9979;13;9976;14;9998;5;10001;10;10002;11;9990.0;0.0
7;54000;INTARIAN_PEPPER_ROOT;20044;9;20043;10;;;20056;22;20058;8;;;20050.0;0.0
7;54100;ASH_COATED_OSMIUM;9991;14;9988;29;9985;15;10000;10;10002;15;10004;12;9996.0;0.0
7;54100;INTARIAN_PEPPER_ROOT;20049;8;20048;9;20046;10;20060;9;20063;10;20066;8;20054.5;0.0
7;54200;ASH_COATED_OSMIUM;9983;15;9980;15;9979;15;9999;10;10000;11;10003;10;9991.0;0.0
7;54200;INTARIAN_PEPPER_ROOT;20045;12;20044;11;;;20058;11;20059;16;;;20052.0;0.0
7;54300;ASH_COATED_OSMIUM;9987;15;9985;12;;;10006;14;10007;20;;;9996.5;0.0
7;54300;INTARIAN_PEPPER_ROOT;20048;11;20045;8;;;20060;9;20062;8;;;20054.5;0.0
7;54400;ASH_COATED_OSMIUM;9988;11;;;;;10004;29;;;;;9996.5;0.0
7;54400;INTARIAN_PEPPER_ROOT;20045;8;20042;9;;;20056;10;20057;8;;;20050.5;0.0
7;54500;ASH_COATED_OSMIUM;9989;14;9986;15;9985;15;10005;15;10007;10;10009;15;9997.0;0.0
7;54500;INTARIAN_PEPPER_ROOT;20048;22;20045;12;20042;12;20062;9;20063;11;20064;9;20055.5;0.0
7;54600;ASH_COATED_OSMIUM;9989;11;9987;12;9984;12;10005;13;10008;10;10011;24;9997.0;0.0
7;54600;INTARIAN_PEPPER_ROOT;20048;8;20046;19;20043;11;20060;9;20061;22;20062;11;20054.5;0.0
7;54700;ASH_COATED_OSMIUM;9984;15;9981;15;9978;14;10000;27;10001;11;10004;15;9992.0;0.0
7;54700;INTARIAN_PEPPER_ROOT;20049;12;20047;10;;;20062;8;20063;12;;;20055.5;0.0
7;54800;ASH_COATED_OSMIUM;9983;14;9980;23;;;10001;10;10004;14;;;9992.5;0.0
7;54800;INTARIAN_PEPPER_ROOT;20052;10;;;;;20064;8;;;;;20058.0;0.0
7;54900;ASH_COATED_OSMIUM;9983;22;9982;11;;;10001;15;10003;15;;;9992.5;0.0
7;54900;INTARIAN_PEPPER_ROOT;20050;9;20047;23;;;20063;9;20066;8;;;20056.5;0.0
7;55000;ASH_COATED_OSMIUM;9990;12;9987;29;;;10006;14;10008;10;;;9998.0;0.0
7;55000;INTARIAN_PEPPER_ROOT;20053;12;20050;8;;;20064;9;20065;24;;;20058.5;0.0
7;55100;ASH_COATED_OSMIUM;9983;3;9980;24;;;10002;14;10003;12;;;9993.0;0.0
7;55100;INTARIAN_PEPPER_ROOT;20048;8;20047;10;;;20064;12;20065;8;;;20056.5;0.0
7;55200;ASH_COATED_OSMIUM;9984;15;9981;15;9979;15;10000;13;10001;12;10002;10;9992.5;0.0
7;55200;INTARIAN_PEPPER_ROOT;20047;22;20046;11;;;20062;10;20065;16;;;20055.0;0.0
7;55300;ASH_COATED_OSMIUM;9984;27;;;;;10000;10;;;;;9992.5;0.0
7;55300;INTARIAN_PEPPER_ROOT;20050;10;20048;12;20045;9;20062;11;20063;8;20065;10;20056.0;0.0
7;55400;ASH_COATED_OSMIUM;9988;10;9986;12;9983;14;10006;15;10009;11;10010;15;9997.5;0.0
7;55400;INTARIAN_PEPPER_ROOT;20056;11;;;;;20069;18;;;;;20063.0;0.0
7;55500;ASH_COATED_OSMIUM;9984;10;9981;21;;;10000;10;10003;12;;;9992.5;0.0
7;55500;INTARIAN_PEPPER_ROOT;20050;15;;;;;20062;11;;;;;20056.0;0.0
7;55600;ASH_COATED_OSMIUM;9989;12;;;;;10005;15;;;;;9997.5;0.0
7;55600;INTARIAN_PEPPER_ROOT;20048;8;20045;8;;;20060;8;20062;10;;;20054.5;0.0
7;55700;ASH_COATED_OSMIUM;9989;13;;;;;10005;15;;;;;9997.5;0.0
7;55700;INTARIAN_PEPPER_ROOT;20052;10;20050;11;;;20058;8;20061;12;;;20055.0;0.0
7;55800;ASH_COATED_OSMIUM;9984;12;9982;13;9980;14;10000;12;10001;11;10004;14;9992.5;0.0
7;55800;INTARIAN_PEPPER_ROOT;20051;10;20050;10;20048;10;20063;11;20066;8;20069;20;20057.0;0.0
7;55900;ASH_COATED_OSMIUM;9989;24;9988;10;9986;23;10005;12;10008;10;10011;26;9997.5;0.0
7;55900;INTARIAN_PEPPER_ROOT;20050;12;20048;9;20045;8;20061;12;20063;9;20065;11;20056.0;0.0
7;56000;ASH_COATED_OSMIUM;9985;15;9984;14;9982;15;10001;14;10003;10;10006;15;9993.0;0.0
7;56000;INTARIAN_PEPPER_ROOT;20053;10;;;;;20064;8;;;;;20059.0;0.0
7;56100;ASH_COATED_OSMIUM;9988;13;;;;;9998;11;;;;;9993.0;0.0
7;56100;INTARIAN_PEPPER_ROOT;20053;12;20050;15;;;20067;10;20068;12;;;20060.0;0.0
7;56200;ASH_COATED_OSMIUM;9984;26;;;;;10000;12;;;;;9992.5;0.0
7;56200;INTARIAN_PEPPER_ROOT;20051;11;20049;8;;;20064;10;20066;10;;;20057.5;0.0
7;56300;ASH_COATED_OSMIUM;9989;14;9987;14;;;10005;12;10006;11;;;9997.5;0.0
7;56300;INTARIAN_PEPPER_ROOT;20051;12;;;;;20065;12;;;;;20058.5;0.0
7;56400;ASH_COATED_OSMIUM;9984;14;;;;;10000;10;;;;;9992.5;0.0
7;56400;INTARIAN_PEPPER_ROOT;20043;8;20041;10;20038;10;20056;8;20058;12;20061;11;20049.5;0.0
7;56500;ASH_COATED_OSMIUM;9984;15;;;;;10000;10;;;;;9992.5;0.0
7;56500;INTARIAN_PEPPER_ROOT;20052;10;20051;9;20050;9;20063;12;20066;10;20068;9;20058.0;0.0
7;56600;ASH_COATED_OSMIUM;9986;15;;;;;9995;10;;;;;9991.0;0.0
7;56600;INTARIAN_PEPPER_ROOT;20052;11;;;;;20070;22;;;;;20061.0;0.0
7;56700;ASH_COATED_OSMIUM;9982;6;9979;13;9978;29;10000;15;10001;11;10004;15;9991.5;0.0
7;56700;INTARIAN_PEPPER_ROOT;20045;10;20043;7;20040;10;20060;9;20061;5;20063;10;20052.5;0.0
7;56800;ASH_COATED_OSMIUM;9989;14;9988;12;;;10005;13;10007;12;;;9997.0;0.0
7;56800;INTARIAN_PEPPER_ROOT;20054;9;20053;8;20052;12;20063;8;20064;7;20067;11;20058.5;0.0
7;56900;ASH_COATED_OSMIUM;9984;11;9982;10;;;10000;15;10002;13;;;9992.0;0.0
7;56900;INTARIAN_PEPPER_ROOT;20048;9;20045;11;;;20064;8;20065;12;;;20056.0;0.0
7;57000;ASH_COATED_OSMIUM;9989;15;9986;10;;;10005;12;10008;13;;;9997.0;0.0
7;57000;INTARIAN_PEPPER_ROOT;20045;8;20043;9;;;20058;12;20060;10;;;20052.0;0.0
7;57100;ASH_COATED_OSMIUM;9989;8;9988;15;9987;15;10005;15;10006;13;10008;14;9997.5;0.0
7;57100;INTARIAN_PEPPER_ROOT;20051;12;20048;18;20045;8;20064;12;20066;12;20067;20;20058.0;0.0
7;57200;ASH_COATED_OSMIUM;9984;15;;;;;10000;15;;;;;9992.5;0.0
7;57200;INTARIAN_PEPPER_ROOT;20052;9;20050;9;;;20063;8;20066;10;;;20058.0;0.0
7;57300;ASH_COATED_OSMIUM;9984;12;9981;12;9979;12;10000;12;10001;13;10003;15;9992.5;0.0
7;57300;INTARIAN_PEPPER_ROOT;20050;9;;;;;20063;25;;;;;20057.0;0.0
7;57400;ASH_COATED_OSMIUM;9987;28;9984;13;;;10008;15;10009;15;;;9997.5;0.0
7;57400;INTARIAN_PEPPER_ROOT;20051;9;20048;12;;;20062;8;20063;11;;;20057.0;0.0
7;57500;ASH_COATED_OSMIUM;9990;14;;;;;10006;15;;;;;9998.0;0.0
7;57500;INTARIAN_PEPPER_ROOT;20050;11;20049;15;;;20061;11;20064;23;;;20056.0;0.0
7;57600;ASH_COATED_OSMIUM;9989;12;;;;;10007;12;;;;;9998.0;0.0
7;57600;INTARIAN_PEPPER_ROOT;20050;17;;;;;20063;25;;;;;20057.0;0.0
7;57700;ASH_COATED_OSMIUM;9990;15;9987;11;9985;12;10006;10;10008;29;10011;11;9998.5;0.0
7;57700;INTARIAN_PEPPER_ROOT;20053;16;20051;11;;;20065;22;20068;9;;;20059.0;0.0
7;57800;ASH_COATED_OSMIUM;9989;11;;;;;10007;10;;;;;9998.5;0.0
7;57800;INTARIAN_PEPPER_ROOT;20056;8;20054;11;;;20069;8;20072;12;;;20063.0;0.0
7;57900;ASH_COATED_OSMIUM;9990;12;9987;22;9986;14;10006;11;10007;22;10009;12;9998.5;0.0
7;57900;INTARIAN_PEPPER_ROOT;20048;12;20047;12;;;20064;11;20067;12;;;20056.0;0.0
7;58000;ASH_COATED_OSMIUM;9985;10;9984;12;9981;5;10001;12;10004;13;10005;11;9993.5;0.0
7;58000;INTARIAN_PEPPER_ROOT;20052;19;;;;;20063;12;;;;;20058.0;0.0
7;58100;ASH_COATED_OSMIUM;9991;11;;;;;10007;11;;;;;9999.0;0.0
7;58100;INTARIAN_PEPPER_ROOT;20049;10;;;;;20066;10;;;;;20057.5;0.0
7;58200;ASH_COATED_OSMIUM;9984;11;9983;14;9980;12;10002;12;10005;15;10007;10;9993.5;0.0
7;58200;INTARIAN_PEPPER_ROOT;20051;11;;;;;20063;12;;;;;20057.5;0.0
7;58300;ASH_COATED_OSMIUM;9990;14;9988;27;9986;14;10006;15;10007;12;10009;11;9998.5;0.0
7;58300;INTARIAN_PEPPER_ROOT;20052;12;;;;;20064;10;;;;;20058.0;0.0
7;58400;ASH_COATED_OSMIUM;9990;15;;;;;10008;28;;;;;9999.0;0.0
7;58400;INTARIAN_PEPPER_ROOT;20053;24;;;;;20064;8;;;;;20058.5;0.0
7;58500;ASH_COATED_OSMIUM;9990;10;9988;23;9986;14;10006;10;10008;15;10010;15;9998.5;0.0
7;58500;INTARIAN_PEPPER_ROOT;20051;8;20050;11;;;20065;8;20066;12;;;20058.5;0.0
7;58600;ASH_COATED_OSMIUM;9991;5;9989;14;9988;14;10007;4;10010;10;10011;30;9999.5;0.0
7;58600;INTARIAN_PEPPER_ROOT;20055;17;;;;;20066;12;;;;;20061.0;0.0
7;58700;ASH_COATED_OSMIUM;9990;10;;;;;10009;11;;;;;9999.5;0.0
7;58700;INTARIAN_PEPPER_ROOT;20052;11;;;;;20066;9;;;;;20059.5;0.0
7;58800;ASH_COATED_OSMIUM;9989;15;9986;13;;;10010;10;10013;12;;;10000.0;0.0
7;58800;INTARIAN_PEPPER_ROOT;20050;9;20047;20;20044;9;20061;10;20062;10;20064;12;20056.0;0.0
7;58900;ASH_COATED_OSMIUM;9991;10;;;;;10007;13;;;;;9999.5;0.0
7;58900;INTARIAN_PEPPER_ROOT;20056;10;20054;11;;;20069;9;20071;3;;;20062.5;0.0
7;59000;ASH_COATED_OSMIUM;9986;15;9984;24;;;10002;10;10005;13;;;9994.5;0.0
7;59000;INTARIAN_PEPPER_ROOT;20052;11;;;;;20065;12;;;;;20059.0;0.0
7;59100;ASH_COATED_OSMIUM;9992;13;;;;;10008;14;;;;;10000.5;0.0
7;59100;INTARIAN_PEPPER_ROOT;20052;10;20051;11;;;20066;10;20067;8;;;20059.0;0.0
7;59200;ASH_COATED_OSMIUM;9985;11;;;;;10004;15;;;;;9995.0;0.0
7;59200;INTARIAN_PEPPER_ROOT;20056;12;;;;;20065;15;;;;;20061.0;0.0
7;59300;ASH_COATED_OSMIUM;9987;14;9984;10;9981;23;10003;13;10004;14;10007;22;9995.5;0.0
7;59300;INTARIAN_PEPPER_ROOT;20052;12;20051;10;;;20067;11;20069;8;;;20060.0;0.0
7;59400;ASH_COATED_OSMIUM;9993;11;9990;15;9987;11;9998;14;9999;15;10000;15;9995.5;0.0
7;59400;INTARIAN_PEPPER_ROOT;20049;10;20048;11;;;20066;10;20067;12;;;20058.0;0.0
7;59500;ASH_COATED_OSMIUM;9986;10;9985;13;9983;15;10002;13;10003;5;10006;13;9994.5;0.0
7;59500;INTARIAN_PEPPER_ROOT;20056;24;20053;24;20051;24;20067;10;20069;9;20072;11;20062.0;0.0
7;59600;ASH_COATED_OSMIUM;9991;14;;;;;10007;14;;;;;9999.5;0.0
7;59600;INTARIAN_PEPPER_ROOT;20052;9;20051;11;;;20066;23;20068;12;;;20059.5;0.0
7;59700;ASH_COATED_OSMIUM;9984;10;9982;12;;;10003;23;10004;2;;;9994.0;0.0
7;59700;INTARIAN_PEPPER_ROOT;20052;8;20049;10;20046;10;20064;11;20067;9;20069;11;20058.5;0.0
7;59800;ASH_COATED_OSMIUM;9991;15;9989;12;9987;10;10007;10;10009;13;10010;12;9999.5;0.0
7;59800;INTARIAN_PEPPER_ROOT;20057;10;20056;8;;;20068;8;20069;8;;;20063.0;0.0
7;59900;ASH_COATED_OSMIUM;9990;12;;;;;10009;11;;;;;9999.5;0.0
7;59900;INTARIAN_PEPPER_ROOT;20056;8;20055;22;20053;10;20069;8;20072;8;20074;12;20062.5;0.0
7;60000;ASH_COATED_OSMIUM;9989;13;9988;29;9985;21;10008;13;10010;26;10011;15;9999.0;0.0
7;60000;INTARIAN_PEPPER_ROOT;20053;8;20052;8;;;20067;9;20070;25;;;20060.5;0.0
7;60100;ASH_COATED_OSMIUM;9990;10;9989;10;;;10008;26;10009;13;;;9999.0;0.0
7;60100;INTARIAN_PEPPER_ROOT;20055;21;20054;10;;;20067;9;20068;11;;;20061.0;0.0
7;60200;ASH_COATED_OSMIUM;9991;11;9988;13;9987;13;10007;12;10008;15;10011;27;9999.5;0.0
7;60200;INTARIAN_PEPPER_ROOT;20057;11;20055;10;;;20070;12;20071;10;;;20063.5;0.0
7;60300;ASH_COATED_OSMIUM;9991;15;9990;29;;;10007;11;10008;14;;;9999.5;0.0
7;60300;INTARIAN_PEPPER_ROOT;20053;12;20051;8;;;20068;8;20071;11;;;20061.0;0.0
7;60400;ASH_COATED_OSMIUM;9991;15;;;;;10007;29;;;;;9999.5;0.0
7;60400;INTARIAN_PEPPER_ROOT;20055;9;20054;11;20051;12;20068;12;20069;9;20071;12;20062.0;0.0
7;60500;ASH_COATED_OSMIUM;9986;14;9985;13;9983;10;10002;21;10005;13;10007;5;9994.5;0.0
7;60500;INTARIAN_PEPPER_ROOT;20052;15;20049;11;20047;16;20065;22;20067;9;20069;12;20058.5;0.0
7;60600;ASH_COATED_OSMIUM;9985;26;9984;12;9983;12;10003;14;10005;14;10007;12;9994.5;0.0
7;60600;INTARIAN_PEPPER_ROOT;20052;12;20050;9;20049;12;20064;10;20066;20;20068;10;20058.0;0.0
7;60700;ASH_COATED_OSMIUM;9991;14;9990;5;9989;5;10007;10;10010;13;10012;14;9999.5;0.0
7;60700;INTARIAN_PEPPER_ROOT;20055;9;20053;8;;;20068;23;20069;8;;;20061.5;0.0
7;60800;ASH_COATED_OSMIUM;9988;25;;;;;10001;12;;;;;9994.5;0.0
7;60800;INTARIAN_PEPPER_ROOT;20055;8;20054;20;20051;8;20066;8;20068;12;20069;9;20061.0;0.0
7;60900;ASH_COATED_OSMIUM;9985;24;9983;23;;;10003;10;10005;24;;;9994.0;0.0
7;60900;INTARIAN_PEPPER_ROOT;20052;9;;;;;20065;16;;;;;20058.5;0.0
7;61000;ASH_COATED_OSMIUM;9991;29;9989;13;9986;10;10007;14;10008;12;10010;12;9999.5;0.0
7;61000;INTARIAN_PEPPER_ROOT;20053;9;20051;10;20049;12;20064;18;20067;11;20070;9;20058.5;0.0
7;61100;ASH_COATED_OSMIUM;9985;13;;;;;10003;14;;;;;9994.5;0.0
7;61100;INTARIAN_PEPPER_ROOT;20056;19;20055;12;20052;8;20070;25;20072;9;20075;10;20063.0;0.0
7;61200;ASH_COATED_OSMIUM;9988;14;9987;11;9984;10;9999;11;10001;14;10004;24;9994.0;0.0
7;61200;INTARIAN_PEPPER_ROOT;20052;12;;;;;20066;10;;;;;20059.5;0.0
7;61300;ASH_COATED_OSMIUM;9991;11;9989;15;;;10007;22;10010;13;;;9999.5;0.0
7;61300;INTARIAN_PEPPER_ROOT;20057;12;;;;;20068;9;;;;;20062.5;0.0
7;61400;ASH_COATED_OSMIUM;9989;13;;;;;9999;13;;;;;9994.0;0.0
7;61400;INTARIAN_PEPPER_ROOT;20053;17;;;;;20066;22;;;;;20059.5;0.0
7;61500;ASH_COATED_OSMIUM;9991;10;9989;13;;;10007;15;10010;10;;;9999.5;0.0
7;61500;INTARIAN_PEPPER_ROOT;20050;11;;;;;20067;12;;;;;20059.0;0.0
7;61600;ASH_COATED_OSMIUM;9986;11;9985;14;;;10002;12;10003;10;;;9994.5;0.0
7;61600;INTARIAN_PEPPER_ROOT;20054;11;20053;8;;;20067;12;20069;8;;;20061.0;0.0
7;61700;ASH_COATED_OSMIUM;9994;12;9992;27;9991;13;10005;12;10007;26;10009;11;10000.0;0.0
7;61700;INTARIAN_PEPPER_ROOT;20060;8;20057;8;;;20063;11;20064;9;;;20061.5;0.0
7;61800;ASH_COATED_OSMIUM;9985;13;9982;30;9980;25;10003;28;10004;13;10006;24;9994.5;0.0
7;61800;INTARIAN_PEPPER_ROOT;20050;18;20047;8;20044;10;20067;10;20070;22;20073;19;20058.5;0.0
7;61900;ASH_COATED_OSMIUM;9992;12;9990;2;;;10008;27;10011;10;;;10000.5;0.0
7;61900;INTARIAN_PEPPER_ROOT;20054;8;;;;;20071;12;;;;;20062.5;0.0
7;62000;ASH_COATED_OSMIUM;9986;15;9984;14;;;10002;24;10003;15;;;9994.5;0.0
7;62000;INTARIAN_PEPPER_ROOT;20057;10;20054;11;;;20070;8;20071;17;;;20064.0;0.0
7;62100;ASH_COATED_OSMIUM;9986;10;9985;24;;;10002;14;10003;10;;;9994.5;0.0
7;62100;INTARIAN_PEPPER_ROOT;20060;8;20057;10;;;20065;9;20067;9;;;20062.5;0.0
7;62200;ASH_COATED_OSMIUM;9985;26;9984;26;9981;11;10004;11;10006;10;10007;12;9994.5;0.0
7;62200;INTARIAN_PEPPER_ROOT;20057;10;;;;;20070;10;;;;;20064.0;0.0
7;62300;ASH_COATED_OSMIUM;9986;14;9985;12;;;10002;12;10005;10;;;9994.0;0.0
7;62300;INTARIAN_PEPPER_ROOT;20053;8;20050;9;20048;24;20071;10;20074;12;20075;11;20062.5;0.0
7;62400;ASH_COATED_OSMIUM;9988;13;9986;10;;;10009;15;10011;14;;;9999.0;0.0
7;62400;INTARIAN_PEPPER_ROOT;20056;10;20054;8;;;20067;11;20070;12;;;20062.0;0.0
7;62500;ASH_COATED_OSMIUM;9985;10;9982;21;;;10001;12;10002;10;;;9993.5;0.0
7;62500;INTARIAN_PEPPER_ROOT;20052;25;;;;;20066;9;;;;;20059.5;0.0
7;62600;ASH_COATED_OSMIUM;9990;10;9989;13;;;9996;13;9997;12;;;9993.5;0.0
7;62600;INTARIAN_PEPPER_ROOT;20050;11;;;;;20063;10;;;;;20057.0;0.0
7;62700;ASH_COATED_OSMIUM;9991;12;9990;11;9987;2;10007;28;10008;24;10011;12;9999.0;0.0
7;62700;INTARIAN_PEPPER_ROOT;20052;10;20050;8;20048;10;20068;8;20069;11;20072;17;20060.5;0.0
7;62800;ASH_COATED_OSMIUM;9996;22;9993;15;9990;13;10001;15;10004;13;10006;14;9998.5;0.0
7;62800;INTARIAN_PEPPER_ROOT;20054;9;20052;16;;;20070;10;20072;11;;;20062.5;0.0
7;62900;ASH_COATED_OSMIUM;9989;12;9988;15;9987;13;10008;14;10010;2;10013;15;9998.5;0.0
7;62900;INTARIAN_PEPPER_ROOT;20057;12;;;;;20060;8;;;;;20059.0;0.0
7;63000;ASH_COATED_OSMIUM;9989;12;9988;14;;;10005;12;10006;10;;;9997.5;0.0
7;63000;INTARIAN_PEPPER_ROOT;20058;9;20055;8;;;20071;8;20073;10;;;20065.0;0.0
7;63100;ASH_COATED_OSMIUM;9983;11;;;;;10001;12;;;;;9992.0;0.0
7;63100;INTARIAN_PEPPER_ROOT;20055;24;20053;12;20050;11;20067;9;20070;11;20073;9;20061.0;0.0
7;63200;ASH_COATED_OSMIUM;9989;13;9986;13;9984;12;10005;10;10007;11;10008;20;9997.0;0.0
7;63200;INTARIAN_PEPPER_ROOT;20064;6;20062;21;20059;9;20076;11;20079;11;20080;18;20070.5;0.0
7;63300;ASH_COATED_OSMIUM;9989;15;9986;13;;;10005;15;10008;10;;;9997.0;0.0
7;63300;INTARIAN_PEPPER_ROOT;20056;12;20053;8;20052;10;20067;12;20070;11;20071;10;20061.5;0.0
7;63400;ASH_COATED_OSMIUM;9984;14;;;;;10000;15;;;;;9992.5;0.0
7;63400;INTARIAN_PEPPER_ROOT;20060;16;20058;10;20055;10;20073;8;20076;11;20078;8;20066.5;0.0
7;63500;ASH_COATED_OSMIUM;9990;11;;;;;10006;13;;;;;9998.0;0.0
7;63500;INTARIAN_PEPPER_ROOT;20058;9;20057;6;;;20069;11;20070;10;;;20063.5;0.0
7;63600;ASH_COATED_OSMIUM;9990;12;9989;14;;;10006;14;10008;12;;;9998.0;0.0
7;63600;INTARIAN_PEPPER_ROOT;20056;11;;;;;20068;11;;;;;20062.5;0.0
7;63700;ASH_COATED_OSMIUM;9984;22;9983;15;9982;13;10000;10;10001;11;10004;10;9992.5;0.0
7;63700;INTARIAN_PEPPER_ROOT;20056;10;20054;12;20052;11;20069;9;20070;12;20071;11;20063.0;0.0
7;63800;ASH_COATED_OSMIUM;9995;14;9994;29;;;10001;5;10002;13;;;9998.0;0.0
7;63800;INTARIAN_PEPPER_ROOT;20058;8;20057;11;20054;25;20069;10;20072;11;20073;15;20063.5;0.0
7;63900;ASH_COATED_OSMIUM;9985;11;9982;10;;;10001;13;10004;11;;;9993.5;0.0
7;63900;INTARIAN_PEPPER_ROOT;20054;8;20053;8;;;20066;24;20069;16;;;20060.5;0.0
7;64000;ASH_COATED_OSMIUM;9985;14;;;;;10001;13;;;;;9993.0;0.0
7;64000;INTARIAN_PEPPER_ROOT;20059;18;20057;9;;;20071;10;20072;9;;;20065.0;0.0
7;64100;ASH_COATED_OSMIUM;9985;25;;;;;10001;23;;;;;9993.5;0.0
7;64100;INTARIAN_PEPPER_ROOT;20061;8;20058;8;;;20067;9;20070;8;;;20064.5;0.0
7;64200;ASH_COATED_OSMIUM;9985;14;9983;12;;;10001;5;10003;23;;;9993.5;0.0
7;64200;INTARIAN_PEPPER_ROOT;20061;19;20058;10;20057;23;20073;10;20075;20;20077;12;20067.0;0.0
7;64300;ASH_COATED_OSMIUM;9989;13;9986;14;;;10007;12;10008;13;;;9998.5;0.0
7;64300;INTARIAN_PEPPER_ROOT;20057;12;20054;9;;;20072;8;20075;8;;;20065.0;0.0
7;64400;ASH_COATED_OSMIUM;9985;15;9983;13;;;10001;15;10003;13;;;9993.0;0.0
7;64400;INTARIAN_PEPPER_ROOT;20058;8;20057;10;20055;8;20074;9;20075;11;20077;10;20066.5;0.0
7;64500;ASH_COATED_OSMIUM;9989;14;;;;;10008;15;;;;;9998.5;0.0
7;64500;INTARIAN_PEPPER_ROOT;20056;23;20054;23;20052;11;20068;11;20071;9;20074;25;20062.0;0.0
7;64600;ASH_COATED_OSMIUM;9986;28;9983;12;9981;25;10002;10;10003;10;10006;12;9994.0;0.0
7;64600;INTARIAN_PEPPER_ROOT;20063;8;20060;12;;;20074;18;20076;8;;;20068.5;0.0
