day;timestamp;product;bid_price_1;bid_volume_1;bid_price_2;bid_volume_2;bid_price_3;bid_volume_3;ask_price_1;ask_volume_1;ask_price_2;ask_volume_2;ask_price_3;ask_volume_3;mid_price;profit_and_loss
23;0;ASH_COATED_OSMIUM;9987;13;9984;11;;;10003;13;10005;10;;;9995.5;0.0
23;0;INTARIAN_PEPPER_ROOT;35990;9;35989;11;;;36003;11;36006;9;;;35997.0;0.0
23;100;ASH_COATED_OSMIUM;9982;13;9981;27;;;9998;12;10001;11;;;9990.0;0.0
23;100;INTARIAN_PEPPER_ROOT;35995;9;35994;23;;;36008;10;36011;8;;;36001.5;0.0
23;200;ASH_COATED_OSMIUM;9983;9;9982;11;9981;15;9999;7;10001;4;10002;12;9991.5;0.0
23;200;INTARIAN_PEPPER_ROOT;35999;11;35997;11;;;36011;16;36013;17;;;36005.0;0.0
23;300;ASH_COATED_OSMIUM;9983;13;9980;14;9978;2;10004;12;10006;11;10008;13;9994.0;0.0
23;300;INTARIAN_PEPPER_ROOT;35996;11;35995;8;35994;10;36009;10;36012;17;36013;10;36002.5;0.0
23;400;ASH_COATED_OSMIUM;9983;13;9982;10;;;9999;10;10000;10;;;9991.0;0.0
23;400;INTARIAN_PEPPER_ROOT;35993;12;;;;;36005;11;;;;;35999.5;0.0
23;500;ASH_COATED_OSMIUM;9992;11;;;;;10008;14;;;;;10000.0;0.0
23;500;INTARIAN_PEPPER_ROOT;35997;12;35995;9;;;36010;11;36011;9;;;36003.5;0.0
23;600;ASH_COATED_OSMIUM;9986;30;9985;11;;;10002;15;10004;15;;;9994.5;0.0
23;600;INTARIAN_PEPPER_ROOT;35992;10;35989;9;;;36007;9;36008;10;;;36000.0;0.0
23;700;ASH_COATED_OSMIUM;9988;12;9986;12;;;10004;15;10006;12;;;9996.0;0.0
23;700;INTARIAN_PEPPER_ROOT;35991;12;;;;;36005;10;;;;;35998.5;0.0
23;800;ASH_COATED_OSMIUM;9983;13;9982;12;;;9999;12;10001;14;;;9991.0;0.0
23;800;INTARIAN_PEPPER_ROOT;35994;11;;;;;36005;12;;;;;36000.0;0.0
23;900;ASH_COATED_OSMIUM;9982;12;;;;;9998;3;;;;;9990.5;0.0
23;900;INTARIAN_PEPPER_ROOT;35996;8;35993;8;;;36008;10;36010;17;;;36002.0;0.0
23;1000;ASH_COATED_OSMIUM;9989;11;9987;14;;;10000;13;10003;12;;;9994.5;0.0
23;1000;INTARIAN_PEPPER_ROOT;35993;10;;;;;36005;9;;;;;35999.5;0.0
23;1100;ASH_COATED_OSMIUM;9987;10;9986;12;9985;12;10006;15;10009;15;10012;10;9997.0;0.0
23;1100;INTARIAN_PEPPER_ROOT;35993;10;;;;;36007;9;;;;;36000.0;0.0
23;1200;ASH_COATED_OSMIUM;9982;10;9980;10;9979;15;9998;12;10000;14;10002;13;9990.0;0.0
23;1200;INTARIAN_PEPPER_ROOT;35998;9;35996;12;35994;11;36011;19;36014;10;36017;23;36005.0;0.0
23;1300;ASH_COATED_OSMIUM;9984;11;9981;15;;;10000;10;10003;28;;;9992.0;0.0
23;1300;INTARIAN_PEPPER_ROOT;35998;11;35997;12;35994;10;36011;8;36012;12;36013;9;36005.0;0.0
23;1400;ASH_COATED_OSMIUM;9985;24;;;;;10001;14;;;;;9993.5;0.0
23;1400;INTARIAN_PEPPER_ROOT;35996;11;35994;11;35992;8;36009;12;36010;11;36011;9;36002.5;0.0
23;1500;ASH_COATED_OSMIUM;9992;11;9989;14;;;10008;29;10011;12;;;10000.0;0.0
23;1500;INTARIAN_PEPPER_ROOT;35990;10;35987;17;;;36003;9;36006;8;;;35996.5;0.0
23;1600;ASH_COATED_OSMIUM;9989;24;9987;13;9986;12;10005;10;10007;11;10009;23;9997.0;0.0
23;1600;INTARIAN_PEPPER_ROOT;35997;10;35996;9;35994;12;36010;12;36013;11;36015;18;36003.5;0.0
23;1700;ASH_COATED_OSMIUM;9996;28;9993;12;;;10012;11;10014;12;;;10004.0;0.0
23;1700;INTARIAN_PEPPER_ROOT;35998;18;;;;;36010;25;;;;;36004.0;0.0
23;1800;ASH_COATED_OSMIUM;9990;15;;;;;10009;12;;;;;10000.0;0.0
23;1800;INTARIAN_PEPPER_ROOT;35989;9;;;;;36003;11;;;;;35996.5;0.0
23;1900;ASH_COATED_OSMIUM;9985;12;;;;;10006;11;;;;;9995.5;0.0
23;1900;INTARIAN_PEPPER_ROOT;35998;11;35997;15;;;36010;10;36012;12;;;36004.5;0.0
23;2000;ASH_COATED_OSMIUM;9991;11;9988;26;9986;20;10007;20;10009;11;10010;3;9999.5;0.0
23;2000;INTARIAN_PEPPER_ROOT;35995;9;;;;;36007;12;;;;;36001.5;0.0
23;2100;ASH_COATED_OSMIUM;9988;14;9987;10;;;10006;15;10007;20;;;9997.5;0.0
23;2100;INTARIAN_PEPPER_ROOT;35995;12;35992;10;;;36008;11;36010;19;;;36002.0;0.0
23;2200;ASH_COATED_OSMIUM;9987;13;9985;14;;;10008;14;10009;27;;;9998.0;0.0
23;2200;INTARIAN_PEPPER_ROOT;35997;8;;;;;36008;6;;;;;36002.5;0.0
23;2300;ASH_COATED_OSMIUM;9987;12;9986;24;;;10003;8;10005;26;;;9995.0;0.0
23;2300;INTARIAN_PEPPER_ROOT;35994;9;;;;;36009;10;;;;;36002.0;0.0
23;2400;ASH_COATED_OSMIUM;9988;14;9986;12;;;10009;13;10010;28;;;9999.0;0.0
23;2400;INTARIAN_PEPPER_ROOT;35996;9;;;;;36007;8;;;;;36002.0;0.0
23;2500;ASH_COATED_OSMIUM;9985;15;;;;;10001;15;;;;;9993.0;0.0
23;2500;INTARIAN_PEPPER_ROOT;35993;8;35990;10;;;36006;20;36007;8;;;35999.5;0.0
23;2600;ASH_COATED_OSMIUM;9985;13;9983;2;;;10001;15;10004;14;;;9993.5;0.0
23;2600;INTARIAN_PEPPER_ROOT;35991;10;35990;10;;;36006;12;36007;21;;;35998.5;0.0
23;2700;ASH_COATED_OSMIUM;9984;11;;;;;10000;14;;;;;9992.5;0.0
23;2700;INTARIAN_PEPPER_ROOT;35998;11;35996;25;;;36014;8;36016;15;;;36006.5;0.0
23;2800;ASH_COATED_OSMIUM;9986;10;9985;12;;;9996;10;9999;13;;;9991.0;0.0
23;2800;INTARIAN_PEPPER_ROOT;35997;12;35995;10;;;36010;16;36013;9;;;36003.5;0.0
23;2900;ASH_COATED_OSMIUM;9983;27;9981;15;;;10001;13;10002;15;;;9992.0;0.0
23;2900;INTARIAN_PEPPER_ROOT;35997;8;35996;8;35993;10;36011;10;36014;12;36015;9;36004.0;0.0
23;3000;ASH_COATED_OSMIUM;9991;11;9989;14;;;10003;28;10004;25;;;9997.5;0.0
23;3000;INTARIAN_PEPPER_ROOT;35996;8;35995;9;;;36008;10;36009;8;;;36002.5;0.0
23;3100;ASH_COATED_OSMIUM;9991;26;;;;;10009;26;;;;;10000.0;0.0
23;3100;INTARIAN_PEPPER_ROOT;35996;8;;;;;36007;10;;;;;36002.0;0.0
23;3200;ASH_COATED_OSMIUM;9990;24;9988;3;;;10006;10;10007;14;;;9998.5;0.0
23;3200;INTARIAN_PEPPER_ROOT;35999;10;35998;25;;;36013;8;36016;8;;;36006.5;0.0
23;3300;ASH_COATED_OSMIUM;9995;12;9992;11;9991;11;10011;15;10013;23;10015;4;10003.5;0.0
23;3300;INTARIAN_PEPPER_ROOT;35995;8;35992;23;35991;20;36009;12;36012;7;36015;9;36002.0;0.0
23;3400;ASH_COATED_OSMIUM;10002;15;10001;9;9998;12;10007;14;10008;10;10011;10;10005.0;0.0
23;3400;INTARIAN_PEPPER_ROOT;35992;8;35991;17;35988;11;36013;9;36016;10;36017;9;36002.5;0.0
23;3500;ASH_COATED_OSMIUM;9996;14;9995;11;;;10006;25;10007;11;;;10001.0;0.0
23;3500;INTARIAN_PEPPER_ROOT;35994;11;35991;9;;;36011;10;36012;9;;;36003.0;0.0
23;3600;ASH_COATED_OSMIUM;9995;3;9992;14;9991;13;10014;24;10017;13;10018;13;10005.0;0.0
23;3600;INTARIAN_PEPPER_ROOT;35989;22;35988;10;;;36007;21;36010;8;;;35998.5;0.0
23;3700;ASH_COATED_OSMIUM;9992;14;9990;28;;;10008;11;10011;13;;;10000.5;0.0
23;3700;INTARIAN_PEPPER_ROOT;35996;15;35994;22;;;36009;12;36012;5;;;36002.5;0.0
23;3800;ASH_COATED_OSMIUM;9991;11;9988;10;;;10007;25;10010;11;;;9999.5;0.0
23;3800;INTARIAN_PEPPER_ROOT;36002;12;;;;;36012;12;;;;;36007.0;0.0
23;3900;ASH_COATED_OSMIUM;9989;12;9988;11;;;10005;10;10007;14;;;9997.0;0.0
23;3900;INTARIAN_PEPPER_ROOT;36000;11;;;;;36014;11;;;;;36007.5;0.0
23;4000;ASH_COATED_OSMIUM;9988;11;9987;15;;;10004;14;10006;28;;;9996.0;0.0
23;4000;INTARIAN_PEPPER_ROOT;35998;9;35997;10;;;36011;12;36013;12;;;36004.5;0.0
23;4100;ASH_COATED_OSMIUM;9991;5;9988;12;9986;15;10007;14;10008;11;10010;10;9999.5;0.0
23;4100;INTARIAN_PEPPER_ROOT;35998;25;35997;9;35994;10;36015;11;36017;12;36019;15;36007.0;0.0
23;4200;ASH_COATED_OSMIUM;9993;15;9991;14;;;10009;10;10010;24;;;10001.0;0.0
23;4200;INTARIAN_PEPPER_ROOT;35999;9;;;;;36012;17;;;;;36006.0;0.0
23;4300;ASH_COATED_OSMIUM;10003;10;10001;10;;;10012;15;10013;12;;;10007.5;0.0
23;4300;INTARIAN_PEPPER_ROOT;35997;9;;;;;36010;12;;;;;36003.5;0.0
23;4400;ASH_COATED_OSMIUM;10001;13;;;;;10017;11;;;;;10009.5;0.0
23;4400;INTARIAN_PEPPER_ROOT;35996;3;35994;9;;;36011;9;36013;16;;;36004.0;0.0
23;4500;ASH_COATED_OSMIUM;9996;15;9993;12;9992;13;10012;14;10015;13;10018;12;10004.5;0.0
23;4500;INTARIAN_PEPPER_ROOT;35996;8;35994;12;35992;15;36011;10;36013;10;36016;11;36004.0;0.0
23;4600;ASH_COATED_OSMIUM;9996;4;9994;26;;;10012;14;10013;12;;;10004.0;0.0
23;4600;INTARIAN_PEPPER_ROOT;35997;22;35995;11;;;36013;9;36016;24;;;36005.0;0.0
23;4700;ASH_COATED_OSMIUM;9990;10;9989;10;9988;10;10006;24;10009;11;10012;15;9998.5;0.0
23;4700;INTARIAN_PEPPER_ROOT;35996;12;35993;8;35992;11;36008;10;36009;23;36012;11;36002.5;0.0
23;4800;ASH_COATED_OSMIUM;9994;12;9991;15;;;10010;14;10011;14;;;10002.5;0.0
23;4800;INTARIAN_PEPPER_ROOT;35996;11;35994;12;;;36010;12;36012;8;;;36003.5;0.0
23;4900;ASH_COATED_OSMIUM;9997;11;9995;14;;;10013;15;10016;10;;;10005.0;0.0
23;4900;INTARIAN_PEPPER_ROOT;36000;9;;;;;36013;10;;;;;36006.5;0.0
23;5000;ASH_COATED_OSMIUM;9997;13;9996;13;;;10013;14;10015;15;;;10005.5;0.0
23;5000;INTARIAN_PEPPER_ROOT;35994;9;35992;8;;;36010;8;36013;23;;;36002.5;0.0
23;5100;ASH_COATED_OSMIUM;9996;12;;;;;10012;30;;;;;10004.0;0.0
23;5100;INTARIAN_PEPPER_ROOT;35996;10;35994;12;35991;8;36010;11;36012;9;36015;10;36003.0;0.0
23;5200;ASH_COATED_OSMIUM;9994;14;9992;26;;;10010;11;10013;10;;;10002.5;0.0
23;5200;INTARIAN_PEPPER_ROOT;35995;12;35992;10;35991;10;36008;19;36011;12;36013;11;36002.0;0.0
23;5300;ASH_COATED_OSMIUM;9997;14;9996;11;9993;27;10013;13;10015;14;10017;10;10005.0;0.0
23;5300;INTARIAN_PEPPER_ROOT;35999;11;;;;;36011;9;;;;;36005.0;0.0
23;5400;ASH_COATED_OSMIUM;9998;14;9996;11;;;10014;14;10016;11;;;10006.5;0.0
23;5400;INTARIAN_PEPPER_ROOT;35999;11;;;;;36011;11;;;;;36005.0;0.0
23;5500;ASH_COATED_OSMIUM;10006;15;10004;10;10001;10;10022;14;10023;15;10024;11;10014.0;0.0
23;5500;INTARIAN_PEPPER_ROOT;35996;8;35994;10;;;36010;12;36013;8;;;36003.5;0.0
23;5600;ASH_COATED_OSMIUM;10008;13;10005;15;;;10026;15;10029;13;;;10017.0;0.0
23;5600;INTARIAN_PEPPER_ROOT;35998;12;35995;12;;;36010;15;36011;12;;;36004.5;0.0
23;5700;ASH_COATED_OSMIUM;10004;13;10003;22;10002;12;10020;11;10021;10;10023;14;10012.0;0.0
23;5700;INTARIAN_PEPPER_ROOT;36004;11;;;;;36015;8;;;;;36010.0;0.0
23;5800;ASH_COATED_OSMIUM;10005;10;;;;;10021;14;;;;;10013.0;0.0
23;5800;INTARIAN_PEPPER_ROOT;36000;10;35999;8;35996;8;36015;8;36016;8;36018;10;36008.0;0.0
23;5900;ASH_COATED_OSMIUM;10000;11;;;;;10016;13;;;;;10008.0;0.0
23;5900;INTARIAN_PEPPER_ROOT;35999;12;35998;9;;;36012;8;36014;12;;;36006.0;0.0
23;6000;ASH_COATED_OSMIUM;10001;15;9998;15;;;10017;14;10019;14;;;10009.5;0.0
23;6000;INTARIAN_PEPPER_ROOT;35996;5;35995;15;;;36013;23;36016;12;;;36005.0;0.0
23;6100;ASH_COATED_OSMIUM;9994;10;9991;12;;;10012;11;10013;15;;;10003.5;0.0
23;6100;INTARIAN_PEPPER_ROOT;35999;11;35996;10;35993;8;36015;10;36018;12;36021;3;36007.0;0.0
23;6200;ASH_COATED_OSMIUM;9994;26;9991;11;;;10013;14;10015;14;;;10004.0;0.0
23;6200;INTARIAN_PEPPER_ROOT;35998;12;35996;9;35995;17;36011;12;36014;8;36015;8;36005.0;0.0
23;6300;ASH_COATED_OSMIUM;9995;13;9993;10;9990;10;10011;15;10014;12;10015;10;10003.0;0.0
23;6300;INTARIAN_PEPPER_ROOT;35995;8;35994;10;;;36007;12;36008;12;;;36001.5;0.0
23;6400;ASH_COATED_OSMIUM;9991;15;;;;;10007;11;;;;;9999.5;0.0
23;6400;INTARIAN_PEPPER_ROOT;35999;11;35996;11;;;36012;11;36015;12;;;36006.0;0.0
23;6500;ASH_COATED_OSMIUM;9993;14;;;;;10003;23;;;;;9998.5;0.0
23;6500;INTARIAN_PEPPER_ROOT;35999;10;35997;17;;;36011;15;36012;22;;;36005.0;0.0
23;6600;ASH_COATED_OSMIUM;9987;10;9985;15;;;10003;11;10005;12;;;9995.5;0.0
23;6600;INTARIAN_PEPPER_ROOT;35999;8;35998;23;;;36011;8;36012;11;;;36005.0;0.0
23;6700;ASH_COATED_OSMIUM;9997;13;9996;12;;;10003;14;10006;11;;;10000.0;0.0
23;6700;INTARIAN_PEPPER_ROOT;36003;19;36002;9;;;36016;11;36019;10;;;36009.5;0.0
23;6800;ASH_COATED_OSMIUM;9987;15;9984;24;;;10003;10;10006;21;;;9995.5;0.0
23;6800;INTARIAN_PEPPER_ROOT;36003;10;36000;12;;;36015;6;36018;8;;;36009.5;0.0
23;6900;ASH_COATED_OSMIUM;9984;30;9982;2;9981;9;10003;13;10005;13;10006;15;9994.0;0.0
23;6900;INTARIAN_PEPPER_ROOT;35995;12;35993;12;;;36014;8;36016;11;;;36004.5;0.0
23;7000;ASH_COATED_OSMIUM;9993;14;;;;;10009;14;;;;;10001.0;0.0
23;7000;INTARIAN_PEPPER_ROOT;36002;12;36000;8;;;36014;12;36016;9;;;36008.0;0.0
23;7100;ASH_COATED_OSMIUM;9990;11;;;;;10008;11;;;;;9999.5;0.0
23;7100;INTARIAN_PEPPER_ROOT;36000;10;35999;12;;;36014;9;36016;10;;;36007.5;0.0
23;7200;ASH_COATED_OSMIUM;9993;15;;;;;10009;13;;;;;10001.5;0.0
23;7200;INTARIAN_PEPPER_ROOT;35999;9;;;;;36013;8;;;;;36006.0;0.0
23;7300;ASH_COATED_OSMIUM;9998;10;9996;13;;;10014;12;10016;10;;;10006.5;0.0
23;7300;INTARIAN_PEPPER_ROOT;36002;19;36001;11;;;36016;11;36017;11;;;36009.5;0.0
23;7400;ASH_COATED_OSMIUM;9998;15;9997;11;9995;14;10016;11;10019;12;10021;2;10007.5;0.0
23;7400;INTARIAN_PEPPER_ROOT;36004;11;36002;11;;;36015;10;36018;12;;;36009.5;0.0
23;7500;ASH_COATED_OSMIUM;9996;14;9993;23;;;10014;6;10017;14;;;10005.0;0.0
23;7500;INTARIAN_PEPPER_ROOT;36005;8;;;;;36017;9;;;;;36011.0;0.0
23;7600;ASH_COATED_OSMIUM;9993;14;9991;30;9990;10;10009;12;10010;11;10011;12;10001.5;0.0
23;7600;INTARIAN_PEPPER_ROOT;36001;10;36000;11;35998;9;36014;9;36016;9;36019;12;36008.0;0.0
23;7700;ASH_COATED_OSMIUM;9992;13;;;;;10008;13;;;;;10000.5;0.0
23;7700;INTARIAN_PEPPER_ROOT;36003;12;36000;12;35999;10;36015;12;36018;10;36020;10;36009.5;0.0
23;7800;ASH_COATED_OSMIUM;9994;14;9991;11;;;10010;12;10012;12;;;10002.5;0.0
23;7800;INTARIAN_PEPPER_ROOT;36001;10;36000;11;35999;9;36014;12;36016;12;36017;10;36007.5;0.0
23;7900;ASH_COATED_OSMIUM;9987;14;;;;;10003;22;;;;;9995.5;0.0
23;7900;INTARIAN_PEPPER_ROOT;36002;9;35999;11;35998;12;36015;12;36016;11;36018;19;36008.5;0.0
23;8000;ASH_COATED_OSMIUM;9993;14;;;;;10009;13;;;;;10001.0;0.0
23;8000;INTARIAN_PEPPER_ROOT;36002;20;;;;;36015;20;;;;;36009.0;0.0
23;8100;ASH_COATED_OSMIUM;9987;13;9986;14;9985;30;10003;13;10006;30;10009;13;9995.0;0.0
23;8100;INTARIAN_PEPPER_ROOT;36000;8;35999;11;;;36014;9;36016;10;;;36007.5;0.0
23;8200;ASH_COATED_OSMIUM;9989;15;;;;;10007;11;;;;;9998.0;0.0
23;8200;INTARIAN_PEPPER_ROOT;36003;9;36000;11;;;36014;8;36016;11;;;36009.0;0.0
23;8300;ASH_COATED_OSMIUM;9984;12;9982;10;;;10000;13;10001;15;;;9992.5;0.0
23;8300;INTARIAN_PEPPER_ROOT;36003;10;36002;9;36000;10;36014;12;36016;12;36019;9;36008.5;0.0
23;8400;ASH_COATED_OSMIUM;9988;5;9986;15;;;10007;30;10009;28;;;9998.0;0.0
23;8400;INTARIAN_PEPPER_ROOT;36005;9;36004;10;;;36018;9;36019;25;;;36012.0;0.0
23;8500;ASH_COATED_OSMIUM;9988;15;9985;10;9983;12;10006;10;10008;12;10010;20;9997.5;0.0
23;8500;INTARIAN_PEPPER_ROOT;36003;11;36001;11;;;36015;8;36018;11;;;36009.0;0.0
23;8600;ASH_COATED_OSMIUM;9985;11;;;;;10004;11;;;;;9995.0;0.0
23;8600;INTARIAN_PEPPER_ROOT;35999;9;35997;8;;;36012;9;36014;11;;;36006.0;0.0
23;8700;ASH_COATED_OSMIUM;9987;10;9986;14;;;10003;15;10004;30;;;9995.5;0.0
23;8700;INTARIAN_PEPPER_ROOT;36004;12;36002;12;36001;22;36014;12;36016;10;36019;25;36009.0;0.0
23;8800;ASH_COATED_OSMIUM;9989;2;9988;12;;;10007;26;10010;11;;;9998.0;0.0
23;8800;INTARIAN_PEPPER_ROOT;36003;8;36002;19;;;36016;10;36019;10;;;36009.5;0.0
23;8900;ASH_COATED_OSMIUM;9985;10;9984;11;;;10004;15;10007;10;;;9995.0;0.0
23;8900;INTARIAN_PEPPER_ROOT;35999;10;;;;;36018;11;;;;;36008.5;0.0
23;9000;ASH_COATED_OSMIUM;9983;24;;;;;10004;14;;;;;9993.5;0.0
23;9000;INTARIAN_PEPPER_ROOT;36001;11;36000;17;;;36012;20;36014;8;;;36007.0;0.0
23;9100;ASH_COATED_OSMIUM;9986;23;9983;12;9980;30;10005;13;10007;14;10010;30;9996.0;0.0
23;9100;INTARIAN_PEPPER_ROOT;35999;17;;;;;36012;11;;;;;36005.5;0.0
23;9200;ASH_COATED_OSMIUM;9989;12;9987;14;;;10005;14;10008;13;;;9997.0;0.0
23;9200;INTARIAN_PEPPER_ROOT;36002;12;;;;;36014;10;;;;;36008.0;0.0
23;9300;ASH_COATED_OSMIUM;9991;12;9990;15;;;10007;11;10010;11;;;9999.0;0.0
23;9300;INTARIAN_PEPPER_ROOT;35999;19;35998;8;35995;8;36012;12;36013;12;36016;12;36005.5;0.0
23;9400;ASH_COATED_OSMIUM;9988;11;9987;15;;;10007;14;10009;10;;;9998.0;0.0
23;9400;INTARIAN_PEPPER_ROOT;35998;9;;;;;36012;11;;;;;36005.5;0.0
23;9500;ASH_COATED_OSMIUM;9985;14;9983;13;;;10001;22;10004;11;;;9993.5;0.0
23;9500;INTARIAN_PEPPER_ROOT;36005;12;;;;;36019;12;;;;;36012.0;0.0
23;9600;ASH_COATED_OSMIUM;9982;11;;;;;9998;12;;;;;9990.5;0.0
23;9600;INTARIAN_PEPPER_ROOT;36003;9;;;;;36016;9;;;;;36009.5;0.0
23;9700;ASH_COATED_OSMIUM;9993;10;9991;10;9990;13;10009;11;10010;13;10013;12;10001.5;0.0
23;9700;INTARIAN_PEPPER_ROOT;36001;11;36000;8;;;36012;9;36013;8;;;36006.5;0.0
23;9800;ASH_COATED_OSMIUM;9997;12;9995;11;;;10013;15;10014;14;;;10005.0;0.0
23;9800;INTARIAN_PEPPER_ROOT;36004;12;36003;11;36000;10;36017;10;36018;21;36021;8;36011.0;0.0
23;9900;ASH_COATED_OSMIUM;9997;23;9996;3;;;10013;14;10016;29;;;10005.0;0.0
23;9900;INTARIAN_PEPPER_ROOT;36007;16;;;;;36021;10;;;;;36014.5;0.0
23;10000;ASH_COATED_OSMIUM;9999;14;9998;11;;;10015;14;10016;14;;;10007.5;0.0
23;10000;INTARIAN_PEPPER_ROOT;36005;11;36004;6;36001;9;36018;10;36021;11;36022;12;36011.5;0.0
23;10100;ASH_COATED_OSMIUM;9995;5;9993;13;9991;13;10011;10;10012;10;10013;11;10003.5;0.0
23;10100;INTARIAN_PEPPER_ROOT;36001;8;35998;8;35996;11;36014;9;36016;9;36017;12;36007.5;0.0
23;10200;ASH_COATED_OSMIUM;10000;10;;;;;10009;12;;;;;10005.0;0.0
23;10200;INTARIAN_PEPPER_ROOT;36006;11;;;;;36018;9;;;;;36012.0;0.0
23;10300;ASH_COATED_OSMIUM;10000;13;9998;10;9996;11;10019;13;10021;13;10023;11;10010.0;0.0
23;10300;INTARIAN_PEPPER_ROOT;36002;8;;;;;36016;12;;;;;36009.0;0.0
23;10400;ASH_COATED_OSMIUM;9995;25;9994;15;;;10014;26;10017;22;;;10005.0;0.0
23;10400;INTARIAN_PEPPER_ROOT;35996;10;35995;20;;;36013;12;36016;10;;;36004.5;0.0
23;10500;ASH_COATED_OSMIUM;9997;12;9996;10;;;10013;11;10015;11;;;10005.0;0.0
23;10500;INTARIAN_PEPPER_ROOT;36004;9;;;;;36017;9;;;;;36011.0;0.0
23;10600;ASH_COATED_OSMIUM;9998;23;;;;;10014;12;;;;;10006.5;0.0
23;10600;INTARIAN_PEPPER_ROOT;36004;18;36003;12;36001;12;36017;21;36019;9;36022;24;36011.0;0.0
23;10700;ASH_COATED_OSMIUM;9993;10;9990;10;;;10014;15;10017;13;;;10003.5;0.0
23;10700;INTARIAN_PEPPER_ROOT;36000;9;35997;8;;;36016;12;36019;11;;;36008.0;0.0
23;10800;ASH_COATED_OSMIUM;9993;10;9992;13;;;10009;4;10012;13;;;10001.0;0.0
23;10800;INTARIAN_PEPPER_ROOT;36002;9;35999;9;35997;10;36017;8;36020;5;36023;10;36009.5;0.0
23;10900;ASH_COATED_OSMIUM;9987;15;9986;14;;;10006;15;10009;14;;;9997.0;0.0
23;10900;INTARIAN_PEPPER_ROOT;36006;10;;;;;36019;12;;;;;36013.0;0.0
23;11000;ASH_COATED_OSMIUM;9979;10;9978;20;9976;12;9998;29;9999;14;10002;13;9989.0;0.0
23;11000;INTARIAN_PEPPER_ROOT;36005;10;36002;10;36000;8;36017;10;36019;8;36021;8;36011.0;0.0
23;11100;ASH_COATED_OSMIUM;9985;13;;;;;10001;3;;;;;9993.0;0.0
23;11100;INTARIAN_PEPPER_ROOT;36003;8;36001;10;;;36016;11;36019;9;;;36010.0;0.0
23;11200;ASH_COATED_OSMIUM;9988;13;9985;15;;;10004;11;10005;14;;;9996.0;0.0
23;11200;INTARIAN_PEPPER_ROOT;36005;11;;;;;36018;9;;;;;36012.0;0.0
23;11300;ASH_COATED_OSMIUM;9987;12;;;;;10006;15;;;;;9996.5;0.0
23;11300;INTARIAN_PEPPER_ROOT;36006;10;36005;10;;;36020;10;36021;8;;;36013.0;0.0
23;11400;ASH_COATED_OSMIUM;9992;10;;;;;10008;10;;;;;10000.5;0.0
23;11400;INTARIAN_PEPPER_ROOT;36003;10;36002;12;35999;12;36017;10;36018;25;36021;10;36010.5;0.0
23;11500;ASH_COATED_OSMIUM;9991;11;;;;;10007;20;;;;;9999.0;0.0
23;11500;INTARIAN_PEPPER_ROOT;36000;8;;;;;36016;12;;;;;36008.5;0.0
23;11600;ASH_COATED_OSMIUM;9989;15;9988;15;9986;11;10005;11;10007;10;10009;15;9997.0;0.0
23;11600;INTARIAN_PEPPER_ROOT;36001;10;;;;;36018;19;;;;;36010.0;0.0
23;11700;ASH_COATED_OSMIUM;9993;10;;;;;10009;15;;;;;10001.5;0.0
23;11700;INTARIAN_PEPPER_ROOT;36002;8;35999;23;;;36015;9;36016;9;;;36009.0;0.0
23;11800;ASH_COATED_OSMIUM;9999;12;9998;27;9997;13;10018;15;10021;12;10024;10;10009.0;0.0
23;11800;INTARIAN_PEPPER_ROOT;36009;11;36006;11;;;36021;12;36024;8;;;36015.5;0.0
23;11900;ASH_COATED_OSMIUM;9999;11;9997;13;9994;11;10015;12;10017;12;10020;15;10007.0;0.0
23;11900;INTARIAN_PEPPER_ROOT;36004;12;36003;9;;;36018;10;36021;11;;;36011.5;0.0
23;12000;ASH_COATED_OSMIUM;10001;29;9998;11;;;10022;27;10023;15;;;10011.5;0.0
23;12000;INTARIAN_PEPPER_ROOT;36006;10;;;;;36019;10;;;;;36013.0;0.0
23;12100;ASH_COATED_OSMIUM;9996;11;9993;3;9991;15;10015;26;10016;15;10019;11;10006.0;0.0
23;12100;INTARIAN_PEPPER_ROOT;36003;9;;;;;36018;12;;;;;36010.5;0.0
23;12200;ASH_COATED_OSMIUM;10001;15;9999;21;9998;23;10017;12;10020;15;10021;14;10009.0;0.0
23;12200;INTARIAN_PEPPER_ROOT;36007;9;36006;8;;;36020;11;36023;8;;;36013.5;0.0
23;12300;ASH_COATED_OSMIUM;9998;12;9995;15;9992;15;10014;12;10016;11;10017;14;10006.0;0.0
23;12300;INTARIAN_PEPPER_ROOT;36001;12;35999;8;;;36018;12;36021;9;;;36009.5;0.0
23;12400;ASH_COATED_OSMIUM;10001;14;9998;14;;;10017;12;10019;14;;;10009.5;0.0
23;12400;INTARIAN_PEPPER_ROOT;36009;10;36006;12;;;36021;11;36022;9;;;36015.5;0.0
23;12500;ASH_COATED_OSMIUM;10005;15;10003;11;10000;13;10021;23;10023;12;10025;15;10013.5;0.0
23;12500;INTARIAN_PEPPER_ROOT;36008;9;36007;15;36005;12;36024;10;36026;9;36027;9;36016.5;0.0
23;12600;ASH_COATED_OSMIUM;10008;11;10006;10;;;10027;14;10030;13;;;10017.5;0.0
23;12600;INTARIAN_PEPPER_ROOT;36005;20;36004;9;;;36019;8;36022;10;;;36012.0;0.0
23;12700;ASH_COATED_OSMIUM;10008;15;10005;10;10004;10;10024;26;10026;13;10027;23;10016.0;0.0
23;12700;INTARIAN_PEPPER_ROOT;36005;12;36003;11;;;36019;12;36021;10;;;36012.0;0.0
23;12800;ASH_COATED_OSMIUM;10006;15;;;;;10022;14;;;;;10014.0;0.0
23;12800;INTARIAN_PEPPER_ROOT;36008;9;;;;;36020;9;;;;;36014.0;0.0
23;12900;ASH_COATED_OSMIUM;10003;15;10000;12;9999;12;10019;13;10021;11;10024;12;10011.0;0.0
23;12900;INTARIAN_PEPPER_ROOT;36003;9;36001;18;;;36017;12;36018;20;;;36010.5;0.0
23;13000;ASH_COATED_OSMIUM;10004;15;10003;11;;;10020;14;10023;12;;;10012.5;0.0
23;13000;INTARIAN_PEPPER_ROOT;36009;11;36008;9;;;36022;12;36024;12;;;36016.0;0.0
23;13100;ASH_COATED_OSMIUM;10003;14;10000;12;9997;22;10019;11;10021;13;10024;27;10011.0;0.0
23;13100;INTARIAN_PEPPER_ROOT;36007;9;36006;12;;;36020;12;36023;12;;;36013.5;0.0
23;13200;ASH_COATED_OSMIUM;10001;14;10000;11;;;10017;10;10020;13;;;10009.5;0.0
23;13200;INTARIAN_PEPPER_ROOT;36007;17;36004;12;36003;10;36024;21;36025;10;36028;8;36015.5;0.0
23;13300;ASH_COATED_OSMIUM;10004;4;10003;25;;;10020;10;10021;10;;;10012.0;0.0
23;13300;INTARIAN_PEPPER_ROOT;36006;9;36005;10;;;36019;11;36020;11;;;36013.0;0.0
23;13400;ASH_COATED_OSMIUM;9998;12;;;;;10014;5;;;;;10006.5;0.0
23;13400;INTARIAN_PEPPER_ROOT;36002;12;35999;19;35998;10;36017;12;36019;8;36020;22;36010.0;0.0
23;13500;ASH_COATED_OSMIUM;9997;15;9994;27;;;10013;11;10014;20;;;10005.0;0.0
23;13500;INTARIAN_PEPPER_ROOT;36010;20;36008;8;;;36023;11;36025;10;;;36017.0;0.0
23;13600;ASH_COATED_OSMIUM;9998;12;9997;15;;;10014;28;10017;13;;;10006.5;0.0
23;13600;INTARIAN_PEPPER_ROOT;36006;11;;;;;36020;10;;;;;36013.5;0.0
23;13700;ASH_COATED_OSMIUM;9992;10;9989;13;9987;12;10010;28;10013;15;10014;11;10001.5;0.0
23;13700;INTARIAN_PEPPER_ROOT;36011;10;;;;;36024;12;;;;;36018.0;0.0
23;13800;ASH_COATED_OSMIUM;9991;11;;;;;10007;10;;;;;9999.5;0.0
23;13800;INTARIAN_PEPPER_ROOT;36008;11;;;;;36021;9;;;;;36015.0;0.0
23;13900;ASH_COATED_OSMIUM;9988;12;;;;;10004;13;;;;;9996.0;0.0
23;13900;INTARIAN_PEPPER_ROOT;36005;9;36002;8;;;36017;24;36018;9;;;36011.5;0.0
23;14000;ASH_COATED_OSMIUM;9993;10;9991;11;;;10000;4;10002;11;;;9997.0;0.0
23;14000;INTARIAN_PEPPER_ROOT;36006;8;36004;11;;;36019;9;36020;11;;;36012.5;0.0
23;14100;ASH_COATED_OSMIUM;9995;15;;;;;10011;11;;;;;10003.0;0.0
23;14100;INTARIAN_PEPPER_ROOT;36011;10;36009;9;36007;10;36023;9;36024;8;36025;8;36017.5;0.0
23;14200;ASH_COATED_OSMIUM;9993;10;9992;13;;;10003;12;10005;12;;;9998.5;0.0
23;14200;INTARIAN_PEPPER_ROOT;36008;8;36005;12;36003;8;36022;12;36024;12;36027;12;36015.5;0.0
23;14300;ASH_COATED_OSMIUM;9993;10;9991;24;;;10012;25;10014;12;;;10003.0;0.0
23;14300;INTARIAN_PEPPER_ROOT;36004;8;;;;;36019;9;;;;;36011.5;0.0
23;14400;ASH_COATED_OSMIUM;9996;15;9994;11;9991;13;10006;12;10009;14;10011;10;10001.5;0.0
23;14400;INTARIAN_PEPPER_ROOT;36009;18;36007;12;;;36021;17;36022;12;;;36015.5;0.0
23;14500;ASH_COATED_OSMIUM;9992;10;9989;30;;;10013;13;10015;13;;;10002.5;0.0
23;14500;INTARIAN_PEPPER_ROOT;36010;10;36009;8;36008;9;36026;21;36028;8;36031;11;36018.0;0.0
23;14600;ASH_COATED_OSMIUM;9994;11;9993;20;9991;15;10012;7;10014;12;10017;20;10003.5;0.0
23;14600;INTARIAN_PEPPER_ROOT;36007;3;36005;8;36002;12;36019;10;36022;11;36024;8;36013.5;0.0
23;14700;ASH_COATED_OSMIUM;9999;29;9998;13;;;10010;12;10012;22;;;10005.0;0.0
23;14700;INTARIAN_PEPPER_ROOT;36008;18;36007;16;;;36022;8;36023;11;;;36015.0;0.0
23;14800;ASH_COATED_OSMIUM;9997;13;9995;10;9993;10;10015;15;10018;11;10021;23;10006.0;0.0
23;14800;INTARIAN_PEPPER_ROOT;36008;10;36007;25;;;36022;12;36024;10;;;36015.5;0.0
23;14900;ASH_COATED_OSMIUM;10001;10;10000;27;;;10017;13;10018;13;;;10009.5;0.0
23;14900;INTARIAN_PEPPER_ROOT;36006;8;36004;17;;;36023;11;36024;8;;;36014.5;0.0
23;15000;ASH_COATED_OSMIUM;10004;12;10001;14;9998;11;10020;27;10021;11;10023;13;10012.0;0.0
23;15000;INTARIAN_PEPPER_ROOT;36004;9;36002;8;36001;10;36017;8;36020;10;36022;11;36011.0;0.0
23;15100;ASH_COATED_OSMIUM;10001;12;9999;27;9996;13;10017;10;10019;15;10020;14;10009.5;0.0
23;15100;INTARIAN_PEPPER_ROOT;36009;10;36006;9;;;36023;11;36026;12;;;36016.0;0.0
23;15200;ASH_COATED_OSMIUM;9993;14;9991;13;9989;30;10012;13;10014;2;10016;15;10003.0;0.0
23;15200;INTARIAN_PEPPER_ROOT;36007;11;36004;15;36002;18;36023;8;36025;8;36026;12;36015.5;0.0
23;15300;ASH_COATED_OSMIUM;9989;14;;;;;10005;12;;;;;9997.5;0.0
23;15300;INTARIAN_PEPPER_ROOT;36009;12;36008;10;36006;9;36023;11;36024;12;36025;12;36016.5;0.0
23;15400;ASH_COATED_OSMIUM;9991;12;9988;15;9985;21;10007;14;10010;12;10011;13;9999.5;0.0
23;15400;INTARIAN_PEPPER_ROOT;36008;23;36006;10;;;36023;22;36025;12;;;36015.5;0.0
23;15500;ASH_COATED_OSMIUM;9988;10;;;;;10004;11;;;;;9996.5;0.0
23;15500;INTARIAN_PEPPER_ROOT;36015;8;36014;10;;;36026;8;36027;12;;;36020.5;0.0
23;15600;ASH_COATED_OSMIUM;9986;13;;;;;9998;10;;;;;9992.5;0.0
23;15600;INTARIAN_PEPPER_ROOT;36005;12;36003;8;36001;9;36022;11;36024;9;36026;15;36013.5;0.0
23;15700;ASH_COATED_OSMIUM;9985;14;9984;11;;;10001;13;10004;22;;;9993.5;0.0
23;15700;INTARIAN_PEPPER_ROOT;36009;9;;;;;36025;9;;;;;36017.0;0.0
23;15800;ASH_COATED_OSMIUM;9985;29;9983;12;9981;12;10003;10;10004;11;10006;5;9994.5;0.0
23;15800;INTARIAN_PEPPER_ROOT;36008;11;36006;10;;;36024;12;36027;10;;;36016.0;0.0
23;15900;ASH_COATED_OSMIUM;9984;13;9983;13;;;10002;12;10003;15;;;9993.0;0.0
23;15900;INTARIAN_PEPPER_ROOT;36008;12;36007;12;36004;9;36021;10;36023;11;36024;12;36014.5;0.0
23;16000;ASH_COATED_OSMIUM;9984;24;9982;11;;;10003;22;10006;15;;;9994.0;0.0
23;16000;INTARIAN_PEPPER_ROOT;36010;9;36009;10;36007;15;36023;9;36025;10;36027;8;36017.0;0.0
23;16100;ASH_COATED_OSMIUM;9987;2;9984;11;9982;22;10003;14;10004;14;10006;12;9995.5;0.0
23;16100;INTARIAN_PEPPER_ROOT;36008;9;36006;9;;;36022;10;36023;12;;;36015.5;0.0
23;16200;ASH_COATED_OSMIUM;9989;24;9986;12;;;10005;14;10008;15;;;9997.5;0.0
23;16200;INTARIAN_PEPPER_ROOT;36008;12;36006;10;36004;11;36022;11;36024;9;36025;10;36015.0;0.0
23;16300;ASH_COATED_OSMIUM;9991;15;;;;;10007;15;;;;;9999.0;0.0
23;16300;INTARIAN_PEPPER_ROOT;36010;8;36007;9;;;36018;22;36019;8;;;36014.5;0.0
23;16400;ASH_COATED_OSMIUM;9988;13;9985;13;9982;29;10004;12;10007;11;10009;7;9996.5;0.0
23;16400;INTARIAN_PEPPER_ROOT;36013;22;;;;;36018;8;;;;;36016.0;0.0
23;16500;ASH_COATED_OSMIUM;9993;12;;;;;10009;11;;;;;10001.0;0.0
23;16500;INTARIAN_PEPPER_ROOT;36010;9;;;;;36021;20;;;;;36015.5;0.0
23;16600;ASH_COATED_OSMIUM;9988;11;;;;;10004;15;;;;;9996.5;0.0
23;16600;INTARIAN_PEPPER_ROOT;36014;18;36012;10;;;36017;8;36019;11;;;36016.0;0.0
23;16700;ASH_COATED_OSMIUM;9990;10;;;;;10009;11;;;;;10000.0;0.0
23;16700;INTARIAN_PEPPER_ROOT;36010;9;;;;;36023;11;;;;;36016.5;0.0
23;16800;ASH_COATED_OSMIUM;9993;13;9991;9;;;10009;10;10010;28;;;10001.0;0.0
23;16800;INTARIAN_PEPPER_ROOT;36009;10;36006;11;36003;5;36022;12;36024;8;36025;10;36015.5;0.0
23;16900;ASH_COATED_OSMIUM;9997;14;9996;11;;;10006;7;10008;14;;;10002.0;0.0
23;16900;INTARIAN_PEPPER_ROOT;36012;9;36011;12;;;36023;9;36025;9;;;36018.0;0.0
23;17000;ASH_COATED_OSMIUM;9996;25;9994;15;;;10012;10;10015;12;;;10004.0;0.0
23;17000;INTARIAN_PEPPER_ROOT;36010;8;36008;7;36006;9;36025;8;36027;9;36029;10;36018.0;0.0
23;17100;ASH_COATED_OSMIUM;9989;10;;;;;10005;12;;;;;9997.0;0.0
23;17100;INTARIAN_PEPPER_ROOT;36013;25;36010;11;;;36026;11;36028;9;;;36020.0;0.0
23;17200;ASH_COATED_OSMIUM;9993;13;9990;11;;;10011;24;10012;11;;;10002.5;0.0
23;17200;INTARIAN_PEPPER_ROOT;36011;11;36010;10;;;36022;12;36023;11;;;36017.0;0.0
23;17300;ASH_COATED_OSMIUM;9992;21;;;;;10010;11;;;;;10001.0;0.0
23;17300;INTARIAN_PEPPER_ROOT;36012;15;36010;9;36008;12;36024;7;36027;11;36030;12;36018.0;0.0
23;17400;ASH_COATED_OSMIUM;9997;12;9994;14;;;10013;27;10015;13;;;10005.0;0.0
23;17400;INTARIAN_PEPPER_ROOT;36010;12;36009;8;36008;16;36023;12;36026;11;36029;11;36016.5;0.0
23;17500;ASH_COATED_OSMIUM;9994;27;9992;15;;;10010;14;10011;26;;;10002.5;0.0
23;17500;INTARIAN_PEPPER_ROOT;36010;7;36007;10;;;36022;6;36025;11;;;36016.5;0.0
23;17600;ASH_COATED_OSMIUM;9994;12;9993;15;;;10010;12;10013;28;;;10002.5;0.0
23;17600;INTARIAN_PEPPER_ROOT;36013;10;36010;12;;;36027;10;36028;10;;;36020.5;0.0
23;17700;ASH_COATED_OSMIUM;9986;11;9983;12;9980;30;10002;11;10003;14;10006;12;9994.5;0.0
23;17700;INTARIAN_PEPPER_ROOT;36016;8;36015;8;36012;9;36027;9;36029;9;36032;16;36022.0;0.0
23;17800;ASH_COATED_OSMIUM;9997;8;;;;;10013;12;;;;;10005.0;0.0
23;17800;INTARIAN_PEPPER_ROOT;36016;10;36015;11;36014;8;36028;11;36029;20;36031;9;36022.5;0.0
23;17900;ASH_COATED_OSMIUM;9996;15;9993;11;;;10014;14;10016;10;;;10005.5;0.0
23;17900;INTARIAN_PEPPER_ROOT;36007;11;36005;11;36002;10;36022;10;36023;12;36025;11;36015.0;0.0
23;18000;ASH_COATED_OSMIUM;9993;10;;;;;10012;12;;;;;10003.0;0.0
23;18000;INTARIAN_PEPPER_ROOT;36014;11;36013;12;;;36031;11;36034;23;;;36023.0;0.0
23;18100;ASH_COATED_OSMIUM;9997;10;9995;11;9992;11;10016;13;10019;29;10022;14;10007.0;0.0
23;18100;INTARIAN_PEPPER_ROOT;36009;11;;;;;36022;9;;;;;36015.5;0.0
23;18200;ASH_COATED_OSMIUM;9999;12;9996;14;9995;11;10015;21;10016;25;10018;10;10007.0;0.0
23;18200;INTARIAN_PEPPER_ROOT;36015;10;;;;;36031;12;;;;;36023.0;0.0
23;18300;ASH_COATED_OSMIUM;9996;10;;;;;10012;10;;;;;10004.5;0.0
23;18300;INTARIAN_PEPPER_ROOT;36014;9;;;;;36028;12;;;;;36021.0;0.0
23;18400;ASH_COATED_OSMIUM;9996;13;;;;;10012;7;;;;;10004.0;0.0
23;18400;INTARIAN_PEPPER_ROOT;36013;17;36012;11;;;36024;8;36027;8;;;36018.5;0.0
23;18500;ASH_COATED_OSMIUM;9996;14;;;;;10006;15;;;;;10001.0;0.0
23;18500;INTARIAN_PEPPER_ROOT;36011;10;36010;11;;;36026;25;36028;12;;;36019.0;0.0
23;18600;ASH_COATED_OSMIUM;9997;15;9995;9;;;10013;24;10014;10;;;10005.0;0.0
23;18600;INTARIAN_PEPPER_ROOT;36012;8;36011;11;;;36024;12;36027;18;;;36018.5;0.0
23;18700;ASH_COATED_OSMIUM;9989;10;;;;;10007;10;;;;;9998.0;0.0
23;18700;INTARIAN_PEPPER_ROOT;36011;10;36010;9;;;36022;16;36025;8;;;36016.5;0.0
23;18800;ASH_COATED_OSMIUM;9993;10;9992;15;;;10009;11;10012;12;;;10001.5;0.0
23;18800;INTARIAN_PEPPER_ROOT;36011;8;;;;;36026;19;;;;;36018.5;0.0
23;18900;ASH_COATED_OSMIUM;9996;11;;;;;10007;13;;;;;10001.5;0.0
23;18900;INTARIAN_PEPPER_ROOT;36012;9;36009;8;36008;10;36027;11;36029;11;36032;8;36020.0;0.0
23;19000;ASH_COATED_OSMIUM;9993;21;;;;;10009;15;;;;;10001.5;0.0
23;19000;INTARIAN_PEPPER_ROOT;36010;8;36007;11;36004;8;36023;9;36026;8;36028;8;36017.0;0.0
23;19100;ASH_COATED_OSMIUM;9998;15;9995;11;;;10014;13;10017;2;;;10006.0;0.0
23;19100;INTARIAN_PEPPER_ROOT;36008;8;36006;11;;;36025;12;36026;8;;;36016.5;0.0
23;19200;ASH_COATED_OSMIUM;9995;10;9992;12;9990;12;10011;14;10014;11;10015;10;10003.5;0.0
23;19200;INTARIAN_PEPPER_ROOT;36014;12;36013;8;;;36031;10;36033;10;;;36022.5;0.0
23;19300;ASH_COATED_OSMIUM;9994;21;9993;11;;;10010;2;10012;10;;;10002.0;0.0
23;19300;INTARIAN_PEPPER_ROOT;36010;9;;;;;36025;12;;;;;36018.0;0.0
23;19400;ASH_COATED_OSMIUM;9991;11;9990;14;9987;24;10007;14;10009;14;10012;25;9999.5;0.0
23;19400;INTARIAN_PEPPER_ROOT;36014;10;36013;12;;;36027;11;36029;12;;;36020.5;0.0
23;19500;ASH_COATED_OSMIUM;9991;11;9989;14;;;10007;28;10008;4;;;9999.5;0.0
23;19500;INTARIAN_PEPPER_ROOT;36016;6;36013;9;;;36031;22;36032;9;;;36023.5;0.0
23;19600;ASH_COATED_OSMIUM;9993;30;;;;;10009;13;;;;;10001.5;0.0
23;19600;INTARIAN_PEPPER_ROOT;36011;8;36008;11;;;36028;10;36030;10;;;36020.0;0.0
23;19700;ASH_COATED_OSMIUM;9994;12;9993;10;;;10013;13;10015;23;;;10004.0;0.0
23;19700;INTARIAN_PEPPER_ROOT;36010;12;36007;12;;;36023;22;36024;12;;;36017.0;0.0
23;19800;ASH_COATED_OSMIUM;9991;11;9988;12;;;10007;14;10008;15;;;9999.5;0.0
23;19800;INTARIAN_PEPPER_ROOT;36014;8;36013;10;;;36027;9;36028;11;;;36020.5;0.0
23;19900;ASH_COATED_OSMIUM;9992;21;9991;10;;;10010;12;10011;15;;;10001.0;0.0
23;19900;INTARIAN_PEPPER_ROOT;36014;11;36012;20;36010;9;36027;11;36029;9;36031;11;36021.0;0.0
23;20000;ASH_COATED_OSMIUM;9994;12;;;;;10010;12;;;;;10002.0;0.0
23;20000;INTARIAN_PEPPER_ROOT;36011;9;;;;;36031;17;;;;;36021.5;0.0
23;20100;ASH_COATED_OSMIUM;9999;23;9997;11;;;10017;22;10018;10;;;10008.5;0.0
23;20100;INTARIAN_PEPPER_ROOT;36013;11;36011;8;36010;11;36027;9;36030;10;36033;10;36020.0;0.0
23;20200;ASH_COATED_OSMIUM;10000;12;9997;11;9995;15;10016;11;10017;15;10018;14;10008.5;0.0
23;20200;INTARIAN_PEPPER_ROOT;36015;12;36014;12;36013;21;36026;9;36029;12;36030;12;36020.5;0.0
23;20300;ASH_COATED_OSMIUM;10000;12;9999;15;;;10007;11;10008;26;;;10004.0;0.0
23;20300;INTARIAN_PEPPER_ROOT;36015;10;36014;9;;;36028;22;36029;22;;;36021.5;0.0
23;20400;ASH_COATED_OSMIUM;9997;12;9995;26;9994;22;10013;28;10014;13;10016;11;10005.0;0.0
23;20400;INTARIAN_PEPPER_ROOT;36014;8;36013;8;36012;8;36027;12;36028;9;36031;10;36020.5;0.0
23;20500;ASH_COATED_OSMIUM;9995;11;9994;12;;;10011;14;10013;14;;;10003.0;0.0
23;20500;INTARIAN_PEPPER_ROOT;36011;10;36008;25;36005;9;36024;10;36025;12;36026;11;36018.0;0.0
23;20600;ASH_COATED_OSMIUM;9995;24;9993;30;;;10011;15;10012;23;;;10003.5;0.0
23;20600;INTARIAN_PEPPER_ROOT;36012;12;36010;10;;;36029;8;36030;8;;;36020.5;0.0
23;20700;ASH_COATED_OSMIUM;9994;20;9991;13;;;10010;13;10011;13;;;10002.5;0.0
23;20700;INTARIAN_PEPPER_ROOT;36012;8;36009;10;36008;12;36024;17;36026;6;36028;8;36018.5;0.0
23;20800;ASH_COATED_OSMIUM;9994;13;9992;12;;;10010;15;10012;6;;;10002.0;0.0
23;20800;INTARIAN_PEPPER_ROOT;36019;20;36018;11;36015;10;36022;16;36023;9;36026;11;36020.5;0.0
23;20900;ASH_COATED_OSMIUM;9990;12;9988;14;;;10006;12;10009;10;;;9998.0;0.0
23;20900;INTARIAN_PEPPER_ROOT;36015;10;;;;;36027;12;;;;;36021.0;0.0
23;21000;ASH_COATED_OSMIUM;9989;24;9987;15;;;10008;12;10011;15;;;9998.5;0.0
23;21000;INTARIAN_PEPPER_ROOT;36017;9;;;;;36028;20;;;;;36023.0;0.0
23;21100;ASH_COATED_OSMIUM;9993;13;9990;5;;;10012;12;10013;30;;;10003.0;0.0
23;21100;INTARIAN_PEPPER_ROOT;36013;8;;;;;36025;21;;;;;36019.0;0.0
23;21200;ASH_COATED_OSMIUM;9996;13;;;;;10015;12;;;;;10005.5;0.0
23;21200;INTARIAN_PEPPER_ROOT;36011;8;36008;12;;;36028;11;36030;11;;;36019.5;0.0
23;21300;ASH_COATED_OSMIUM;10001;25;10000;25;9997;12;10012;25;10013;24;10014;22;10006.5;0.0
23;21300;INTARIAN_PEPPER_ROOT;36018;8;;;;;36031;8;;;;;36024.5;0.0
23;21400;ASH_COATED_OSMIUM;9997;30;9995;15;;;10016;11;10017;22;;;10007.0;0.0
23;21400;INTARIAN_PEPPER_ROOT;36014;25;36012;21;;;36028;12;36031;8;;;36021.5;0.0
23;21500;ASH_COATED_OSMIUM;9996;5;9993;15;;;10012;4;10014;12;;;10004.5;0.0
23;21500;INTARIAN_PEPPER_ROOT;36023;17;36020;10;36019;11;36025;16;36028;12;36029;8;36024.0;0.0
23;21600;ASH_COATED_OSMIUM;9994;14;9992;15;;;10010;11;10013;12;;;10002.0;0.0
23;21600;INTARIAN_PEPPER_ROOT;36016;11;36013;9;;;36029;12;36031;11;;;36022.5;0.0
23;21700;ASH_COATED_OSMIUM;9989;29;9987;15;;;10000;15;10001;12;;;9995.0;0.0
23;21700;INTARIAN_PEPPER_ROOT;36014;8;36012;8;;;36026;17;36027;10;;;36020.5;0.0
23;21800;ASH_COATED_OSMIUM;9989;13;9987;14;9985;13;10005;21;10007;14;10008;13;9997.0;0.0
23;21800;INTARIAN_PEPPER_ROOT;36015;8;;;;;36031;9;;;;;36023.0;0.0
23;21900;ASH_COATED_OSMIUM;9994;15;9991;14;;;10004;12;10005;14;;;9999.5;0.0
23;21900;INTARIAN_PEPPER_ROOT;36012;11;36010;9;36007;12;36026;9;36029;8;36030;10;36019.0;0.0
23;22000;ASH_COATED_OSMIUM;9992;14;9989;13;9986;11;10008;10;10010;14;10012;27;10000.5;0.0
23;22000;INTARIAN_PEPPER_ROOT;36018;8;36017;12;;;36030;11;36033;22;;;36024.0;0.0
23;22100;ASH_COATED_OSMIUM;9994;20;9991;12;9990;12;10010;14;10011;15;10013;28;10002.5;0.0
23;22100;INTARIAN_PEPPER_ROOT;36014;10;36012;9;;;36026;12;36027;12;;;36020.0;0.0
23;22200;ASH_COATED_OSMIUM;9991;11;9989;11;9987;30;10009;10;10012;4;10015;13;10000.5;0.0
23;22200;INTARIAN_PEPPER_ROOT;36018;8;;;;;36029;11;;;;;36024.0;0.0
23;22300;ASH_COATED_OSMIUM;9984;15;9982;12;;;10002;10;10005;15;;;9993.5;0.0
23;22300;INTARIAN_PEPPER_ROOT;36016;8;36013;16;36010;8;36029;11;36030;10;36033;12;36023.0;0.0
23;22400;ASH_COATED_OSMIUM;9989;15;9986;11;;;10007;12;10008;15;;;9998.0;0.0
23;22400;INTARIAN_PEPPER_ROOT;36016;11;36013;8;;;36027;11;36029;8;;;36021.5;0.0
23;22500;ASH_COATED_OSMIUM;9989;14;;;;;10005;25;;;;;9997.5;0.0
23;22500;INTARIAN_PEPPER_ROOT;36017;21;36015;10;;;36031;8;36034;11;;;36024.5;0.0
23;22600;ASH_COATED_OSMIUM;9994;28;9991;15;;;10010;10;10013;10;;;10002.0;0.0
23;22600;INTARIAN_PEPPER_ROOT;36019;11;36018;18;;;36027;9;36029;10;;;36023.0;0.0
23;22700;ASH_COATED_OSMIUM;9994;13;9991;14;9990;15;10010;21;10012;10;10013;27;10002.0;0.0
23;22700;INTARIAN_PEPPER_ROOT;36016;12;36014;8;36011;10;36029;12;36030;9;36032;20;36023.0;0.0
23;22800;ASH_COATED_OSMIUM;9993;11;9992;15;9989;13;10011;14;10014;15;10017;15;10002.0;0.0
23;22800;INTARIAN_PEPPER_ROOT;36014;8;;;;;36026;9;;;;;36020.5;0.0
23;22900;ASH_COATED_OSMIUM;9989;10;;;;;10010;20;;;;;9999.5;0.0
23;22900;INTARIAN_PEPPER_ROOT;36018;8;36017;8;;;36031;12;36033;8;;;36025.0;0.0
23;23000;ASH_COATED_OSMIUM;9991;25;9988;15;;;10007;13;10010;14;;;9999.5;0.0
23;23000;INTARIAN_PEPPER_ROOT;36013;10;;;;;36030;12;;;;;36022.0;0.0
23;23100;ASH_COATED_OSMIUM;9995;14;9992;11;;;10011;13;10014;11;;;10003.0;0.0
23;23100;INTARIAN_PEPPER_ROOT;36015;9;;;;;36029;8;;;;;36022.0;0.0
23;23200;ASH_COATED_OSMIUM;9991;10;9989;15;;;10007;13;10008;14;;;9999.5;0.0
23;23200;INTARIAN_PEPPER_ROOT;36019;11;36016;9;36013;12;36032;9;36034;8;36037;12;36026.0;0.0
23;23300;ASH_COATED_OSMIUM;9997;15;9995;13;;;10013;14;10014;12;;;10005.0;0.0
23;23300;INTARIAN_PEPPER_ROOT;36011;12;36008;9;;;36024;12;36025;8;;;36018.0;0.0
23;23400;ASH_COATED_OSMIUM;9994;4;9993;4;9990;12;10013;2;10015;13;10017;5;10004.0;0.0
23;23400;INTARIAN_PEPPER_ROOT;36021;24;36018;22;36015;12;36024;9;36027;10;36030;16;36022.5;0.0
23;23500;ASH_COATED_OSMIUM;10003;13;10002;10;10000;5;10012;12;10014;12;10015;12;10007.5;0.0
23;23500;INTARIAN_PEPPER_ROOT;36017;12;36016;21;;;36028;12;36029;11;;;36023.0;0.0
23;23600;ASH_COATED_OSMIUM;9996;11;9995;11;;;10012;30;10015;12;;;10004.5;0.0
23;23600;INTARIAN_PEPPER_ROOT;36020;8;36017;9;;;36033;11;36035;9;;;36026.5;0.0
23;23700;ASH_COATED_OSMIUM;9998;14;;;;;10019;29;;;;;10008.5;0.0
23;23700;INTARIAN_PEPPER_ROOT;36017;23;36015;8;;;36030;23;36033;12;;;36023.5;0.0
23;23800;ASH_COATED_OSMIUM;9998;15;9997;27;9995;10;10016;13;10019;12;10021;23;10007.5;0.0
23;23800;INTARIAN_PEPPER_ROOT;36016;8;36013;11;36012;10;36034;22;36037;16;36038;15;36025.5;0.0
23;23900;ASH_COATED_OSMIUM;9996;11;9994;12;9992;15;10012;12;10014;4;10016;12;10004.0;0.0
23;23900;INTARIAN_PEPPER_ROOT;36015;22;36013;10;36012;10;36029;12;36032;19;36035;10;36022.5;0.0
23;24000;ASH_COATED_OSMIUM;9983;27;;;;;9999;20;;;;;9991.0;0.0
23;24000;INTARIAN_PEPPER_ROOT;36015;22;36012;10;;;36032;12;36034;10;;;36023.5;0.0
23;24100;ASH_COATED_OSMIUM;9985;10;9983;10;;;10004;14;10005;14;;;9994.5;0.0
23;24100;INTARIAN_PEPPER_ROOT;36014;12;36012;11;;;36030;12;36031;10;;;36022.5;0.0
23;24200;ASH_COATED_OSMIUM;9989;13;9987;11;;;10008;13;10011;15;;;9998.5;0.0
23;24200;INTARIAN_PEPPER_ROOT;36015;24;36013;8;;;36032;10;36034;10;;;36024.0;0.0
23;24300;ASH_COATED_OSMIUM;9988;10;9985;26;;;10004;12;10005;14;;;9996.0;0.0
23;24300;INTARIAN_PEPPER_ROOT;36013;22;36011;8;;;36027;12;36029;9;;;36020.5;0.0
23;24400;ASH_COATED_OSMIUM;9990;4;;;;;10006;13;;;;;9998.0;0.0
23;24400;INTARIAN_PEPPER_ROOT;36018;9;36015;23;;;36030;11;36033;9;;;36024.5;0.0
23;24500;ASH_COATED_OSMIUM;9987;13;9985;14;;;10006;10;10007;15;;;9997.0;0.0
23;24500;INTARIAN_PEPPER_ROOT;36020;8;36019;9;;;36031;9;36032;11;;;36025.5;0.0
23;24600;ASH_COATED_OSMIUM;9985;15;9983;30;;;10001;15;10003;13;;;9993.5;0.0
23;24600;INTARIAN_PEPPER_ROOT;36020;18;36019;12;;;36033;9;36035;8;;;36027.0;0.0
23;24700;ASH_COATED_OSMIUM;9985;12;9982;15;;;10001;13;10003;15;;;9993.0;0.0
23;24700;INTARIAN_PEPPER_ROOT;36019;10;;;;;36033;23;;;;;36026.0;0.0
23;24800;ASH_COATED_OSMIUM;9986;12;9985;21;9982;29;10002;12;10003;15;10004;25;9994.5;0.0
23;24800;INTARIAN_PEPPER_ROOT;36020;9;;;;;36033;9;;;;;36027.0;0.0
23;24900;ASH_COATED_OSMIUM;9983;15;9980;15;;;9999;13;10002;14;;;9991.5;0.0
23;24900;INTARIAN_PEPPER_ROOT;36021;16;36020;10;36019;9;36033;8;36036;5;36038;9;36027.0;0.0
23;25000;ASH_COATED_OSMIUM;9984;14;9981;14;9979;12;9993;10;9994;29;9996;12;9989.0;0.0
23;25000;INTARIAN_PEPPER_ROOT;36021;9;36018;9;36015;9;36035;12;36038;8;36039;9;36028.5;0.0
23;25100;ASH_COATED_OSMIUM;9981;12;9978;15;;;9999;13;10001;10;;;9990.5;0.0
23;25100;INTARIAN_PEPPER_ROOT;36022;12;;;;;36034;18;;;;;36028.5;0.0
23;25200;ASH_COATED_OSMIUM;9982;12;9980;13;;;10000;15;10003;14;;;9991.5;0.0
23;25200;INTARIAN_PEPPER_ROOT;36024;8;36022;9;;;36027;10;36030;8;;;36025.5;0.0
23;25300;ASH_COATED_OSMIUM;9986;15;9983;10;;;10002;7;10004;11;;;9994.5;0.0
23;25300;INTARIAN_PEPPER_ROOT;36020;9;36019;12;36016;24;36029;10;36031;8;36032;12;36025.0;0.0
23;25400;ASH_COATED_OSMIUM;9983;12;;;;;10002;13;;;;;9992.5;0.0
23;25400;INTARIAN_PEPPER_ROOT;36015;9;;;;;36032;9;;;;;36024.0;0.0
23;25500;ASH_COATED_OSMIUM;9982;24;9981;11;9979;15;10000;14;10002;10;10004;13;9991.5;0.0
23;25500;INTARIAN_PEPPER_ROOT;36019;11;36017;11;36014;8;36032;8;36035;9;36038;11;36026.0;0.0
23;25600;ASH_COATED_OSMIUM;9989;14;9988;10;;;10007;28;10010;10;;;9998.5;0.0
23;25600;INTARIAN_PEPPER_ROOT;36020;10;36019;11;36016;11;36032;12;36035;12;36038;8;36026.0;0.0
23;25700;ASH_COATED_OSMIUM;9988;13;;;;;10004;10;;;;;9996.5;0.0
23;25700;INTARIAN_PEPPER_ROOT;36017;18;36016;24;36013;8;36033;12;36034;9;36035;11;36025.0;0.0
23;25800;ASH_COATED_OSMIUM;9990;12;9987;10;;;10006;13;10009;12;;;9998.5;0.0
23;25800;INTARIAN_PEPPER_ROOT;36015;10;;;;;36028;10;;;;;36022.0;0.0
23;25900;ASH_COATED_OSMIUM;9988;11;9985;14;;;10004;23;10005;14;;;9996.5;0.0
23;25900;INTARIAN_PEPPER_ROOT;36021;11;36020;12;;;36033;16;36034;9;;;36027.5;0.0
23;26000;ASH_COATED_OSMIUM;9992;14;9989;13;;;10008;12;10011;15;;;10000.5;0.0
23;26000;INTARIAN_PEPPER_ROOT;36016;12;36015;11;;;36033;12;36034;11;;;36024.5;0.0
23;26100;ASH_COATED_OSMIUM;9993;12;9990;14;9989;15;10009;30;10012;10;10013;12;10001.0;0.0
23;26100;INTARIAN_PEPPER_ROOT;36020;12;36018;9;36015;11;36032;11;36033;9;36036;12;36026.0;0.0
23;26200;ASH_COATED_OSMIUM;9997;29;9995;14;;;10013;15;10015;11;;;10005.5;0.0
23;26200;INTARIAN_PEPPER_ROOT;36020;10;;;;;36032;11;;;;;36026.0;0.0
23;26300;ASH_COATED_OSMIUM;9997;12;9996;13;;;10013;10;10015;11;;;10005.5;0.0
23;26300;INTARIAN_PEPPER_ROOT;36013;10;36010;9;;;36026;9;36028;8;;;36019.5;0.0
23;26400;ASH_COATED_OSMIUM;9996;11;9995;15;;;10012;11;10013;10;;;10004.5;0.0
23;26400;INTARIAN_PEPPER_ROOT;36015;8;36013;11;;;36026;12;36028;8;;;36021.0;0.0
23;26500;ASH_COATED_OSMIUM;10001;12;;;;;10017;15;;;;;10009.0;0.0
23;26500;INTARIAN_PEPPER_ROOT;36020;10;36019;8;;;36031;17;36034;12;;;36025.5;0.0
23;26600;ASH_COATED_OSMIUM;9995;23;;;;;10016;13;;;;;10005.5;0.0
23;26600;INTARIAN_PEPPER_ROOT;36012;12;;;;;36032;11;;;;;36022.5;0.0
23;26700;ASH_COATED_OSMIUM;9993;12;9990;15;9988;15;10009;14;10010;9;10013;13;10001.5;0.0
23;26700;INTARIAN_PEPPER_ROOT;36016;11;;;;;36032;12;;;;;36024.0;0.0
23;26800;ASH_COATED_OSMIUM;9994;23;;;;;10010;11;;;;;10002.5;0.0
23;26800;INTARIAN_PEPPER_ROOT;36023;12;36021;10;;;36037;8;36040;9;;;36030.5;0.0
23;26900;ASH_COATED_OSMIUM;9990;24;9989;12;;;10009;13;10011;23;;;10000.0;0.0
23;26900;INTARIAN_PEPPER_ROOT;36019;11;36018;10;;;36032;21;36035;20;;;36025.5;0.0
23;27000;ASH_COATED_OSMIUM;9993;11;;;;;10009;11;;;;;10001.5;0.0
23;27000;INTARIAN_PEPPER_ROOT;36018;9;36015;12;36012;24;36031;8;36033;8;36035;8;36025.0;0.0
23;27100;ASH_COATED_OSMIUM;9997;21;;;;;10003;13;;;;;10000.0;0.0
23;27100;INTARIAN_PEPPER_ROOT;36022;12;36021;9;;;36036;10;36038;8;;;36029.0;0.0
23;27200;ASH_COATED_OSMIUM;9992;11;9989;12;9988;10;10008;10;10009;15;10011;25;10000.0;0.0
23;27200;INTARIAN_PEPPER_ROOT;36020;12;36018;12;;;36034;19;36037;9;;;36027.5;0.0
23;27300;ASH_COATED_OSMIUM;9996;13;;;;;10014;23;;;;;10005.5;0.0
23;27300;INTARIAN_PEPPER_ROOT;36020;12;36018;9;;;36032;10;36033;12;;;36026.0;0.0
23;27400;ASH_COATED_OSMIUM;9993;15;;;;;10009;12;;;;;10001.0;0.0
23;27400;INTARIAN_PEPPER_ROOT;36018;8;36016;11;;;36030;19;36033;8;;;36024.5;0.0
23;27500;ASH_COATED_OSMIUM;9991;13;;;;;10007;12;;;;;9999.5;0.0
23;27500;INTARIAN_PEPPER_ROOT;36022;12;36021;10;;;36037;9;36040;11;;;36029.5;0.0
23;27600;ASH_COATED_OSMIUM;9988;2;;;;;10007;28;;;;;9998.0;0.0
23;27600;INTARIAN_PEPPER_ROOT;36019;8;36018;11;36016;9;36035;10;36038;11;36041;16;36027.5;0.0
23;27700;ASH_COATED_OSMIUM;9997;12;;;;;10013;20;;;;;10005.0;0.0
23;27700;INTARIAN_PEPPER_ROOT;36023;11;36021;8;;;36035;12;36038;10;;;36029.5;0.0
23;27800;ASH_COATED_OSMIUM;9997;12;9995;15;;;10013;10;10015;14;;;10005.0;0.0
23;27800;INTARIAN_PEPPER_ROOT;36017;22;36014;10;;;36031;11;36032;15;;;36024.0;0.0
23;27900;ASH_COATED_OSMIUM;9995;15;9993;23;9992;13;10011;5;10012;11;10014;15;10003.5;0.0
23;27900;INTARIAN_PEPPER_ROOT;36023;11;36020;12;;;36034;11;36036;11;;;36029.0;0.0
23;28000;ASH_COATED_OSMIUM;9995;15;9993;11;;;10016;12;10019;11;;;10005.5;0.0
23;28000;INTARIAN_PEPPER_ROOT;36019;12;36016;12;;;36036;16;36039;23;;;36027.5;0.0
23;28100;ASH_COATED_OSMIUM;9993;12;9992;10;9990;27;10009;4;10011;10;10013;21;10001.0;0.0
23;28100;INTARIAN_PEPPER_ROOT;36020;8;36019;12;;;36033;10;36034;11;;;36027.0;0.0
23;28200;ASH_COATED_OSMIUM;9989;15;9987;25;;;10005;14;10006;12;;;9997.5;0.0
23;28200;INTARIAN_PEPPER_ROOT;36020;11;36019;12;;;36032;11;36035;10;;;36026.5;0.0
23;28300;ASH_COATED_OSMIUM;9999;10;9998;14;;;10015;15;10018;14;;;10007.0;0.0
23;28300;INTARIAN_PEPPER_ROOT;36026;15;;;;;36038;11;;;;;36032.5;0.0
23;28400;ASH_COATED_OSMIUM;9996;15;9994;11;9992;14;10015;14;10018;28;10019;12;10005.5;0.0
23;28400;INTARIAN_PEPPER_ROOT;36030;10;36027;11;;;36033;11;36034;11;;;36031.5;0.0
23;28500;ASH_COATED_OSMIUM;9997;15;;;;;10013;13;;;;;10005.5;0.0
23;28500;INTARIAN_PEPPER_ROOT;36023;8;;;;;36037;10;;;;;36030.0;0.0
23;28600;ASH_COATED_OSMIUM;9996;13;9995;10;;;10015;11;10017;13;;;10006.0;0.0
23;28600;INTARIAN_PEPPER_ROOT;36019;8;36018;10;;;36034;8;36036;12;;;36027.0;0.0
23;28700;ASH_COATED_OSMIUM;9992;15;;;;;10008;13;;;;;10000.5;0.0
23;28700;INTARIAN_PEPPER_ROOT;36022;9;36019;11;;;36037;9;36038;18;;;36030.0;0.0
23;28800;ASH_COATED_OSMIUM;9993;12;9991;28;9990;13;10009;11;10010;10;10012;27;10001.5;0.0
23;28800;INTARIAN_PEPPER_ROOT;36019;21;36018;9;36017;24;36035;12;36038;12;36041;12;36027.0;0.0
23;28900;ASH_COATED_OSMIUM;9992;15;9991;13;;;10011;24;10013;21;;;10002.0;0.0
23;28900;INTARIAN_PEPPER_ROOT;36020;11;36018;11;;;36037;10;36039;9;;;36029.0;0.0
23;29000;ASH_COATED_OSMIUM;9991;28;9989;15;9986;10;10007;23;10008;14;10011;15;9999.5;0.0
23;29000;INTARIAN_PEPPER_ROOT;36023;12;36020;8;;;36035;9;36037;10;;;36029.5;0.0
23;29100;ASH_COATED_OSMIUM;9988;10;9987;15;;;10004;14;10005;3;;;9996.0;0.0
23;29100;INTARIAN_PEPPER_ROOT;36026;10;;;;;36039;12;;;;;36032.5;0.0
23;29200;ASH_COATED_OSMIUM;9985;21;9984;10;9981;11;10001;12;10002;14;10004;15;9993.0;0.0
23;29200;INTARIAN_PEPPER_ROOT;36021;12;36019;9;;;36037;10;36040;9;;;36029.5;0.0
23;29300;ASH_COATED_OSMIUM;9979;13;9976;11;9973;10;9995;12;9998;11;9999;26;9987.0;0.0
23;29300;INTARIAN_PEPPER_ROOT;36024;10;36023;23;;;36036;11;36037;8;;;36030.0;0.0
23;29400;ASH_COATED_OSMIUM;9982;15;9980;22;9977;13;9998;28;9999;11;10000;14;9990.5;0.0
23;29400;INTARIAN_PEPPER_ROOT;36023;9;36022;10;;;36039;9;36040;8;;;36031.0;0.0
23;29500;ASH_COATED_OSMIUM;9987;13;9985;26;9983;12;10003;25;10004;14;10007;11;9995.0;0.0
23;29500;INTARIAN_PEPPER_ROOT;36025;12;36022;10;;;36039;10;36040;8;;;36032.5;0.0
23;29600;ASH_COATED_OSMIUM;9988;20;9985;14;9983;13;10004;29;10007;12;10009;26;9996.0;0.0
23;29600;INTARIAN_PEPPER_ROOT;36018;11;36016;11;;;36034;8;36037;8;;;36026.0;0.0
23;29700;ASH_COATED_OSMIUM;9991;10;9988;14;;;10001;15;10003;25;;;9996.5;0.0
23;29700;INTARIAN_PEPPER_ROOT;36022;11;36020;12;;;36034;9;36036;11;;;36028.0;0.0
23;29800;ASH_COATED_OSMIUM;9980;15;9978;15;;;9996;14;9997;13;;;9988.0;0.0
23;29800;INTARIAN_PEPPER_ROOT;36027;9;36026;11;;;36039;6;36041;9;;;36033.5;0.0
23;29900;ASH_COATED_OSMIUM;9982;5;9981;26;;;10001;20;10002;15;;;9991.5;0.0
23;29900;INTARIAN_PEPPER_ROOT;36025;8;;;;;36037;17;;;;;36031.5;0.0
23;30000;ASH_COATED_OSMIUM;9987;28;9984;27;;;9996;11;9997;10;;;9991.5;0.0
23;30000;INTARIAN_PEPPER_ROOT;36021;9;36019;9;;;36032;24;36035;9;;;36026.5;0.0
23;30100;ASH_COATED_OSMIUM;9987;28;;;;;10003;11;;;;;9995.5;0.0
23;30100;INTARIAN_PEPPER_ROOT;36023;10;;;;;36038;12;;;;;36031.0;0.0
23;30200;ASH_COATED_OSMIUM;9987;26;9984;13;;;10008;12;10011;11;;;9997.5;0.0
23;30200;INTARIAN_PEPPER_ROOT;36024;12;;;;;36036;11;;;;;36030.5;0.0
23;30300;ASH_COATED_OSMIUM;9991;15;;;;;10009;23;;;;;10000.5;0.0
23;30300;INTARIAN_PEPPER_ROOT;36022;9;36021;8;;;36039;10;36041;24;;;36031.0;0.0
23;30400;ASH_COATED_OSMIUM;9989;11;;;;;10005;2;;;;;9997.5;0.0
23;30400;INTARIAN_PEPPER_ROOT;36023;9;36022;10;;;36037;8;36039;10;;;36030.5;0.0
23;30500;ASH_COATED_OSMIUM;9992;21;9989;14;;;10008;27;10010;10;;;10000.5;0.0
23;30500;INTARIAN_PEPPER_ROOT;36023;8;36021;11;;;36040;11;36042;8;;;36031.5;0.0
23;30600;ASH_COATED_OSMIUM;9996;14;9993;27;;;10012;25;10013;11;;;10004.0;0.0
23;30600;INTARIAN_PEPPER_ROOT;36026;25;36023;11;;;36037;22;36040;9;;;36031.5;0.0
23;30700;ASH_COATED_OSMIUM;9995;11;9993;24;;;10011;10;10014;26;;;10003.5;0.0
23;30700;INTARIAN_PEPPER_ROOT;36025;8;36023;9;;;36038;11;36039;12;;;36031.5;0.0
23;30800;ASH_COATED_OSMIUM;9996;14;9995;11;;;10012;23;10014;15;;;10004.5;0.0
23;30800;INTARIAN_PEPPER_ROOT;36023;11;36022;11;36019;8;36036;11;36037;23;36038;22;36029.5;0.0
23;30900;ASH_COATED_OSMIUM;9994;12;;;;;10010;11;;;;;10002.5;0.0
23;30900;INTARIAN_PEPPER_ROOT;36026;5;36024;25;36023;12;36038;11;36040;18;36042;12;36032.5;0.0
23;31000;ASH_COATED_OSMIUM;9993;13;;;;;10009;23;;;;;10001.0;0.0
23;31000;INTARIAN_PEPPER_ROOT;36023;11;36020;20;;;36039;9;36040;12;;;36031.0;0.0
23;31100;ASH_COATED_OSMIUM;9996;23;9994;10;;;10012;15;10015;23;;;10004.0;0.0
23;31100;INTARIAN_PEPPER_ROOT;36024;11;;;;;36036;8;;;;;36030.5;0.0
23;31200;ASH_COATED_OSMIUM;9998;14;;;;;10016;11;;;;;10007.0;0.0
23;31200;INTARIAN_PEPPER_ROOT;36025;12;36024;18;;;36037;11;36038;17;;;36031.0;0.0
23;31300;ASH_COATED_OSMIUM;9997;14;;;;;10016;12;;;;;10007.0;0.0
23;31300;INTARIAN_PEPPER_ROOT;36025;8;;;;;36037;10;;;;;36031.0;0.0
23;31400;ASH_COATED_OSMIUM;9996;29;;;;;10012;14;;;;;10004.0;0.0
23;31400;INTARIAN_PEPPER_ROOT;36023;8;36020;10;;;36037;12;36040;8;;;36030.5;0.0
23;31500;ASH_COATED_OSMIUM;9994;12;9992;10;;;10010;15;10012;14;;;10002.0;0.0
23;31500;INTARIAN_PEPPER_ROOT;36027;9;36025;12;;;36043;10;36046;10;;;36035.0;0.0
23;31600;ASH_COATED_OSMIUM;9991;12;9989;14;9986;2;10007;15;10009;15;10012;10;9999.5;0.0
23;31600;INTARIAN_PEPPER_ROOT;36024;24;36023;11;;;36037;8;36038;10;;;36031.0;0.0
23;31700;ASH_COATED_OSMIUM;9997;27;9995;12;;;10013;27;10015;14;;;10005.0;0.0
23;31700;INTARIAN_PEPPER_ROOT;36024;8;;;;;36040;10;;;;;36032.0;0.0
23;31800;ASH_COATED_OSMIUM;10000;10;9998;13;;;10016;15;10018;14;;;10008.5;0.0
23;31800;INTARIAN_PEPPER_ROOT;36029;12;36028;8;;;36040;17;36041;9;;;36034.5;0.0
23;31900;ASH_COATED_OSMIUM;10000;10;;;;;10016;13;;;;;10008.5;0.0
23;31900;INTARIAN_PEPPER_ROOT;36027;18;;;;;36040;10;;;;;36033.5;0.0
23;32000;ASH_COATED_OSMIUM;10001;11;9999;10;;;10017;13;10019;10;;;10009.5;0.0
23;32000;INTARIAN_PEPPER_ROOT;36028;11;36025;23;36022;10;36040;8;36043;9;36044;11;36034.5;0.0
23;32100;ASH_COATED_OSMIUM;9996;15;9993;15;;;10012;13;10014;27;;;10004.0;0.0
23;32100;INTARIAN_PEPPER_ROOT;36024;8;36021;11;36019;10;36036;10;36038;9;36039;10;36030.5;0.0
23;32200;ASH_COATED_OSMIUM;9996;14;9993;14;9990;12;10012;15;10014;13;10016;29;10004.5;0.0
23;32200;INTARIAN_PEPPER_ROOT;36030;12;36029;11;36028;8;36032;9;36035;11;36038;8;36031.5;0.0
23;32300;ASH_COATED_OSMIUM;9997;21;9995;14;;;10016;14;10017;13;;;10007.0;0.0
23;32300;INTARIAN_PEPPER_ROOT;36024;12;36021;15;;;36036;9;36038;11;;;36030.5;0.0
23;32400;ASH_COATED_OSMIUM;9998;15;;;;;10014;15;;;;;10006.0;0.0
23;32400;INTARIAN_PEPPER_ROOT;36021;9;36020;9;36018;9;36038;9;36041;9;36044;10;36030.0;0.0
23;32500;ASH_COATED_OSMIUM;9997;15;9994;15;9991;11;10009;13;10012;10;10015;13;10003.0;0.0
23;32500;INTARIAN_PEPPER_ROOT;36025;10;36023;9;36022;9;36036;12;36039;12;36040;8;36030.5;0.0
23;32600;ASH_COATED_OSMIUM;9992;13;9991;20;;;10008;11;10011;23;;;10000.5;0.0
23;32600;INTARIAN_PEPPER_ROOT;36022;9;;;;;36034;9;;;;;36028.5;0.0
23;32700;ASH_COATED_OSMIUM;9992;13;;;;;10008;23;;;;;10000.0;0.0
23;32700;INTARIAN_PEPPER_ROOT;36028;12;36027;9;36025;9;36044;9;36046;12;36047;8;36036.0;0.0
23;32800;ASH_COATED_OSMIUM;9987;10;9984;30;9981;10;10003;13;10004;15;10007;22;9995.5;0.0
23;32800;INTARIAN_PEPPER_ROOT;36023;11;36021;8;;;36037;11;36038;8;;;36030.5;0.0
23;32900;ASH_COATED_OSMIUM;9985;23;9983;12;;;10001;15;10002;10;;;9993.5;0.0
23;32900;INTARIAN_PEPPER_ROOT;36028;12;36025;8;36023;10;36042;12;36045;9;36047;12;36035.0;0.0
23;33000;ASH_COATED_OSMIUM;9986;29;9983;21;9980;10;10002;10;10003;13;10006;12;9994.0;0.0
23;33000;INTARIAN_PEPPER_ROOT;36028;8;36027;6;36024;11;36042;12;36043;9;36046;8;36035.5;0.0
23;33100;ASH_COATED_OSMIUM;9986;30;;;;;10002;11;;;;;9994.5;0.0
23;33100;INTARIAN_PEPPER_ROOT;36023;11;36022;16;36020;11;36041;23;36044;10;36046;11;36032.0;0.0
23;33200;ASH_COATED_OSMIUM;9993;12;9992;10;9990;12;10002;14;10004;15;10005;11;9998.0;0.0
23;33200;INTARIAN_PEPPER_ROOT;36023;12;36022;12;;;36039;21;36040;10;;;36031.0;0.0
23;33300;ASH_COATED_OSMIUM;9989;13;;;;;10005;10;;;;;9997.5;0.0
23;33300;INTARIAN_PEPPER_ROOT;36028;9;36027;10;36026;12;36040;22;36042;12;36045;12;36034.0;0.0
23;33400;ASH_COATED_OSMIUM;9994;10;9992;26;;;10005;10;10008;13;;;9999.5;0.0
23;33400;INTARIAN_PEPPER_ROOT;36028;8;36027;12;36025;21;36041;12;36043;9;36044;11;36034.5;0.0
23;33500;ASH_COATED_OSMIUM;9993;10;9991;12;9990;11;10011;14;10013;12;10015;12;10002.0;0.0
23;33500;INTARIAN_PEPPER_ROOT;36026;11;36025;9;36023;9;36038;15;36039;10;36040;9;36032.0;0.0
23;33600;ASH_COATED_OSMIUM;9996;15;;;;;10012;5;;;;;10004.0;0.0
23;33600;INTARIAN_PEPPER_ROOT;36026;21;36024;4;;;36039;8;36040;11;;;36033.0;0.0
23;33700;ASH_COATED_OSMIUM;10000;10;9999;28;9996;10;10016;12;10017;15;10019;25;10008.0;0.0
23;33700;INTARIAN_PEPPER_ROOT;36024;12;;;;;36036;16;;;;;36030.5;0.0
23;33800;ASH_COATED_OSMIUM;9997;20;9994;11;;;10013;15;10016;11;;;10005.5;0.0
23;33800;INTARIAN_PEPPER_ROOT;36027;10;;;;;36039;8;;;;;36033.0;0.0
23;33900;ASH_COATED_OSMIUM;9998;13;9996;12;;;10017;12;10019;12;;;10007.5;0.0
23;33900;INTARIAN_PEPPER_ROOT;36026;11;;;;;36042;9;;;;;36034.0;0.0
23;34000;ASH_COATED_OSMIUM;9999;26;;;;;10015;10;;;;;10007.5;0.0
23;34000;INTARIAN_PEPPER_ROOT;36029;10;36028;10;36025;10;36042;9;36043;11;36044;8;36035.5;0.0
23;34100;ASH_COATED_OSMIUM;10000;12;9999;12;;;10016;15;10019;13;;;10008.5;0.0
23;34100;INTARIAN_PEPPER_ROOT;36025;8;36023;8;36020;10;36039;8;36042;9;36045;8;36032.5;0.0
23;34200;ASH_COATED_OSMIUM;9997;15;;;;;10015;15;;;;;10006.5;0.0
23;34200;INTARIAN_PEPPER_ROOT;36027;11;;;;;36043;9;;;;;36035.5;0.0
23;34300;ASH_COATED_OSMIUM;10003;15;10002;10;;;10022;13;10023;26;;;10012.5;0.0
23;34300;INTARIAN_PEPPER_ROOT;36029;9;;;;;36041;10;;;;;36035.0;0.0
23;34400;ASH_COATED_OSMIUM;10002;10;9999;13;;;10020;11;10023;13;;;10011.0;0.0
23;34400;INTARIAN_PEPPER_ROOT;36028;12;;;;;36041;11;;;;;36034.5;0.0
23;34500;ASH_COATED_OSMIUM;10001;14;;;;;10020;15;;;;;10010.5;0.0
23;34500;INTARIAN_PEPPER_ROOT;36026;9;36025;15;;;36038;10;36040;10;;;36032.5;0.0
23;34600;ASH_COATED_OSMIUM;10003;10;10000;13;9997;14;10019;13;10021;27;10024;13;10011.0;0.0
23;34600;INTARIAN_PEPPER_ROOT;36027;23;;;;;36043;12;;;;;36035.5;0.0
23;34700;ASH_COATED_OSMIUM;10000;20;9998;11;9997;11;10016;11;10017;11;10020;15;10008.5;0.0
23;34700;INTARIAN_PEPPER_ROOT;36031;25;;;;;36044;10;;;;;36038.0;0.0
23;34800;ASH_COATED_OSMIUM;9998;11;;;;;10014;14;;;;;10006.0;0.0
23;34800;INTARIAN_PEPPER_ROOT;36027;9;36024;10;;;36043;8;36045;9;;;36035.5;0.0
23;34900;ASH_COATED_OSMIUM;9997;15;;;;;10013;14;;;;;10005.0;0.0
23;34900;INTARIAN_PEPPER_ROOT;36031;10;;;;;36039;8;;;;;36035.5;0.0
23;35000;ASH_COATED_OSMIUM;10000;15;;;;;10016;15;;;;;10008.5;0.0
23;35000;INTARIAN_PEPPER_ROOT;36028;8;;;;;36040;11;;;;;36034.5;0.0
23;35100;ASH_COATED_OSMIUM;9999;14;;;;;10015;15;;;;;10007.5;0.0
23;35100;INTARIAN_PEPPER_ROOT;36031;18;36028;9;36026;10;36045;8;36047;8;36049;9;36038.5;0.0
23;35200;ASH_COATED_OSMIUM;10000;11;9998;10;;;10007;12;10009;10;;;10004.0;0.0
23;35200;INTARIAN_PEPPER_ROOT;36029;9;;;;;36041;10;;;;;36035.5;0.0
23;35300;ASH_COATED_OSMIUM;9993;11;9991;13;;;10009;14;10011;24;;;10001.5;0.0
23;35300;INTARIAN_PEPPER_ROOT;36029;12;36026;12;;;36043;8;36045;20;;;36036.5;0.0
23;35400;ASH_COATED_OSMIUM;9991;5;;;;;10007;12;;;;;9999.5;0.0
23;35400;INTARIAN_PEPPER_ROOT;36028;8;;;;;36041;12;;;;;36034.5;0.0
23;35500;ASH_COATED_OSMIUM;9994;12;;;;;10010;15;;;;;10002.0;0.0
23;35500;INTARIAN_PEPPER_ROOT;36028;9;36026;12;;;36044;11;36046;5;;;36036.0;0.0
23;35600;ASH_COATED_OSMIUM;9999;10;;;;;10008;28;;;;;10003.5;0.0
23;35600;INTARIAN_PEPPER_ROOT;36029;17;36026;10;;;36044;24;36045;12;;;36037.0;0.0
23;35700;ASH_COATED_OSMIUM;10006;28;;;;;10012;10;;;;;10009.5;0.0
23;35700;INTARIAN_PEPPER_ROOT;36029;9;;;;;36043;9;;;;;36036.5;0.0
23;35800;ASH_COATED_OSMIUM;9997;26;9995;11;;;10013;15;10014;21;;;10005.0;0.0
23;35800;INTARIAN_PEPPER_ROOT;36027;10;36026;3;;;36043;11;36044;10;;;36035.0;0.0
23;35900;ASH_COATED_OSMIUM;10001;12;10000;2;;;10017;14;10019;14;;;10009.5;0.0
23;35900;INTARIAN_PEPPER_ROOT;36029;21;36027;11;;;36046;8;36047;9;;;36037.5;0.0
23;36000;ASH_COATED_OSMIUM;10000;29;9998;15;9996;12;10016;14;10019;11;10021;13;10008.0;0.0
23;36000;INTARIAN_PEPPER_ROOT;36029;10;;;;;36044;9;;;;;36036.5;0.0
23;36100;ASH_COATED_OSMIUM;9991;15;9989;23;;;10009;10;10011;21;;;10000.0;0.0
23;36100;INTARIAN_PEPPER_ROOT;36030;8;36029;9;36028;11;36043;12;36044;18;36045;9;36037.0;0.0
23;36200;ASH_COATED_OSMIUM;9998;14;9996;14;9995;12;10014;14;10016;15;10017;28;10006.5;0.0
23;36200;INTARIAN_PEPPER_ROOT;36029;10;;;;;36045;23;;;;;36037.5;0.0
23;36300;ASH_COATED_OSMIUM;9998;13;9996;15;;;10014;13;10016;10;;;10006.0;0.0
23;36300;INTARIAN_PEPPER_ROOT;36029;10;36026;8;36023;21;36043;9;36046;25;36047;8;36036.0;0.0
23;36400;ASH_COATED_OSMIUM;9993;15;9991;15;9988;13;10009;15;10011;14;10012;15;10001.5;0.0
23;36400;INTARIAN_PEPPER_ROOT;36030;12;36028;18;;;36045;12;36046;10;;;36037.5;0.0
23;36500;ASH_COATED_OSMIUM;9991;12;9990;12;;;10007;10;10010;12;;;9999.5;0.0
23;36500;INTARIAN_PEPPER_ROOT;36029;9;36028;9;;;36042;16;36045;21;;;36035.5;0.0
23;36600;ASH_COATED_OSMIUM;9986;12;9985;14;;;10002;24;10005;14;;;9994.5;0.0
23;36600;INTARIAN_PEPPER_ROOT;36024;10;36021;12;36018;12;36042;8;36045;11;36048;10;36033.5;0.0
23;36700;ASH_COATED_OSMIUM;9992;22;;;;;10008;11;;;;;10000.0;0.0
23;36700;INTARIAN_PEPPER_ROOT;36031;10;;;;;36045;9;;;;;36038.0;0.0
23;36800;ASH_COATED_OSMIUM;9988;13;9986;21;;;10004;11;10006;27;;;9996.0;0.0
23;36800;INTARIAN_PEPPER_ROOT;36032;9;;;;;36046;10;;;;;36039.5;0.0
23;36900;ASH_COATED_OSMIUM;9989;12;;;;;10005;13;;;;;9997.0;0.0
23;36900;INTARIAN_PEPPER_ROOT;36030;8;;;;;36046;12;;;;;36038.0;0.0
23;37000;ASH_COATED_OSMIUM;9994;12;9993;14;9992;10;10010;24;10012;13;10014;14;10002.0;0.0
23;37000;INTARIAN_PEPPER_ROOT;36030;8;36027;10;;;36042;11;36044;10;;;36036.0;0.0
23;37100;ASH_COATED_OSMIUM;9982;23;;;;;10003;13;;;;;9993.0;0.0
23;37100;INTARIAN_PEPPER_ROOT;36031;10;;;;;36045;11;;;;;36038.0;0.0
23;37200;ASH_COATED_OSMIUM;9985;13;;;;;10001;10;;;;;9993.5;0.0
23;37200;INTARIAN_PEPPER_ROOT;36029;12;36028;12;;;36046;8;36047;10;;;36038.0;0.0
23;37300;ASH_COATED_OSMIUM;9986;15;9984;14;;;10004;5;10006;12;;;9995.0;0.0
23;37300;INTARIAN_PEPPER_ROOT;36033;9;36031;23;;;36047;12;36049;5;;;36040.0;0.0
23;37400;ASH_COATED_OSMIUM;9986;14;9984;24;;;10002;12;10005;14;;;9994.0;0.0
23;37400;INTARIAN_PEPPER_ROOT;36029;11;36028;17;36026;12;36043;12;36044;25;36046;8;36036.0;0.0
23;37500;ASH_COATED_OSMIUM;9981;12;9979;13;9977;10;9997;13;9998;13;9999;12;9989.5;0.0
23;37500;INTARIAN_PEPPER_ROOT;36029;9;36027;11;;;36042;10;36045;15;;;36036.0;0.0
23;37600;ASH_COATED_OSMIUM;9985;15;;;;;9994;14;;;;;9990.0;0.0
23;37600;INTARIAN_PEPPER_ROOT;36030;19;;;;;36046;10;;;;;36038.0;0.0
23;37700;ASH_COATED_OSMIUM;9984;12;9982;21;;;10000;13;10002;11;;;9992.0;0.0
23;37700;INTARIAN_PEPPER_ROOT;36033;19;;;;;36045;12;;;;;36039.0;0.0
23;37800;ASH_COATED_OSMIUM;9986;10;9984;15;;;10002;11;10005;11;;;9994.5;0.0
23;37800;INTARIAN_PEPPER_ROOT;36033;7;;;;;36046;9;;;;;36040.0;0.0
23;37900;ASH_COATED_OSMIUM;9985;14;9983;15;;;10001;12;10004;13;;;9993.5;0.0
23;37900;INTARIAN_PEPPER_ROOT;36034;12;;;;;36045;15;;;;;36039.5;0.0
23;38000;ASH_COATED_OSMIUM;9988;10;9987;10;;;10006;10;10009;12;;;9997.0;0.0
23;38000;INTARIAN_PEPPER_ROOT;36035;9;36032;23;;;36046;10;36048;8;;;36040.5;0.0
23;38100;ASH_COATED_OSMIUM;9992;25;;;;;10010;13;;;;;10001.0;0.0
23;38100;INTARIAN_PEPPER_ROOT;36032;11;36031;10;36028;25;36045;12;36048;25;36049;9;36039.0;0.0
23;38200;ASH_COATED_OSMIUM;9994;10;9991;20;;;10010;15;10011;12;;;10002.0;0.0
23;38200;INTARIAN_PEPPER_ROOT;36030;15;36027;8;;;36043;11;36044;12;;;36036.5;0.0
23;38300;ASH_COATED_OSMIUM;9996;29;9994;12;9993;10;10012;11;10013;12;10016;13;10004.5;0.0
23;38300;INTARIAN_PEPPER_ROOT;36029;11;36027;12;36024;11;36044;9;36047;9;36049;11;36036.5;0.0
23;38400;ASH_COATED_OSMIUM;9994;13;9991;12;;;10010;12;10011;14;;;10002.0;0.0
23;38400;INTARIAN_PEPPER_ROOT;36032;18;;;;;36044;8;;;;;36038.0;0.0
23;38500;ASH_COATED_OSMIUM;9986;11;9984;12;9982;12;10002;29;10005;14;10008;23;9994.0;0.0
23;38500;INTARIAN_PEPPER_ROOT;36032;10;36031;12;36030;9;36043;12;36044;12;36047;12;36037.5;0.0
23;38600;ASH_COATED_OSMIUM;9983;10;9981;12;;;9999;10;10000;14;;;9991.0;0.0
23;38600;INTARIAN_PEPPER_ROOT;36035;11;36032;11;;;36047;10;36049;10;;;36041.0;0.0
23;38700;ASH_COATED_OSMIUM;9985;13;9984;13;;;10003;11;10006;10;;;9994.5;0.0
23;38700;INTARIAN_PEPPER_ROOT;36032;17;36030;19;;;36045;9;36046;11;;;36038.5;0.0
23;38800;ASH_COATED_OSMIUM;9985;15;9982;14;;;10001;5;10002;24;;;9993.5;0.0
23;38800;INTARIAN_PEPPER_ROOT;36032;11;36031;19;;;36050;8;36052;12;;;36041.5;0.0
23;38900;ASH_COATED_OSMIUM;9989;15;9986;15;;;10005;23;10008;21;;;9997.0;0.0
23;38900;INTARIAN_PEPPER_ROOT;36031;11;36028;15;;;36042;11;36045;8;;;36036.5;0.0
23;39000;ASH_COATED_OSMIUM;9988;14;9986;12;;;10004;2;10005;15;;;9996.0;0.0
23;39000;INTARIAN_PEPPER_ROOT;36030;10;;;;;36041;9;;;;;36036.0;0.0
23;39100;ASH_COATED_OSMIUM;9988;20;9987;12;;;10004;13;10006;13;;;9996.0;0.0
23;39100;INTARIAN_PEPPER_ROOT;36033;10;;;;;36048;8;;;;;36040.5;0.0
23;39200;ASH_COATED_OSMIUM;9993;15;9992;11;9990;10;10009;14;10010;10;10011;13;10001.5;0.0
23;39200;INTARIAN_PEPPER_ROOT;36032;21;;;;;36047;11;;;;;36039.5;0.0
23;39300;ASH_COATED_OSMIUM;9996;12;;;;;10014;15;;;;;10005.0;0.0
23;39300;INTARIAN_PEPPER_ROOT;36031;8;36030;12;36029;12;36043;9;36045;10;36048;16;36037.5;0.0
23;39400;ASH_COATED_OSMIUM;9998;26;9997;14;;;10009;12;10011;25;;;10003.5;0.0
23;39400;INTARIAN_PEPPER_ROOT;36031;9;36029;9;;;36044;12;36045;10;;;36037.5;0.0
23;39500;ASH_COATED_OSMIUM;9995;11;9992;14;;;10005;11;10008;11;;;10000.5;0.0
23;39500;INTARIAN_PEPPER_ROOT;36030;11;;;;;36046;8;;;;;36038.0;0.0
23;39600;ASH_COATED_OSMIUM;9990;14;9988;14;9987;14;10006;15;10007;15;10010;12;9998.5;0.0
23;39600;INTARIAN_PEPPER_ROOT;36036;21;36033;15;36030;11;36050;22;36053;10;36054;10;36043.5;0.0
23;39700;ASH_COATED_OSMIUM;9989;27;9987;12;;;9998;14;9999;15;;;9994.0;0.0
23;39700;INTARIAN_PEPPER_ROOT;36031;12;36029;22;;;36042;9;36045;11;;;36037.0;0.0
23;39800;ASH_COATED_OSMIUM;9989;12;9988;10;;;10005;13;10006;11;;;9997.0;0.0
23;39800;INTARIAN_PEPPER_ROOT;36035;11;36033;10;;;36047;8;36050;8;;;36041.5;0.0
23;39900;ASH_COATED_OSMIUM;9991;10;;;;;10007;14;;;;;9999.5;0.0
23;39900;INTARIAN_PEPPER_ROOT;36034;8;36031;12;;;36046;11;36048;10;;;36040.0;0.0
23;40000;ASH_COATED_OSMIUM;9982;12;9979;13;;;9998;28;10001;11;;;9990.5;0.0
23;40000;INTARIAN_PEPPER_ROOT;36032;4;36030;11;;;36044;9;36046;8;;;36038.5;0.0
23;40100;ASH_COATED_OSMIUM;9982;24;9980;3;9978;23;9998;12;9999;14;10000;10;9990.5;0.0
23;40100;INTARIAN_PEPPER_ROOT;36036;8;;;;;36048;8;;;;;36042.5;0.0
23;40200;ASH_COATED_OSMIUM;9980;15;9978;15;9975;15;9997;11;9998;13;10001;2;9988.5;0.0
23;40200;INTARIAN_PEPPER_ROOT;36035;10;36034;10;36032;8;36048;11;36051;11;36053;10;36042.0;0.0
23;40300;ASH_COATED_OSMIUM;9993;13;9992;14;9989;15;9999;26;10001;12;10003;11;9996.5;0.0
23;40300;INTARIAN_PEPPER_ROOT;36034;17;36031;9;36029;12;36051;12;36052;11;36054;10;36043.0;0.0
23;40400;ASH_COATED_OSMIUM;9988;11;9987;15;;;9999;28;10000;11;;;9994.0;0.0
23;40400;INTARIAN_PEPPER_ROOT;36037;8;;;;;36048;9;;;;;36043.0;0.0
23;40500;ASH_COATED_OSMIUM;9988;10;9986;13;9985;13;10004;2;10007;13;10009;12;9996.0;0.0
23;40500;INTARIAN_PEPPER_ROOT;36033;11;;;;;36046;12;;;;;36039.5;0.0
23;40600;ASH_COATED_OSMIUM;9991;11;9988;12;9986;15;10007;12;10010;15;10013;13;9999.5;0.0
23;40600;INTARIAN_PEPPER_ROOT;36037;8;;;;;36051;12;;;;;36044.0;0.0
23;40700;ASH_COATED_OSMIUM;9995;13;9993;30;9991;15;10011;14;10014;11;10017;11;10003.0;0.0
23;40700;INTARIAN_PEPPER_ROOT;36032;8;36029;12;;;36044;8;36046;8;;;36038.5;0.0
23;40800;ASH_COATED_OSMIUM;9994;12;;;;;10010;14;;;;;10002.5;0.0
23;40800;INTARIAN_PEPPER_ROOT;36036;11;;;;;36048;3;;;;;36042.0;0.0
23;40900;ASH_COATED_OSMIUM;9990;13;;;;;10007;29;;;;;9999.0;0.0
23;40900;INTARIAN_PEPPER_ROOT;36036;12;36035;8;;;36048;9;36049;8;;;36042.5;0.0
23;41000;ASH_COATED_OSMIUM;9993;15;9991;10;;;10009;15;10012;11;;;10001.0;0.0
23;41000;INTARIAN_PEPPER_ROOT;36035;10;36033;12;36031;11;36047;16;36048;8;36049;9;36041.5;0.0
23;41100;ASH_COATED_OSMIUM;9994;11;9993;12;9991;5;10013;13;10015;10;10017;10;10003.5;0.0
23;41100;INTARIAN_PEPPER_ROOT;36029;9;36027;21;36024;8;36042;9;36043;8;36045;8;36036.0;0.0
23;41200;ASH_COATED_OSMIUM;10000;12;9997;10;;;10016;14;10017;14;;;10008.0;0.0
23;41200;INTARIAN_PEPPER_ROOT;36035;12;36033;11;36030;9;36048;25;36051;25;36054;15;36041.5;0.0
23;41300;ASH_COATED_OSMIUM;9999;11;9997;30;;;10010;21;10012;13;;;10004.5;0.0
23;41300;INTARIAN_PEPPER_ROOT;36033;11;36030;23;;;36046;16;36049;11;;;36039.5;0.0
23;41400;ASH_COATED_OSMIUM;9990;21;9989;3;;;10008;15;10010;10;;;9999.5;0.0
23;41400;INTARIAN_PEPPER_ROOT;36037;9;36035;10;36034;12;36051;12;36054;9;36057;11;36044.0;0.0
23;41500;ASH_COATED_OSMIUM;9992;2;9991;10;9989;13;10008;11;10011;5;10014;13;10000.5;0.0
23;41500;INTARIAN_PEPPER_ROOT;36038;8;;;;;36051;8;;;;;36044.5;0.0
23;41600;ASH_COATED_OSMIUM;9985;11;9984;13;9982;14;10001;15;10003;13;10006;14;9993.5;0.0
23;41600;INTARIAN_PEPPER_ROOT;36037;11;36034;8;;;36051;9;36054;21;;;36044.5;0.0
23;41700;ASH_COATED_OSMIUM;9989;22;;;;;10005;13;;;;;9997.5;0.0
23;41700;INTARIAN_PEPPER_ROOT;36033;12;36030;12;;;36047;11;36049;10;;;36040.0;0.0
23;41800;ASH_COATED_OSMIUM;9987;15;9985;29;;;10003;10;10004;13;;;9995.0;0.0
23;41800;INTARIAN_PEPPER_ROOT;36038;11;36037;12;;;36051;8;36054;11;;;36044.5;0.0
23;41900;ASH_COATED_OSMIUM;9993;13;9992;11;;;10003;10;10005;10;;;9998.0;0.0
23;41900;INTARIAN_PEPPER_ROOT;36035;11;;;;;36048;12;;;;;36042.0;0.0
23;42000;ASH_COATED_OSMIUM;9987;12;9985;11;9982;11;10006;11;10008;10;10011;23;9996.5;0.0
23;42000;INTARIAN_PEPPER_ROOT;36039;10;36038;11;36036;8;36042;12;36045;12;36048;12;36041.0;0.0
23;42100;ASH_COATED_OSMIUM;9998;3;9995;15;;;10014;14;10016;22;;;10006.0;0.0
23;42100;INTARIAN_PEPPER_ROOT;36035;8;36034;10;;;36048;12;36050;15;;;36042.0;0.0
23;42200;ASH_COATED_OSMIUM;9993;12;;;;;10009;12;;;;;10001.5;0.0
23;42200;INTARIAN_PEPPER_ROOT;36032;8;36031;9;;;36046;10;36048;9;;;36039.5;0.0
23;42300;ASH_COATED_OSMIUM;9993;30;9990;11;;;10009;11;10011;11;;;10001.0;0.0
23;42300;INTARIAN_PEPPER_ROOT;36037;25;;;;;36053;8;;;;;36045.5;0.0
23;42400;ASH_COATED_OSMIUM;9993;24;9991;30;;;10009;28;10010;13;;;10001.0;0.0
23;42400;INTARIAN_PEPPER_ROOT;36034;20;36033;8;;;36046;12;36048;10;;;36040.0;0.0
23;42500;ASH_COATED_OSMIUM;9988;21;9987;12;;;10004;12;10006;11;;;9996.0;0.0
23;42500;INTARIAN_PEPPER_ROOT;36036;8;36034;11;;;36048;8;36051;8;;;36042.0;0.0
23;42600;ASH_COATED_OSMIUM;9990;11;;;;;10006;7;;;;;9998.5;0.0
23;42600;INTARIAN_PEPPER_ROOT;36034;11;36031;9;;;36046;11;36048;6;;;36040.5;0.0
23;42700;ASH_COATED_OSMIUM;9999;10;9998;28;;;10015;13;10017;14;;;10007.5;0.0
23;42700;INTARIAN_PEPPER_ROOT;36037;9;36035;12;;;36050;8;36052;9;;;36043.5;0.0
23;42800;ASH_COATED_OSMIUM;9999;10;9997;15;;;10008;13;10011;14;;;10003.5;0.0
23;42800;INTARIAN_PEPPER_ROOT;36041;11;;;;;36053;19;;;;;36047.5;0.0
23;42900;ASH_COATED_OSMIUM;9989;3;9988;10;;;10008;11;10009;10;;;9998.5;0.0
23;42900;INTARIAN_PEPPER_ROOT;36033;10;;;;;36045;12;;;;;36039.5;0.0
23;43000;ASH_COATED_OSMIUM;9997;15;9996;11;;;10013;12;10016;10;;;10005.5;0.0
23;43000;INTARIAN_PEPPER_ROOT;36038;12;36036;16;36035;10;36050;12;36053;25;36056;11;36044.5;0.0
23;43100;ASH_COATED_OSMIUM;9993;12;9992;15;;;10009;11;10010;11;;;10001.5;0.0
23;43100;INTARIAN_PEPPER_ROOT;36036;8;;;;;36052;8;;;;;36044.0;0.0
23;43200;ASH_COATED_OSMIUM;9994;28;9993;14;;;10010;23;10013;12;;;10002.0;0.0
23;43200;INTARIAN_PEPPER_ROOT;36036;20;36033;10;36031;10;36050;8;36053;9;36055;9;36043.0;0.0
23;43300;ASH_COATED_OSMIUM;9993;12;9991;10;9988;13;10011;11;10013;29;10015;12;10002.0;0.0
23;43300;INTARIAN_PEPPER_ROOT;36038;12;36036;25;;;36054;23;36057;10;;;36046.0;0.0
23;43400;ASH_COATED_OSMIUM;9992;14;;;;;10010;26;;;;;10001.5;0.0
23;43400;INTARIAN_PEPPER_ROOT;36037;9;36036;11;;;36054;18;36056;8;;;36045.5;0.0
23;43500;ASH_COATED_OSMIUM;9994;28;9991;11;;;10010;25;10013;11;;;10002.5;0.0
23;43500;INTARIAN_PEPPER_ROOT;36037;17;36036;18;36033;8;36052;8;36055;11;36058;25;36044.5;0.0
23;43600;ASH_COATED_OSMIUM;9996;13;9993;14;;;10012;10;10014;10;;;10004.5;0.0
23;43600;INTARIAN_PEPPER_ROOT;36036;9;36034;21;36033;6;36047;12;36050;11;36051;10;36041.5;0.0
23;43700;ASH_COATED_OSMIUM;10000;23;9997;12;9995;15;10016;12;10017;10;10019;15;10008.5;0.0
23;43700;INTARIAN_PEPPER_ROOT;36036;10;36034;10;;;36048;11;36050;8;;;36042.0;0.0
23;43800;ASH_COATED_OSMIUM;9992;13;9991;14;;;10013;27;10016;13;;;10003.0;0.0
23;43800;INTARIAN_PEPPER_ROOT;36035;10;36034;8;;;36051;8;36054;8;;;36043.5;0.0
23;43900;ASH_COATED_OSMIUM;9992;20;;;;;10008;10;;;;;10000.0;0.0
23;43900;INTARIAN_PEPPER_ROOT;36041;22;;;;;36053;23;;;;;36047.0;0.0
23;44000;ASH_COATED_OSMIUM;9985;15;9984;13;;;10003;10;10005;10;;;9994.0;0.0
23;44000;INTARIAN_PEPPER_ROOT;36038;12;36035;11;;;36051;20;36053;10;;;36044.5;0.0
23;44100;ASH_COATED_OSMIUM;9989;15;9987;21;9984;25;10005;10;10007;24;10010;21;9997.5;0.0
23;44100;INTARIAN_PEPPER_ROOT;36037;8;36035;11;36033;12;36050;9;36052;25;36054;10;36044.0;0.0
23;44200;ASH_COATED_OSMIUM;9983;10;9982;24;;;10001;15;10004;11;;;9992.5;0.0
23;44200;INTARIAN_PEPPER_ROOT;36037;25;;;;;36050;25;;;;;36044.0;0.0
23;44300;ASH_COATED_OSMIUM;9985;12;9982;11;;;10003;25;10004;10;;;9994.0;0.0
23;44300;INTARIAN_PEPPER_ROOT;36038;9;;;;;36051;10;;;;;36044.5;0.0
23;44400;ASH_COATED_OSMIUM;9985;15;;;;;10006;15;;;;;9995.5;0.0
23;44400;INTARIAN_PEPPER_ROOT;36038;9;36037;16;;;36050;12;36053;8;;;36044.0;0.0
23;44500;ASH_COATED_OSMIUM;9990;15;9989;13;;;10009;13;10010;10;;;9999.5;0.0
23;44500;INTARIAN_PEPPER_ROOT;36032;12;36029;10;;;36045;11;36047;10;;;36039.0;0.0
23;44600;ASH_COATED_OSMIUM;9988;10;9987;12;;;10007;12;10008;10;;;9997.5;0.0
23;44600;INTARIAN_PEPPER_ROOT;36037;8;36035;12;;;36051;10;36052;11;;;36044.5;0.0
23;44700;ASH_COATED_OSMIUM;9984;15;9983;11;9980;25;10000;15;10003;10;10006;29;9992.5;0.0
23;44700;INTARIAN_PEPPER_ROOT;36038;9;;;;;36052;12;;;;;36045.5;0.0
23;44800;ASH_COATED_OSMIUM;9992;10;9991;14;9989;13;9997;10;9998;10;10000;28;9995.0;0.0
23;44800;INTARIAN_PEPPER_ROOT;36037;8;36034;8;;;36049;7;36052;8;;;36043.5;0.0
23;44900;ASH_COATED_OSMIUM;9991;12;9990;11;;;10009;14;10011;11;;;10000.5;0.0
23;44900;INTARIAN_PEPPER_ROOT;36039;8;36037;8;;;36043;12;36045;9;;;36041.5;0.0
23;45000;ASH_COATED_OSMIUM;9986;13;;;;;10002;13;;;;;9994.0;0.0
23;45000;INTARIAN_PEPPER_ROOT;36041;8;36038;11;;;36052;11;36055;8;;;36046.5;0.0
23;45100;ASH_COATED_OSMIUM;9983;11;;;;;9999;14;;;;;9991.5;0.0
23;45100;INTARIAN_PEPPER_ROOT;36042;12;36039;9;36036;8;36054;9;36057;16;36058;8;36048.0;0.0
23;45200;ASH_COATED_OSMIUM;9986;11;9984;15;;;10002;12;10003;5;;;9994.0;0.0
23;45200;INTARIAN_PEPPER_ROOT;36038;25;;;;;36054;11;;;;;36046.0;0.0
23;45300;ASH_COATED_OSMIUM;9986;12;9983;10;9980;12;10002;14;10005;13;10008;14;9994.0;0.0
23;45300;INTARIAN_PEPPER_ROOT;36034;11;;;;;36048;8;;;;;36041.0;0.0
23;45400;ASH_COATED_OSMIUM;9989;12;9988;13;;;10005;13;10008;15;;;9997.5;0.0
23;45400;INTARIAN_PEPPER_ROOT;36034;8;;;;;36051;9;;;;;36043.0;0.0
23;45500;ASH_COATED_OSMIUM;9988;14;;;;;10004;14;;;;;9996.0;0.0
23;45500;INTARIAN_PEPPER_ROOT;36039;10;36038;9;36035;12;36052;10;36055;12;36056;12;36046.0;0.0
23;45600;ASH_COATED_OSMIUM;9988;11;9985;5;9984;14;9998;14;10001;12;10004;12;9993.5;0.0
23;45600;INTARIAN_PEPPER_ROOT;36040;11;36037;10;;;36054;9;36056;12;;;36047.5;0.0
23;45700;ASH_COATED_OSMIUM;9982;14;9980;14;;;9998;10;10001;14;;;9990.0;0.0
23;45700;INTARIAN_PEPPER_ROOT;36035;9;36032;11;;;36048;8;36051;10;;;36042.0;0.0
23;45800;ASH_COATED_OSMIUM;9985;28;9984;11;9982;11;10003;14;10005;13;10006;14;9994.5;0.0
23;45800;INTARIAN_PEPPER_ROOT;36039;12;;;;;36052;23;;;;;36046.0;0.0
23;45900;ASH_COATED_OSMIUM;9987;12;9985;11;;;10006;28;10008;15;;;9997.0;0.0
23;45900;INTARIAN_PEPPER_ROOT;36039;11;;;;;36055;17;;;;;36047.5;0.0
23;46000;ASH_COATED_OSMIUM;9994;14;9993;11;;;10012;15;10014;12;;;10003.5;0.0
23;46000;INTARIAN_PEPPER_ROOT;36038;9;;;;;36054;17;;;;;36046.0;0.0
23;46100;ASH_COATED_OSMIUM;9998;14;9995;15;9994;10;10009;12;10010;13;10013;10;10003.5;0.0
23;46100;INTARIAN_PEPPER_ROOT;36036;21;36034;11;;;36050;17;36053;15;;;36043.0;0.0
23;46200;ASH_COATED_OSMIUM;9990;12;9989;12;;;10006;11;10009;14;;;9998.0;0.0
23;46200;INTARIAN_PEPPER_ROOT;36041;24;;;;;36056;10;;;;;36048.5;0.0
23;46300;ASH_COATED_OSMIUM;9996;12;;;;;10012;10;;;;;10004.0;0.0
23;46300;INTARIAN_PEPPER_ROOT;36038;12;36037;12;36036;8;36050;9;36051;10;36053;8;36044.5;0.0
23;46400;ASH_COATED_OSMIUM;9989;14;9988;11;9987;11;10005;4;10006;10;10008;10;9997.5;0.0
23;46400;INTARIAN_PEPPER_ROOT;36041;12;36038;11;36036;8;36053;10;36054;19;36057;10;36047.5;0.0
23;46500;ASH_COATED_OSMIUM;9993;14;9992;10;9990;14;10009;13;10011;7;10014;10;10001.5;0.0
23;46500;INTARIAN_PEPPER_ROOT;36036;8;36033;9;;;36049;11;36050;12;;;36042.5;0.0
23;46600;ASH_COATED_OSMIUM;9997;10;9994;15;9993;14;10013;12;10016;20;10017;26;10005.5;0.0
23;46600;INTARIAN_PEPPER_ROOT;36037;9;36034;12;;;36054;12;36057;10;;;36045.5;0.0
23;46700;ASH_COATED_OSMIUM;10002;14;;;;;10018;10;;;;;10010.5;0.0
23;46700;INTARIAN_PEPPER_ROOT;36035;9;36034;23;36031;12;36053;9;36055;12;36057;6;36044.5;0.0
23;46800;ASH_COATED_OSMIUM;9999;11;;;;;10015;14;;;;;10007.0;0.0
23;46800;INTARIAN_PEPPER_ROOT;36039;12;;;;;36050;23;;;;;36044.5;0.0
23;46900;ASH_COATED_OSMIUM;9999;14;9997;25;;;10015;28;10017;12;;;10007.5;0.0
23;46900;INTARIAN_PEPPER_ROOT;36043;24;36041;11;;;36055;10;36058;11;;;36049.0;0.0
23;47000;ASH_COATED_OSMIUM;10004;11;10002;13;10001;14;10014;14;10017;10;10019;14;10009.0;0.0
23;47000;INTARIAN_PEPPER_ROOT;36043;15;36041;11;36040;11;36050;12;36053;8;36056;10;36047.0;0.0
23;47100;ASH_COATED_OSMIUM;9999;14;9996;15;;;10015;11;10016;10;;;10007.5;0.0
23;47100;INTARIAN_PEPPER_ROOT;36038;21;36035;10;36032;8;36049;8;36051;8;36052;20;36044.0;0.0
23;47200;ASH_COATED_OSMIUM;10002;13;;;;;10018;12;;;;;10010.0;0.0
23;47200;INTARIAN_PEPPER_ROOT;36048;10;36045;25;36042;9;36051;10;36053;10;36055;11;36049.5;0.0
23;47300;ASH_COATED_OSMIUM;10002;12;;;;;10018;13;;;;;10010.5;0.0
23;47300;INTARIAN_PEPPER_ROOT;36038;9;;;;;36053;10;;;;;36046.0;0.0
23;47400;ASH_COATED_OSMIUM;9998;12;9997;10;9996;10;10010;14;10011;13;10012;12;10004.5;0.0
23;47400;INTARIAN_PEPPER_ROOT;36042;11;36040;8;36038;11;36055;12;36057;11;36058;12;36048.5;0.0
23;47500;ASH_COATED_OSMIUM;9990;14;;;;;10009;15;;;;;10000.0;0.0
23;47500;INTARIAN_PEPPER_ROOT;36046;12;;;;;36055;8;;;;;36050.5;0.0
23;47600;ASH_COATED_OSMIUM;9996;14;;;;;10012;14;;;;;10004.5;0.0
23;47600;INTARIAN_PEPPER_ROOT;36040;9;36038;12;36035;11;36053;12;36056;9;36057;12;36047.0;0.0
23;47700;ASH_COATED_OSMIUM;10003;23;10001;12;;;10014;13;10016;14;;;10008.5;0.0
23;47700;INTARIAN_PEPPER_ROOT;36041;11;36038;19;;;36053;10;36056;8;;;36047.5;0.0
23;47800;ASH_COATED_OSMIUM;10012;14;10011;15;;;10023;12;10025;21;;;10017.5;0.0
23;47800;INTARIAN_PEPPER_ROOT;36041;21;;;;;36053;12;;;;;36047.0;0.0
23;47900;ASH_COATED_OSMIUM;10006;10;10004;15;10002;20;10017;10;10019;11;10021;13;10012.0;0.0
23;47900;INTARIAN_PEPPER_ROOT;36039;12;;;;;36051;17;;;;;36045.0;0.0
23;48000;ASH_COATED_OSMIUM;9997;11;9994;15;9992;15;10013;12;10016;13;10018;11;10005.5;0.0
23;48000;INTARIAN_PEPPER_ROOT;36041;8;36040;11;;;36057;11;36058;8;;;36049.0;0.0
23;48100;ASH_COATED_OSMIUM;9991;12;;;;;10009;13;;;;;10000.5;0.0
23;48100;INTARIAN_PEPPER_ROOT;36042;20;;;;;36055;9;;;;;36048.5;0.0
23;48200;ASH_COATED_OSMIUM;9994;10;9992;14;9990;15;10005;20;10008;23;10010;14;10000.0;0.0
23;48200;INTARIAN_PEPPER_ROOT;36040;8;36038;9;36035;12;36059;12;36062;9;36063;9;36049.5;0.0
23;48300;ASH_COATED_OSMIUM;9991;13;9989;15;9987;14;10007;15;10009;12;10012;12;9999.5;0.0
23;48300;INTARIAN_PEPPER_ROOT;36038;9;36037;8;36034;8;36052;9;36053;11;36055;9;36045.0;0.0
23;48400;ASH_COATED_OSMIUM;9991;15;;;;;10007;15;;;;;9999.0;0.0
23;48400;INTARIAN_PEPPER_ROOT;36041;11;36039;9;36038;10;36055;18;36056;12;36057;12;36048.5;0.0
23;48500;ASH_COATED_OSMIUM;9986;10;;;;;10007;14;;;;;9997.0;0.0
23;48500;INTARIAN_PEPPER_ROOT;36045;11;;;;;36056;12;;;;;36051.0;0.0
23;48600;ASH_COATED_OSMIUM;9991;11;9990;13;9987;14;10007;15;10010;21;10013;28;9999.0;0.0
23;48600;INTARIAN_PEPPER_ROOT;36041;9;36039;15;;;36054;8;36057;11;;;36047.5;0.0
23;48700;ASH_COATED_OSMIUM;9996;12;;;;;10012;14;;;;;10004.5;0.0
23;48700;INTARIAN_PEPPER_ROOT;36042;9;;;;;36056;10;;;;;36049.5;0.0
23;48800;ASH_COATED_OSMIUM;9992;10;9989;10;9988;22;10008;15;10009;13;10010;14;10000.5;0.0
23;48800;INTARIAN_PEPPER_ROOT;36044;12;36041;16;;;36059;10;36061;8;;;36051.5;0.0
23;48900;ASH_COATED_OSMIUM;9991;12;9990;23;9988;12;10007;13;10010;15;10011;11;9999.0;0.0
23;48900;INTARIAN_PEPPER_ROOT;36039;10;36037;9;;;36055;11;36056;23;;;36047.0;0.0
23;49000;ASH_COATED_OSMIUM;9985;10;9984;12;;;10001;14;10004;10;;;9993.5;0.0
23;49000;INTARIAN_PEPPER_ROOT;36041;20;36038;10;;;36060;11;36062;9;;;36051.0;0.0
23;49100;ASH_COATED_OSMIUM;9983;21;;;;;10004;22;;;;;9994.0;0.0
23;49100;INTARIAN_PEPPER_ROOT;36043;8;;;;;36062;15;;;;;36053.0;0.0
23;49200;ASH_COATED_OSMIUM;9989;15;9987;15;;;10007;27;10008;11;;;9998.5;0.0
23;49200;INTARIAN_PEPPER_ROOT;36043;8;;;;;36059;9;;;;;36051.0;0.0
23;49300;ASH_COATED_OSMIUM;9987;12;9985;15;9984;13;10003;10;10005;10;10008;10;9995.5;0.0
23;49300;INTARIAN_PEPPER_ROOT;36043;9;36040;24;;;36054;8;36057;17;;;36048.5;0.0
23;49400;ASH_COATED_OSMIUM;9989;21;9987;10;9985;15;10005;13;10008;14;10009;15;9997.0;0.0
23;49400;INTARIAN_PEPPER_ROOT;36041;11;;;;;36057;9;;;;;36049.0;0.0
23;49500;ASH_COATED_OSMIUM;9984;11;9981;12;;;10000;15;10003;29;;;9992.5;0.0
23;49500;INTARIAN_PEPPER_ROOT;36043;12;36042;10;36041;9;36059;18;36060;9;36061;10;36051.0;0.0
23;49600;ASH_COATED_OSMIUM;9988;5;9986;14;;;10009;11;10010;21;;;9998.5;0.0
23;49600;INTARIAN_PEPPER_ROOT;36040;23;36037;23;;;36056;8;36059;16;;;36048.5;0.0
23;49700;ASH_COATED_OSMIUM;9987;12;;;;;10003;21;;;;;9995.5;0.0
23;49700;INTARIAN_PEPPER_ROOT;36042;16;36040;12;;;36054;9;36057;9;;;36048.5;0.0
23;49800;ASH_COATED_OSMIUM;9989;27;9986;11;9984;13;10005;27;10007;14;10010;27;9997.0;0.0
23;49800;INTARIAN_PEPPER_ROOT;36043;12;36042;12;;;36055;20;36057;8;;;36049.0;0.0
23;49900;ASH_COATED_OSMIUM;9991;28;9988;14;;;10009;15;10010;3;;;10000.0;0.0
23;49900;INTARIAN_PEPPER_ROOT;36041;16;36038;22;;;36052;11;36054;12;;;36047.0;0.0
23;50000;ASH_COATED_OSMIUM;9989;12;9988;12;9986;12;10005;11;10007;12;10010;14;9997.0;0.0
23;50000;INTARIAN_PEPPER_ROOT;36039;12;;;;;36055;16;;;;;36047.0;0.0
23;50100;ASH_COATED_OSMIUM;9987;12;;;;;10003;10;;;;;9995.0;0.0
23;50100;INTARIAN_PEPPER_ROOT;36042;8;36039;8;36037;23;36055;18;36058;10;36059;11;36048.5;0.0
23;50200;ASH_COATED_OSMIUM;9988;14;9985;9;;;10004;23;10005;11;;;9996.5;0.0
23;50200;INTARIAN_PEPPER_ROOT;36038;11;36037;12;;;36055;8;36056;10;;;36047.0;0.0
23;50300;ASH_COATED_OSMIUM;9995;14;;;;;10011;12;;;;;10003.5;0.0
23;50300;INTARIAN_PEPPER_ROOT;36045;25;36044;8;;;36058;20;36061;11;;;36051.5;0.0
23;50400;ASH_COATED_OSMIUM;9997;12;9995;13;;;10018;11;10020;14;;;10007.5;0.0
23;50400;INTARIAN_PEPPER_ROOT;36041;10;36040;8;;;36057;12;36060;11;;;36049.0;0.0
23;50500;ASH_COATED_OSMIUM;9997;12;9994;12;9991;15;10013;27;10015;15;10016;12;10005.5;0.0
23;50500;INTARIAN_PEPPER_ROOT;36040;9;;;;;36053;17;;;;;36047.0;0.0
23;50600;ASH_COATED_OSMIUM;9997;13;;;;;10013;25;;;;;10005.0;0.0
23;50600;INTARIAN_PEPPER_ROOT;36042;10;36041;9;;;36054;8;36055;10;;;36048.0;0.0
23;50700;ASH_COATED_OSMIUM;9997;12;9996;2;;;10007;11;10008;10;;;10002.0;0.0
23;50700;INTARIAN_PEPPER_ROOT;36043;15;;;;;36055;12;;;;;36049.0;0.0
23;50800;ASH_COATED_OSMIUM;9991;14;9990;13;;;10007;29;10008;14;;;9999.0;0.0
23;50800;INTARIAN_PEPPER_ROOT;36049;11;36047;17;36045;9;36062;10;36065;10;36068;10;36055.5;0.0
23;50900;ASH_COATED_OSMIUM;9994;12;;;;;10012;10;;;;;10003.0;0.0
23;50900;INTARIAN_PEPPER_ROOT;36041;11;;;;;36054;11;;;;;36047.5;0.0
23;51000;ASH_COATED_OSMIUM;9994;11;9992;11;9989;12;10012;22;10013;20;10015;10;10003.0;0.0
23;51000;INTARIAN_PEPPER_ROOT;36041;12;;;;;36056;8;;;;;36049.0;0.0
23;51100;ASH_COATED_OSMIUM;9999;11;9996;22;9995;13;10017;11;10020;11;10023;11;10008.0;0.0
23;51100;INTARIAN_PEPPER_ROOT;36046;12;36045;16;;;36061;9;36063;12;;;36054.0;0.0
23;51200;ASH_COATED_OSMIUM;9992;12;9990;13;9989;13;10011;15;10012;13;10014;14;10001.5;0.0
23;51200;INTARIAN_PEPPER_ROOT;36046;8;36043;11;36040;12;36057;12;36058;11;36059;22;36051.5;0.0
23;51300;ASH_COATED_OSMIUM;9992;12;9990;13;;;10008;13;10010;29;;;10000.5;0.0
23;51300;INTARIAN_PEPPER_ROOT;36046;18;36045;15;;;36059;11;36061;9;;;36053.0;0.0
23;51400;ASH_COATED_OSMIUM;9993;10;;;;;10011;15;;;;;10002.0;0.0
23;51400;INTARIAN_PEPPER_ROOT;36044;9;36042;9;36041;18;36056;10;36058;10;36060;9;36050.0;0.0
23;51500;ASH_COATED_OSMIUM;9992;10;;;;;10008;30;;;;;10000.5;0.0
23;51500;INTARIAN_PEPPER_ROOT;36044;11;36041;11;;;36057;12;36058;11;;;36050.5;0.0
23;51600;ASH_COATED_OSMIUM;9993;14;9992;26;;;10009;11;10011;10;;;10001.5;0.0
23;51600;INTARIAN_PEPPER_ROOT;36051;15;36050;11;;;36065;19;36066;12;;;36058.0;0.0
23;51700;ASH_COATED_OSMIUM;9989;7;9987;14;;;10005;14;10006;22;;;9997.0;0.0
23;51700;INTARIAN_PEPPER_ROOT;36041;12;36039;11;36038;12;36058;8;36059;16;36060;16;36050.0;0.0
23;51800;ASH_COATED_OSMIUM;9987;11;9984;30;;;10003;10;10006;11;;;9995.0;0.0
23;51800;INTARIAN_PEPPER_ROOT;36047;18;;;;;36063;9;;;;;36055.0;0.0
23;51900;ASH_COATED_OSMIUM;9984;14;;;;;10000;27;;;;;9992.5;0.0
23;51900;INTARIAN_PEPPER_ROOT;36045;12;;;;;36059;8;;;;;36052.0;0.0
23;52000;ASH_COATED_OSMIUM;9986;11;;;;;10002;15;;;;;9994.0;0.0
23;52000;INTARIAN_PEPPER_ROOT;36045;8;36042;12;;;36058;8;36061;9;;;36051.5;0.0
23;52100;ASH_COATED_OSMIUM;9988;11;9985;10;;;10007;10;10008;12;;;9997.5;0.0
23;52100;INTARIAN_PEPPER_ROOT;36044;15;36043;8;36040;10;36057;10;36059;9;36061;10;36051.0;0.0
23;52200;ASH_COATED_OSMIUM;9991;15;;;;;10007;10;;;;;9999.0;0.0
23;52200;INTARIAN_PEPPER_ROOT;36044;9;36042;18;;;36056;10;36058;8;;;36050.5;0.0
23;52300;ASH_COATED_OSMIUM;9989;14;9988;23;;;10005;13;10008;10;;;9997.0;0.0
23;52300;INTARIAN_PEPPER_ROOT;36044;12;36042;12;36041;11;36056;15;36058;8;36059;12;36050.0;0.0
23;52400;ASH_COATED_OSMIUM;9986;14;;;;;9996;11;;;;;9991.0;0.0
23;52400;INTARIAN_PEPPER_ROOT;36043;12;36040;11;;;36060;11;36061;8;;;36052.0;0.0
23;52500;ASH_COATED_OSMIUM;9986;12;9983;10;9980;11;9997;15;9998;12;10000;12;9992.0;0.0
23;52500;INTARIAN_PEPPER_ROOT;36046;11;36043;9;36041;9;36057;9;36059;23;36061;19;36052.0;0.0
23;52600;ASH_COATED_OSMIUM;9984;12;9983;10;;;10002;10;10005;26;;;9993.5;0.0
23;52600;INTARIAN_PEPPER_ROOT;36043;11;;;;;36055;6;;;;;36049.0;0.0
23;52700;ASH_COATED_OSMIUM;9991;15;9988;10;9987;10;10010;10;10013;15;10015;10;10000.5;0.0
23;52700;INTARIAN_PEPPER_ROOT;36046;16;36044;11;;;36059;21;36060;9;;;36052.5;0.0
23;52800;ASH_COATED_OSMIUM;9993;28;9990;13;9988;14;10003;11;10004;15;10007;20;9998.0;0.0
23;52800;INTARIAN_PEPPER_ROOT;36044;8;;;;;36058;9;;;;;36051.5;0.0
23;52900;ASH_COATED_OSMIUM;9992;14;9990;14;;;10008;12;10011;10;;;10000.0;0.0
23;52900;INTARIAN_PEPPER_ROOT;36046;8;;;;;36058;9;;;;;36052.0;0.0
23;53000;ASH_COATED_OSMIUM;9995;14;;;;;10011;25;;;;;10003.0;0.0
23;53000;INTARIAN_PEPPER_ROOT;36047;10;36045;12;36043;9;36060;9;36062;12;36063;11;36053.5;0.0
23;53100;ASH_COATED_OSMIUM;9997;4;;;;;10013;11;;;;;10005.5;0.0
23;53100;INTARIAN_PEPPER_ROOT;36047;8;36044;11;;;36063;8;36064;9;;;36055.5;0.0
23;53200;ASH_COATED_OSMIUM;9995;4;9993;12;;;10011;14;10012;25;;;10003.5;0.0
23;53200;INTARIAN_PEPPER_ROOT;36049;11;36046;24;36045;11;36062;8;36065;12;36066;8;36056.0;0.0
23;53300;ASH_COATED_OSMIUM;9993;24;9991;10;;;10012;25;10015;11;;;10003.0;0.0
23;53300;INTARIAN_PEPPER_ROOT;36047;9;;;;;36060;10;;;;;36054.0;0.0
23;53400;ASH_COATED_OSMIUM;9992;12;9990;12;;;10011;10;10013;11;;;10002.0;0.0
23;53400;INTARIAN_PEPPER_ROOT;36044;11;36043;12;36040;11;36058;25;36061;10;36062;9;36051.5;0.0
23;53500;ASH_COATED_OSMIUM;9992;13;;;;;10013;28;;;;;10002.5;0.0
23;53500;INTARIAN_PEPPER_ROOT;36050;9;36049;11;;;36064;10;36067;9;;;36057.0;0.0
23;53600;ASH_COATED_OSMIUM;9992;14;9990;10;;;10008;12;10011;13;;;10000.0;0.0
23;53600;INTARIAN_PEPPER_ROOT;36052;10;36051;15;;;36056;11;36057;12;;;36054.5;0.0
23;53700;ASH_COATED_OSMIUM;9992;14;9989;14;9986;14;10008;23;10010;13;10012;25;10000.0;0.0
23;53700;INTARIAN_PEPPER_ROOT;36047;10;36044;9;;;36058;8;36061;11;;;36052.5;0.0
23;53800;ASH_COATED_OSMIUM;9995;13;9993;12;9990;12;10011;10;10014;14;10016;14;10003.0;0.0
23;53800;INTARIAN_PEPPER_ROOT;36050;10;36048;21;;;36066;9;36069;8;;;36058.0;0.0
23;53900;ASH_COATED_OSMIUM;9989;10;9988;22;9985;13;10008;2;10011;14;10013;14;9999.0;0.0
23;53900;INTARIAN_PEPPER_ROOT;36049;12;;;;;36061;10;;;;;36055.0;0.0
23;54000;ASH_COATED_OSMIUM;9990;13;;;;;10009;24;;;;;9999.5;0.0
23;54000;INTARIAN_PEPPER_ROOT;36047;22;;;;;36060;8;;;;;36053.5;0.0
23;54100;ASH_COATED_OSMIUM;9996;24;;;;;10012;13;;;;;10004.0;0.0
23;54100;INTARIAN_PEPPER_ROOT;36048;9;36047;7;;;36062;21;36064;12;;;36055.0;0.0
23;54200;ASH_COATED_OSMIUM;9998;11;9997;11;9994;14;10014;5;10016;13;10017;12;10006.5;0.0
23;54200;INTARIAN_PEPPER_ROOT;36049;12;36046;12;36043;17;36061;8;36063;9;36065;12;36055.0;0.0
23;54300;ASH_COATED_OSMIUM;9995;12;;;;;10016;11;;;;;10005.5;0.0
23;54300;INTARIAN_PEPPER_ROOT;36050;11;36047;8;;;36063;11;36064;8;;;36057.0;0.0
23;54400;ASH_COATED_OSMIUM;9994;9;9992;14;9991;11;10010;15;10012;15;10013;12;10002.5;0.0
23;54400;INTARIAN_PEPPER_ROOT;36048;12;;;;;36060;12;;;;;36054.5;0.0
23;54500;ASH_COATED_OSMIUM;9998;10;9997;10;;;10014;13;10016;23;;;10006.5;0.0
23;54500;INTARIAN_PEPPER_ROOT;36049;9;36046;8;;;36060;10;36061;11;;;36054.5;0.0
23;54600;ASH_COATED_OSMIUM;10000;14;9997;23;;;10016;10;10018;11;;;10008.5;0.0
23;54600;INTARIAN_PEPPER_ROOT;36043;10;;;;;36057;10;;;;;36050.5;0.0
23;54700;ASH_COATED_OSMIUM;9995;13;;;;;10014;13;;;;;10004.5;0.0
23;54700;INTARIAN_PEPPER_ROOT;36046;22;36043;8;;;36062;9;36065;10;;;36054.0;0.0
23;54800;ASH_COATED_OSMIUM;9991;12;9990;15;;;10010;11;10013;12;;;10000.5;0.0
23;54800;INTARIAN_PEPPER_ROOT;36049;6;;;;;36060;9;;;;;36055.0;0.0
23;54900;ASH_COATED_OSMIUM;9995;10;;;;;10011;11;;;;;10003.5;0.0
23;54900;INTARIAN_PEPPER_ROOT;36045;10;36044;9;36043;10;36059;12;36061;9;36062;12;36052.5;0.0
23;55000;ASH_COATED_OSMIUM;9994;13;;;;;10010;14;;;;;10002.0;0.0
23;55000;INTARIAN_PEPPER_ROOT;36047;9;36045;8;;;36059;11;36060;12;;;36053.0;0.0
23;55100;ASH_COATED_OSMIUM;9989;21;9986;26;;;10005;11;10008;20;;;9997.0;0.0
23;55100;INTARIAN_PEPPER_ROOT;36047;9;36046;9;;;36063;8;36066;8;;;36055.5;0.0
23;55200;ASH_COATED_OSMIUM;9984;15;;;;;10000;14;;;;;9992.5;0.0
23;55200;INTARIAN_PEPPER_ROOT;36048;21;36046;8;;;36060;11;36062;20;;;36054.5;0.0
23;55300;ASH_COATED_OSMIUM;9980;10;9979;11;;;9996;22;9998;12;;;9988.5;0.0
23;55300;INTARIAN_PEPPER_ROOT;36050;16;;;;;36061;10;;;;;36055.5;0.0
23;55400;ASH_COATED_OSMIUM;9990;15;;;;;9997;13;;;;;9994.0;0.0
23;55400;INTARIAN_PEPPER_ROOT;36049;11;36048;12;36046;10;36060;10;36063;8;36066;9;36054.5;0.0
23;55500;ASH_COATED_OSMIUM;9989;29;9988;12;;;10007;13;10008;12;;;9998.0;0.0
23;55500;INTARIAN_PEPPER_ROOT;36046;24;36045;8;;;36061;8;36062;9;;;36054.0;0.0
23;55600;ASH_COATED_OSMIUM;9982;14;9981;13;9978;10;9998;12;9999;13;10001;14;9990.5;0.0
23;55600;INTARIAN_PEPPER_ROOT;36051;9;36048;8;36047;18;36067;25;36070;9;36071;12;36059.0;0.0
23;55700;ASH_COATED_OSMIUM;9981;15;9980;10;9977;12;9997;11;9999;10;10000;15;9989.5;0.0
23;55700;INTARIAN_PEPPER_ROOT;36052;10;36050;25;;;36063;8;36065;11;;;36058.0;0.0
23;55800;ASH_COATED_OSMIUM;9986;15;9984;14;;;10002;14;10005;25;;;9994.0;0.0
23;55800;INTARIAN_PEPPER_ROOT;36052;4;;;;;36065;10;;;;;36059.0;0.0
23;55900;ASH_COATED_OSMIUM;9990;11;9989;15;9986;10;10006;25;10009;11;10011;14;9998.5;0.0
23;55900;INTARIAN_PEPPER_ROOT;36049;11;;;;;36062;10;;;;;36055.5;0.0
23;56000;ASH_COATED_OSMIUM;9992;12;9990;28;;;10008;14;10009;15;;;10000.5;0.0
23;56000;INTARIAN_PEPPER_ROOT;36049;12;36046;10;;;36064;23;36067;10;;;36056.5;0.0
23;56100;ASH_COATED_OSMIUM;9994;13;;;;;10010;10;;;;;10002.0;0.0
23;56100;INTARIAN_PEPPER_ROOT;36050;16;36049;12;;;36064;12;36066;10;;;36057.0;0.0
23;56200;ASH_COATED_OSMIUM;9992;15;9991;11;;;10010;12;10011;15;;;10001.0;0.0
23;56200;INTARIAN_PEPPER_ROOT;36049;11;36048;12;36046;10;36066;10;36067;11;36068;8;36058.0;0.0
23;56300;ASH_COATED_OSMIUM;9993;5;9990;11;9989;11;10000;25;10001;13;10002;12;9996.5;0.0
23;56300;INTARIAN_PEPPER_ROOT;36047;9;36045;8;;;36061;10;36063;9;;;36054.5;0.0
23;56400;ASH_COATED_OSMIUM;9991;15;;;;;10007;13;;;;;9999.5;0.0
23;56400;INTARIAN_PEPPER_ROOT;36047;18;36044;12;;;36062;25;36065;9;;;36054.5;0.0
23;56500;ASH_COATED_OSMIUM;9988;15;;;;;10004;27;;;;;9996.0;0.0
23;56500;INTARIAN_PEPPER_ROOT;36046;12;;;;;36061;12;;;;;36053.5;0.0
23;56600;ASH_COATED_OSMIUM;9990;12;9987;15;;;10006;13;10008;11;;;9998.0;0.0
23;56600;INTARIAN_PEPPER_ROOT;36050;12;;;;;36062;9;;;;;36056.5;0.0
23;56700;ASH_COATED_OSMIUM;9994;15;9991;13;9989;24;10010;12;10013;22;10016;15;10002.5;0.0
23;56700;INTARIAN_PEPPER_ROOT;36047;8;36045;8;36043;6;36061;12;36063;10;36065;9;36054.0;0.0
23;56800;ASH_COATED_OSMIUM;9994;14;9993;14;9992;15;10010;15;10011;6;10014;14;10002.0;0.0
23;56800;INTARIAN_PEPPER_ROOT;36050;5;36048;11;36047;9;36063;10;36064;10;36066;10;36056.5;0.0
23;56900;ASH_COATED_OSMIUM;9998;11;9997;14;;;10014;13;10015;10;;;10006.5;0.0
23;56900;INTARIAN_PEPPER_ROOT;36050;11;;;;;36065;9;;;;;36058.0;0.0
23;57000;ASH_COATED_OSMIUM;9991;27;9989;15;;;10007;15;10008;13;;;9999.0;0.0
23;57000;INTARIAN_PEPPER_ROOT;36048;21;;;;;36064;9;;;;;36056.5;0.0
23;57100;ASH_COATED_OSMIUM;9988;26;9987;14;;;10004;12;10006;10;;;9996.5;0.0
23;57100;INTARIAN_PEPPER_ROOT;36051;12;36048;12;;;36064;20;36066;8;;;36058.0;0.0
23;57200;ASH_COATED_OSMIUM;9992;12;;;;;10008;20;;;;;10000.5;0.0
23;57200;INTARIAN_PEPPER_ROOT;36050;11;36047;16;36045;10;36064;12;36067;18;36070;12;36057.0;0.0
23;57300;ASH_COATED_OSMIUM;9993;14;;;;;10009;29;;;;;10001.0;0.0
23;57300;INTARIAN_PEPPER_ROOT;36053;12;36051;11;36049;21;36065;9;36066;10;36067;9;36059.5;0.0
23;57400;ASH_COATED_OSMIUM;9994;10;9992;21;;;10012;22;10015;11;;;10003.5;0.0
23;57400;INTARIAN_PEPPER_ROOT;36053;12;36050;9;;;36065;10;36066;17;;;36059.5;0.0
23;57500;ASH_COATED_OSMIUM;9997;14;9995;14;;;10013;28;10015;30;;;10005.0;0.0
23;57500;INTARIAN_PEPPER_ROOT;36053;12;;;;;36064;23;;;;;36059.0;0.0
23;57600;ASH_COATED_OSMIUM;9991;11;9990;11;;;10007;13;10009;11;;;9999.0;0.0
23;57600;INTARIAN_PEPPER_ROOT;36054;8;36052;10;;;36066;9;36068;15;;;36060.5;0.0
23;57700;ASH_COATED_OSMIUM;9996;14;9995;14;9992;10;10005;30;10008;10;10009;11;10001.0;0.0
23;57700;INTARIAN_PEPPER_ROOT;36051;11;36049;16;;;36067;12;36068;8;;;36059.0;0.0
23;57800;ASH_COATED_OSMIUM;9989;21;;;;;10005;26;;;;;9997.0;0.0
23;57800;INTARIAN_PEPPER_ROOT;36049;21;36048;19;36047;10;36065;10;36066;20;36069;11;36057.5;0.0
23;57900;ASH_COATED_OSMIUM;9991;23;9990;10;;;10007;14;10009;14;;;9999.0;0.0
23;57900;INTARIAN_PEPPER_ROOT;36051;20;36050;8;;;36062;16;36063;10;;;36057.0;0.0
23;58000;ASH_COATED_OSMIUM;9987;13;9985;13;9983;15;10003;15;10004;11;10007;27;9995.5;0.0
23;58000;INTARIAN_PEPPER_ROOT;36050;8;36048;9;36047;12;36066;10;36069;23;36071;12;36058.5;0.0
23;58100;ASH_COATED_OSMIUM;9990;12;9988;10;9985;15;10001;14;10002;13;10004;12;9995.5;0.0
23;58100;INTARIAN_PEPPER_ROOT;36052;9;;;;;36065;18;;;;;36058.5;0.0
23;58200;ASH_COATED_OSMIUM;9985;12;9984;13;;;10001;13;10003;24;;;9993.5;0.0
23;58200;INTARIAN_PEPPER_ROOT;36052;11;36051;8;;;36068;11;36069;9;;;36060.0;0.0
23;58300;ASH_COATED_OSMIUM;9992;5;;;;;10008;13;;;;;10000.5;0.0
23;58300;INTARIAN_PEPPER_ROOT;36053;10;;;;;36065;10;;;;;36059.5;0.0
23;58400;ASH_COATED_OSMIUM;10002;13;10001;30;9998;10;10011;11;10013;12;10014;11;10007.0;0.0
23;58400;INTARIAN_PEPPER_ROOT;36051;11;36050;3;36047;9;36065;11;36066;4;36067;10;36058.5;0.0
23;58500;ASH_COATED_OSMIUM;9994;10;;;;;10012;12;;;;;10003.5;0.0
23;58500;INTARIAN_PEPPER_ROOT;36051;17;;;;;36063;11;;;;;36057.5;0.0
23;58600;ASH_COATED_OSMIUM;9993;10;9991;13;;;10009;21;10011;20;;;10001.5;0.0
23;58600;INTARIAN_PEPPER_ROOT;36050;25;;;;;36063;9;;;;;36057.0;0.0
23;58700;ASH_COATED_OSMIUM;9993;15;9991;13;;;10011;15;10014;15;;;10002.5;0.0
23;58700;INTARIAN_PEPPER_ROOT;36057;21;36055;11;36053;10;36060;22;36062;11;36065;9;36058.5;0.0
23;58800;ASH_COATED_OSMIUM;9993;12;9990;14;9987;13;10009;12;10010;30;10013;12;10001.0;0.0
23;58800;INTARIAN_PEPPER_ROOT;36056;10;;;;;36068;8;;;;;36062.5;0.0
23;58900;ASH_COATED_OSMIUM;9988;14;;;;;10004;14;;;;;9996.5;0.0
23;58900;INTARIAN_PEPPER_ROOT;36049;17;36048;11;;;36065;19;36067;11;;;36057.0;0.0
23;59000;ASH_COATED_OSMIUM;9983;13;9981;12;9979;15;10001;15;10003;11;10006;29;9992.5;0.0
23;59000;INTARIAN_PEPPER_ROOT;36050;8;36047;11;;;36065;8;36066;11;;;36058.0;0.0
23;59100;ASH_COATED_OSMIUM;9981;12;9978;11;9976;10;10000;15;10003;11;10004;13;9990.5;0.0
23;59100;INTARIAN_PEPPER_ROOT;36053;11;;;;;36064;9;;;;;36058.5;0.0
23;59200;ASH_COATED_OSMIUM;9988;12;9985;10;;;9998;10;10000;13;;;9993.0;0.0
23;59200;INTARIAN_PEPPER_ROOT;36053;24;36051;8;;;36067;8;36068;9;;;36060.5;0.0
23;59300;ASH_COATED_OSMIUM;9985;27;9982;10;9981;20;10003;14;10006;12;10008;10;9994.5;0.0
23;59300;INTARIAN_PEPPER_ROOT;36054;15;36051;8;;;36067;10;36068;11;;;36061.0;0.0
23;59400;ASH_COATED_OSMIUM;9990;10;9988;15;9987;10;10006;12;10007;13;10009;11;9998.5;0.0
23;59400;INTARIAN_PEPPER_ROOT;36052;8;36049;12;;;36064;11;36066;11;;;36058.5;0.0
23;59500;ASH_COATED_OSMIUM;9994;14;9992;14;9991;11;10010;24;10011;13;10012;15;10002.5;0.0
23;59500;INTARIAN_PEPPER_ROOT;36053;8;36052;10;36049;10;36064;11;36067;8;36068;23;36059.0;0.0
23;59600;ASH_COATED_OSMIUM;9996;29;9995;11;;;10015;28;10016;14;;;10005.5;0.0
23;59600;INTARIAN_PEPPER_ROOT;36052;11;36050;9;36047;19;36063;10;36065;4;36067;19;36058.0;0.0
23;59700;ASH_COATED_OSMIUM;9993;14;;;;;10009;10;;;;;10001.5;0.0
23;59700;INTARIAN_PEPPER_ROOT;36051;8;36049;10;;;36064;12;36066;22;;;36058.0;0.0
23;59800;ASH_COATED_OSMIUM;9993;28;9992;22;;;10011;11;10012;13;;;10002.5;0.0
23;59800;INTARIAN_PEPPER_ROOT;36054;12;36052;8;36050;9;36066;12;36067;12;36068;9;36060.0;0.0
23;59900;ASH_COATED_OSMIUM;9997;13;9995;14;9994;11;10013;13;10015;13;10018;15;10005.5;0.0
23;59900;INTARIAN_PEPPER_ROOT;36051;18;36050;18;;;36065;12;36068;4;;;36058.5;0.0
23;60000;ASH_COATED_OSMIUM;9994;12;;;;;10010;14;;;;;10002.0;0.0
23;60000;INTARIAN_PEPPER_ROOT;36049;16;36047;9;;;36066;24;36068;12;;;36057.5;0.0
23;60100;ASH_COATED_OSMIUM;9993;11;9992;14;;;10012;20;10014;14;;;10002.5;0.0
23;60100;INTARIAN_PEPPER_ROOT;36053;8;36051;11;;;36067;15;36068;9;;;36060.0;0.0
23;60200;ASH_COATED_OSMIUM;9994;10;9993;13;;;10015;11;10018;10;;;10005.0;0.0
23;60200;INTARIAN_PEPPER_ROOT;36056;16;;;;;36070;24;;;;;36063.5;0.0
23;60300;ASH_COATED_OSMIUM;9991;14;9990;4;;;10009;15;10011;10;;;10000.5;0.0
23;60300;INTARIAN_PEPPER_ROOT;36052;8;36049;10;;;36064;19;36067;10;;;36058.5;0.0
23;60400;ASH_COATED_OSMIUM;9986;12;9985;13;9983;12;10005;15;10007;13;10009;14;9995.5;0.0
23;60400;INTARIAN_PEPPER_ROOT;36054;11;36051;9;;;36070;10;36073;19;;;36062.5;0.0
23;60500;ASH_COATED_OSMIUM;9995;12;9994;14;9993;10;10011;13;10012;11;10013;22;10003.5;0.0
23;60500;INTARIAN_PEPPER_ROOT;36050;12;36047;11;;;36063;12;36066;11;;;36056.5;0.0
23;60600;ASH_COATED_OSMIUM;10000;14;9997;13;9994;14;10016;29;10019;10;10020;28;10008.0;0.0
23;60600;INTARIAN_PEPPER_ROOT;36050;23;;;;;36069;5;;;;;36060.0;0.0
23;60700;ASH_COATED_OSMIUM;10001;15;9998;14;9997;15;10019;10;10022;15;10024;3;10010.5;0.0
23;60700;INTARIAN_PEPPER_ROOT;36055;9;;;;;36068;11;;;;;36062.0;0.0
23;60800;ASH_COATED_OSMIUM;10003;10;;;;;10019;11;;;;;10011.0;0.0
23;60800;INTARIAN_PEPPER_ROOT;36055;9;;;;;36067;9;;;;;36061.5;0.0
23;60900;ASH_COATED_OSMIUM;10002;15;10001;14;;;10018;12;10021;14;;;10010.0;0.0
23;60900;INTARIAN_PEPPER_ROOT;36057;12;36054;8;36053;23;36069;10;36071;9;36074;8;36063.5;0.0
23;61000;ASH_COATED_OSMIUM;10002;7;10000;10;;;10018;12;10020;15;;;10010.5;0.0
23;61000;INTARIAN_PEPPER_ROOT;36052;10;36051;8;;;36069;8;36071;8;;;36061.0;0.0
23;61100;ASH_COATED_OSMIUM;9997;15;;;;;10013;13;;;;;10005.5;0.0
23;61100;INTARIAN_PEPPER_ROOT;36051;10;36048;10;36046;25;36068;18;36069;10;36071;11;36060.0;0.0
23;61200;ASH_COATED_OSMIUM;9993;15;;;;;10009;24;;;;;10001.5;0.0
23;61200;INTARIAN_PEPPER_ROOT;36051;10;;;;;36068;21;;;;;36059.5;0.0
23;61300;ASH_COATED_OSMIUM;9993;14;9992;26;;;10009;11;10012;15;;;10001.5;0.0
23;61300;INTARIAN_PEPPER_ROOT;36054;11;36051;10;36049;12;36066;11;36068;10;36070;10;36060.5;0.0
23;61400;ASH_COATED_OSMIUM;10001;10;9999;15;9998;22;10013;28;10014;14;10016;11;10007.5;0.0
23;61400;INTARIAN_PEPPER_ROOT;36053;10;36052;10;36051;7;36068;11;36070;12;36073;9;36061.0;0.0
23;61500;ASH_COATED_OSMIUM;10000;21;9997;27;9996;14;10016;14;10018;11;10019;12;10008.5;0.0
23;61500;INTARIAN_PEPPER_ROOT;36056;16;36054;18;36052;10;36069;9;36071;12;36072;17;36063.0;0.0
23;61600;ASH_COATED_OSMIUM;9998;14;9997;12;9996;14;10014;14;10017;29;10019;15;10006.5;0.0
23;61600;INTARIAN_PEPPER_ROOT;36050;8;36049;10;;;36067;11;36069;10;;;36059.0;0.0
23;61700;ASH_COATED_OSMIUM;9998;13;;;;;10014;12;;;;;10006.0;0.0
23;61700;INTARIAN_PEPPER_ROOT;36048;15;;;;;36065;9;;;;;36056.5;0.0
23;61800;ASH_COATED_OSMIUM;9996;10;;;;;10012;14;;;;;10004.5;0.0
23;61800;INTARIAN_PEPPER_ROOT;36054;9;;;;;36068;11;;;;;36061.0;0.0
23;61900;ASH_COATED_OSMIUM;9993;11;;;;;10009;10;;;;;10001.5;0.0
23;61900;INTARIAN_PEPPER_ROOT;36055;9;36054;12;;;36071;10;36073;11;;;36063.5;0.0
23;62000;ASH_COATED_OSMIUM;9992;13;9989;10;9987;12;10008;20;10011;15;10014;15;10000.5;0.0
23;62000;INTARIAN_PEPPER_ROOT;36054;8;;;;;36067;9;;;;;36061.0;0.0
23;62100;ASH_COATED_OSMIUM;9992;15;9989;15;9988;12;10008;23;10009;15;10012;11;10000.5;0.0
23;62100;INTARIAN_PEPPER_ROOT;36054;11;36053;11;36051;12;36067;12;36070;18;36072;8;36060.5;0.0
23;62200;ASH_COATED_OSMIUM;9993;22;;;;;10009;11;;;;;10001.0;0.0
23;62200;INTARIAN_PEPPER_ROOT;36052;9;36049;8;36048;11;36064;11;36065;11;36068;10;36058.5;0.0
23;62300;ASH_COATED_OSMIUM;9997;12;;;;;10013;11;;;;;10005.0;0.0
23;62300;INTARIAN_PEPPER_ROOT;36052;12;36051;12;;;36072;9;36074;10;;;36062.5;0.0
23;62400;ASH_COATED_OSMIUM;9998;13;;;;;10014;10;;;;;10006.0;0.0
23;62400;INTARIAN_PEPPER_ROOT;36059;12;36058;12;;;36071;7;36072;8;;;36065.5;0.0
23;62500;ASH_COATED_OSMIUM;9995;10;9993;27;;;10013;14;10014;14;;;10004.0;0.0
23;62500;INTARIAN_PEPPER_ROOT;36054;10;;;;;36067;9;;;;;36060.5;0.0
23;62600;ASH_COATED_OSMIUM;9996;12;9994;12;9992;12;10012;11;10013;14;10015;10;10004.0;0.0
23;62600;INTARIAN_PEPPER_ROOT;36058;9;36057;12;36055;9;36070;12;36073;12;36075;12;36064.0;0.0
23;62700;ASH_COATED_OSMIUM;9997;11;9996;14;9994;14;10013;3;10014;11;10016;15;10005.0;0.0
23;62700;INTARIAN_PEPPER_ROOT;36056;8;;;;;36068;25;;;;;36062.0;0.0
23;62800;ASH_COATED_OSMIUM;9994;13;9991;13;9988;15;10012;13;10015;20;10018;12;10003.0;0.0
23;62800;INTARIAN_PEPPER_ROOT;36054;11;;;;;36068;8;;;;;36061.0;0.0
23;62900;ASH_COATED_OSMIUM;9992;12;;;;;10008;11;;;;;10000.5;0.0
23;62900;INTARIAN_PEPPER_ROOT;36052;22;;;;;36067;10;;;;;36060.0;0.0
23;63000;ASH_COATED_OSMIUM;9990;13;;;;;10009;11;;;;;10000.0;0.0
23;63000;INTARIAN_PEPPER_ROOT;36060;11;36058;23;;;36063;11;36065;11;;;36062.0;0.0
23;63100;ASH_COATED_OSMIUM;9995;24;9993;12;;;10011;15;10012;15;;;10003.0;0.0
23;63100;INTARIAN_PEPPER_ROOT;36055;8;;;;;36068;9;;;;;36062.0;0.0
23;63200;ASH_COATED_OSMIUM;9988;26;9987;2;9984;10;10004;11;10005;2;10007;12;9996.5;0.0
23;63200;INTARIAN_PEPPER_ROOT;36058;11;36057;20;36056;8;36070;8;36071;9;36074;12;36064.0;0.0
23;63300;ASH_COATED_OSMIUM;9999;15;;;;;10009;28;;;;;10004.5;0.0
23;63300;INTARIAN_PEPPER_ROOT;36053;8;;;;;36065;11;;;;;36059.0;0.0
23;63400;ASH_COATED_OSMIUM;9995;10;9994;13;;;10011;7;10014;3;;;10003.5;0.0
23;63400;INTARIAN_PEPPER_ROOT;36058;12;;;;;36070;12;;;;;36064.0;0.0
23;63500;ASH_COATED_OSMIUM;9991;13;;;;;10007;15;;;;;9999.5;0.0
23;63500;INTARIAN_PEPPER_ROOT;36060;9;36057;8;36055;11;36072;9;36075;9;36076;21;36066.5;0.0
23;63600;ASH_COATED_OSMIUM;9995;22;;;;;10011;14;;;;;10003.5;0.0
23;63600;INTARIAN_PEPPER_ROOT;36055;10;36053;11;;;36069;12;36071;12;;;36062.5;0.0
23;63700;ASH_COATED_OSMIUM;9992;13;9989;13;9987;12;10008;14;10010;13;10011;3;10000.5;0.0
23;63700;INTARIAN_PEPPER_ROOT;36059;11;;;;;36070;9;;;;;36064.5;0.0
23;63800;ASH_COATED_OSMIUM;9988;14;9986;13;;;10007;13;10010;11;;;9997.5;0.0
