day;timestamp;product;bid_price_1;bid_volume_1;bid_price_2;bid_volume_2;bid_price_3;bid_volume_3;ask_price_1;ask_volume_1;ask_price_2;ask_volume_2;ask_price_3;ask_volume_3;mid_price;profit_and_loss
40;0;ASH_COATED_OSMIUM;9995;12;;;;;10011;11;;;;;10003.0;0.0
40;0;INTARIAN_PEPPER_ROOT;52991;10;52990;21;;;53007;12;53010;12;;;52999.5;0.0
40;100;ASH_COATED_OSMIUM;9991;13;;;;;10007;10;;;;;9999.0;0.0
40;100;INTARIAN_PEPPER_ROOT;52995;10;52993;10;52990;9;53009;12;53011;8;53014;21;53002.5;0.0
40;200;ASH_COATED_OSMIUM;9989;14;9988;22;;;10010;10;10012;14;;;9999.5;0.0
40;200;INTARIAN_PEPPER_ROOT;52992;12;52991;8;;;53004;8;53005;10;;;52998.0;0.0
40;300;ASH_COATED_OSMIUM;9988;11;9985;24;;;10000;20;10002;11;;;9994.5;0.0
40;300;INTARIAN_PEPPER_ROOT;52988;11;;;;;53000;12;;;;;52994.5;0.0
40;400;ASH_COATED_OSMIUM;9988;12;;;;;10004;13;;;;;9996.5;0.0
40;400;INTARIAN_PEPPER_ROOT;52995;10;52993;11;;;53007;12;53008;18;;;53001.5;0.0
40;500;ASH_COATED_OSMIUM;9989;12;;;;;10005;20;;;;;9997.5;0.0
40;500;INTARIAN_PEPPER_ROOT;52996;10;52995;12;;;53008;8;53010;10;;;53002.0;0.0
40;600;ASH_COATED_OSMIUM;9993;13;9992;12;;;10009;15;10012;28;;;10001.5;0.0
40;600;INTARIAN_PEPPER_ROOT;52992;9;52991;8;;;53007;10;53009;11;;;53000.0;0.0
40;700;ASH_COATED_OSMIUM;9991;12;9989;11;9988;13;10007;12;10009;15;10010;11;9999.5;0.0
40;700;INTARIAN_PEPPER_ROOT;52993;12;52991;11;52990;10;53006;12;53009;9;53012;8;53000.0;0.0
40;800;ASH_COATED_OSMIUM;9989;13;9987;11;;;10005;10;10008;14;;;9997.0;0.0
40;800;INTARIAN_PEPPER_ROOT;52995;11;52992;11;52991;8;53008;10;53009;23;53011;19;53002.0;0.0
40;900;ASH_COATED_OSMIUM;9985;29;;;;;10001;10;;;;;9993.0;0.0
40;900;INTARIAN_PEPPER_ROOT;52995;12;52992;10;;;53007;9;53008;8;;;53001.5;0.0
40;1000;ASH_COATED_OSMIUM;9991;15;9988;4;;;10007;13;10008;13;;;9999.5;0.0
40;1000;INTARIAN_PEPPER_ROOT;52992;23;52991;10;52988;11;53006;21;53007;12;53008;10;52999.0;0.0
40;1100;ASH_COATED_OSMIUM;9990;14;9987;25;;;10009;14;10010;14;;;10000.0;0.0
40;1100;INTARIAN_PEPPER_ROOT;52994;10;52993;11;;;53010;10;53012;10;;;53002.0;0.0
40;1200;ASH_COATED_OSMIUM;9993;26;9992;10;;;10009;15;10011;14;;;10001.0;0.0
40;1200;INTARIAN_PEPPER_ROOT;52990;12;52987;10;;;53004;9;53007;9;;;52997.0;0.0
40;1300;ASH_COATED_OSMIUM;9999;2;;;;;10012;10;;;;;10006.0;0.0
40;1300;INTARIAN_PEPPER_ROOT;52994;8;;;;;53007;23;;;;;53000.5;0.0
40;1400;ASH_COATED_OSMIUM;9992;12;9989;22;9987;13;10011;25;10014;10;10015;13;10002.0;0.0
40;1400;INTARIAN_PEPPER_ROOT;52994;8;52992;9;;;53011;9;53014;11;;;53003.0;0.0
40;1500;ASH_COATED_OSMIUM;9990;11;9988;15;9986;12;10006;11;10009;10;10010;15;9998.5;0.0
40;1500;INTARIAN_PEPPER_ROOT;52997;10;52995;23;;;53009;12;53012;10;;;53003.0;0.0
40;1600;ASH_COATED_OSMIUM;9990;15;9988;14;;;10006;15;10008;20;;;9998.5;0.0
40;1600;INTARIAN_PEPPER_ROOT;52996;11;52994;9;52991;8;53008;25;53009;18;53011;8;53002.5;0.0
40;1700;ASH_COATED_OSMIUM;9993;21;9991;15;9990;15;10009;23;10012;10;10013;13;10001.0;0.0
40;1700;INTARIAN_PEPPER_ROOT;52994;11;52992;9;52989;11;53008;10;53010;8;53012;8;53001.5;0.0
40;1800;ASH_COATED_OSMIUM;9996;11;9995;12;9994;15;10012;13;10014;12;10016;11;10004.5;0.0
40;1800;INTARIAN_PEPPER_ROOT;52998;12;52997;9;52995;9;53009;9;53011;9;53014;8;53003.5;0.0
40;1900;ASH_COATED_OSMIUM;9995;14;9994;15;;;10011;20;10013;15;;;10003.5;0.0
40;1900;INTARIAN_PEPPER_ROOT;52997;8;52995;9;52993;11;53010;11;53013;8;53015;24;53003.5;0.0
40;2000;ASH_COATED_OSMIUM;9998;13;9997;10;;;10010;10;10011;15;;;10004.0;0.0
40;2000;INTARIAN_PEPPER_ROOT;52994;12;;;;;53009;9;;;;;53002.0;0.0
40;2100;ASH_COATED_OSMIUM;9992;14;;;;;10011;5;;;;;10002.0;0.0
40;2100;INTARIAN_PEPPER_ROOT;53002;10;;;;;53008;8;;;;;53005.0;0.0
40;2200;ASH_COATED_OSMIUM;9993;14;9990;11;9988;15;10009;10;10012;12;10013;7;10001.0;0.0
40;2200;INTARIAN_PEPPER_ROOT;52993;11;52991;11;;;53007;9;53009;20;;;53000.5;0.0
40;2300;ASH_COATED_OSMIUM;9999;11;9996;14;;;10015;15;10017;14;;;10007.5;0.0
40;2300;INTARIAN_PEPPER_ROOT;52994;7;52993;11;52991;9;53008;8;53009;8;53010;8;53001.0;0.0
40;2400;ASH_COATED_OSMIUM;9998;15;;;;;10014;13;;;;;10006.0;0.0
40;2400;INTARIAN_PEPPER_ROOT;52994;11;52991;10;52989;12;53007;11;53009;23;53012;11;53000.5;0.0
40;2500;ASH_COATED_OSMIUM;10000;12;9998;20;;;10016;12;10017;27;;;10008.0;0.0
40;2500;INTARIAN_PEPPER_ROOT;53000;10;;;;;53013;8;;;;;53007.0;0.0
40;2600;ASH_COATED_OSMIUM;9995;26;9993;13;9991;9;10013;12;10016;13;10019;15;10004.0;0.0
40;2600;INTARIAN_PEPPER_ROOT;53002;15;;;;;53015;8;;;;;53009.0;0.0
40;2700;ASH_COATED_OSMIUM;9990;11;;;;;10006;26;;;;;9998.5;0.0
40;2700;INTARIAN_PEPPER_ROOT;52997;16;;;;;53008;9;;;;;53002.5;0.0
40;2800;ASH_COATED_OSMIUM;9989;11;9986;13;9985;3;10005;26;10007;13;10009;12;9997.0;0.0
40;2800;INTARIAN_PEPPER_ROOT;52995;8;;;;;53009;12;;;;;53002.0;0.0
40;2900;ASH_COATED_OSMIUM;9992;14;9990;10;;;10008;14;10010;14;;;10000.5;0.0
40;2900;INTARIAN_PEPPER_ROOT;52995;12;52993;9;;;53013;8;53015;11;;;53004.5;0.0
40;3000;ASH_COATED_OSMIUM;9993;15;;;;;10012;11;;;;;10003.0;0.0
40;3000;INTARIAN_PEPPER_ROOT;52994;10;;;;;53009;9;;;;;53001.5;0.0
40;3100;ASH_COATED_OSMIUM;9995;11;9994;15;;;10011;10;10014;14;;;10003.5;0.0
40;3100;INTARIAN_PEPPER_ROOT;52996;12;52993;8;;;53009;25;53010;10;;;53003.0;0.0
40;3200;ASH_COATED_OSMIUM;9996;14;9994;11;9992;15;10012;12;10015;14;10016;10;10004.0;0.0
40;3200;INTARIAN_PEPPER_ROOT;52994;16;52992;8;52991;11;53005;5;53006;9;53008;11;52999.5;0.0
40;3300;ASH_COATED_OSMIUM;9995;10;9993;13;;;10014;13;10015;3;;;10005.0;0.0
40;3300;INTARIAN_PEPPER_ROOT;53001;8;53000;11;;;53015;8;53018;12;;;53008.0;0.0
40;3400;ASH_COATED_OSMIUM;9998;12;9997;28;;;10014;14;10015;11;;;10006.0;0.0
40;3400;INTARIAN_PEPPER_ROOT;52997;11;52994;10;;;53010;15;53011;8;;;53004.0;0.0
40;3500;ASH_COATED_OSMIUM;9989;12;9986;14;;;10005;10;10006;13;;;9997.5;0.0
40;3500;INTARIAN_PEPPER_ROOT;52996;12;52993;11;;;53012;12;53015;9;;;53004.5;0.0
40;3600;ASH_COATED_OSMIUM;9985;13;;;;;10001;27;;;;;9993.0;0.0
40;3600;INTARIAN_PEPPER_ROOT;52992;17;52990;10;52987;23;53004;9;53006;8;53007;9;52998.5;0.0
40;3700;ASH_COATED_OSMIUM;9983;12;9980;12;;;10002;22;10005;12;;;9992.5;0.0
40;3700;INTARIAN_PEPPER_ROOT;52998;24;;;;;53011;9;;;;;53005.0;0.0
40;3800;ASH_COATED_OSMIUM;9981;10;9980;4;;;9999;15;10002;27;;;9990.5;0.0
40;3800;INTARIAN_PEPPER_ROOT;52995;15;52992;12;52990;11;53008;9;53011;12;53012;9;53002.0;0.0
40;3900;ASH_COATED_OSMIUM;9987;13;9985;28;;;9998;13;10000;15;;;9992.5;0.0
40;3900;INTARIAN_PEPPER_ROOT;52998;12;52996;11;;;53011;19;53013;11;;;53004.5;0.0
40;4000;ASH_COATED_OSMIUM;9982;13;9980;10;9978;10;10000;26;10001;11;10002;14;9991.0;0.0
40;4000;INTARIAN_PEPPER_ROOT;52997;9;52996;9;;;53014;10;53017;9;;;53005.5;0.0
40;4100;ASH_COATED_OSMIUM;9983;13;;;;;9999;12;;;;;9991.0;0.0
40;4100;INTARIAN_PEPPER_ROOT;52996;18;;;;;53009;10;;;;;53002.5;0.0
40;4200;ASH_COATED_OSMIUM;9988;14;;;;;10007;12;;;;;9997.5;0.0
40;4200;INTARIAN_PEPPER_ROOT;52999;12;52997;9;52995;19;53012;17;53015;9;53017;10;53006.0;0.0
40;4300;ASH_COATED_OSMIUM;9988;25;9986;15;;;10004;5;10006;14;;;9996.5;0.0
40;4300;INTARIAN_PEPPER_ROOT;53002;11;53001;9;;;53015;9;53016;11;;;53009.0;0.0
40;4400;ASH_COATED_OSMIUM;9986;14;;;;;10002;13;;;;;9994.5;0.0
40;4400;INTARIAN_PEPPER_ROOT;52996;10;52994;12;52992;9;53010;25;53012;8;53014;9;53003.0;0.0
40;4500;ASH_COATED_OSMIUM;9988;10;9987;12;;;10004;30;10007;12;;;9996.5;0.0
40;4500;INTARIAN_PEPPER_ROOT;52999;22;52998;19;;;53011;10;53013;16;;;53005.5;0.0
40;4600;ASH_COATED_OSMIUM;9988;21;9985;14;;;10004;12;10005;4;;;9996.5;0.0
40;4600;INTARIAN_PEPPER_ROOT;52996;11;52993;12;;;53009;9;53012;9;;;53002.5;0.0
40;4700;ASH_COATED_OSMIUM;9992;28;9989;10;;;10008;10;10010;10;;;10000.0;0.0
40;4700;INTARIAN_PEPPER_ROOT;53002;8;53001;20;52999;20;53015;12;53016;8;53018;12;53008.5;0.0
40;4800;ASH_COATED_OSMIUM;9988;14;9987;15;;;10006;12;10009;11;;;9997.5;0.0
40;4800;INTARIAN_PEPPER_ROOT;52999;11;;;;;53012;8;;;;;53006.0;0.0
40;4900;ASH_COATED_OSMIUM;9984;11;9982;11;9979;10;10000;13;10001;15;10002;23;9992.0;0.0
40;4900;INTARIAN_PEPPER_ROOT;52997;11;52994;9;52991;11;53010;12;53013;10;53016;11;53004.0;0.0
40;5000;ASH_COATED_OSMIUM;9987;11;9985;29;9982;12;10003;10;10006;13;10007;11;9995.0;0.0
40;5000;INTARIAN_PEPPER_ROOT;52994;9;;;;;53008;11;;;;;53001.0;0.0
40;5100;ASH_COATED_OSMIUM;9988;12;9986;12;;;10007;11;10008;12;;;9998.0;0.0
40;5100;INTARIAN_PEPPER_ROOT;52992;19;;;;;53008;12;;;;;53000.0;0.0
40;5200;ASH_COATED_OSMIUM;9988;14;;;;;10007;12;;;;;9998.0;0.0
40;5200;INTARIAN_PEPPER_ROOT;53003;9;53000;15;;;53020;11;53021;8;;;53012.0;0.0
40;5300;ASH_COATED_OSMIUM;9997;13;9996;15;;;10007;11;10008;13;;;10002.5;0.0
40;5300;INTARIAN_PEPPER_ROOT;53000;10;;;;;53015;10;;;;;53007.5;0.0
40;5400;ASH_COATED_OSMIUM;9992;10;;;;;10013;11;;;;;10002.5;0.0
40;5400;INTARIAN_PEPPER_ROOT;53001;9;52998;23;52996;8;53012;20;53014;12;53017;10;53007.0;0.0
40;5500;ASH_COATED_OSMIUM;9995;25;;;;;10011;11;;;;;10003.0;0.0
40;5500;INTARIAN_PEPPER_ROOT;53000;11;52998;10;;;53012;10;53013;10;;;53006.0;0.0
40;5600;ASH_COATED_OSMIUM;9990;27;9988;11;9987;11;10006;12;10008;10;10009;13;9998.5;0.0
40;5600;INTARIAN_PEPPER_ROOT;53001;11;;;;;53012;12;;;;;53006.5;0.0
40;5700;ASH_COATED_OSMIUM;9992;28;9989;15;;;10010;12;10013;11;;;10001.0;0.0
40;5700;INTARIAN_PEPPER_ROOT;52999;23;52996;12;;;53014;11;53015;11;;;53006.5;0.0
40;5800;ASH_COATED_OSMIUM;9994;24;;;;;10010;15;;;;;10002.0;0.0
40;5800;INTARIAN_PEPPER_ROOT;53001;12;;;;;53014;12;;;;;53008.0;0.0
40;5900;ASH_COATED_OSMIUM;9993;15;9992;13;;;10009;10;10010;14;;;10001.5;0.0
40;5900;INTARIAN_PEPPER_ROOT;53000;10;52998;10;;;53012;11;53014;10;;;53006.5;0.0
40;6000;ASH_COATED_OSMIUM;9994;11;9991;12;;;10010;12;10011;11;;;10002.0;0.0
40;6000;INTARIAN_PEPPER_ROOT;52995;9;;;;;53009;10;;;;;53002.5;0.0
40;6100;ASH_COATED_OSMIUM;9991;14;9989;12;9987;14;10007;11;10010;10;10011;10;9999.5;0.0
40;6100;INTARIAN_PEPPER_ROOT;53002;10;52999;12;;;53014;10;53016;16;;;53008.0;0.0
40;6200;ASH_COATED_OSMIUM;9992;12;9989;14;;;10011;11;10012;15;;;10001.5;0.0
40;6200;INTARIAN_PEPPER_ROOT;53007;12;;;;;53010;12;;;;;53009.0;0.0
40;6300;ASH_COATED_OSMIUM;9999;13;9997;13;9995;12;10018;30;10019;10;10022;13;10008.5;0.0
40;6300;INTARIAN_PEPPER_ROOT;53002;9;;;;;53017;8;;;;;53009.5;0.0
40;6400;ASH_COATED_OSMIUM;9999;12;;;;;10018;13;;;;;10008.5;0.0
40;6400;INTARIAN_PEPPER_ROOT;52997;9;52995;11;;;53010;12;53011;10;;;53004.0;0.0
40;6500;ASH_COATED_OSMIUM;9992;10;;;;;10010;14;;;;;10001.5;0.0
40;6500;INTARIAN_PEPPER_ROOT;53002;12;;;;;53017;20;;;;;53009.5;0.0
40;6600;ASH_COATED_OSMIUM;9995;13;;;;;10013;11;;;;;10004.0;0.0
40;6600;INTARIAN_PEPPER_ROOT;52997;12;52995;11;;;53013;9;53015;11;;;53005.0;0.0
40;6700;ASH_COATED_OSMIUM;9991;12;;;;;10007;15;;;;;9999.5;0.0
40;6700;INTARIAN_PEPPER_ROOT;52994;21;;;;;53011;8;;;;;53002.5;0.0
40;6800;ASH_COATED_OSMIUM;9990;13;;;;;10009;15;;;;;10000.0;0.0
40;6800;INTARIAN_PEPPER_ROOT;52998;21;52996;16;52994;9;53013;11;53016;8;53018;12;53005.5;0.0
40;6900;ASH_COATED_OSMIUM;9988;13;9987;23;;;10007;14;10008;13;;;9998.0;0.0
40;6900;INTARIAN_PEPPER_ROOT;53001;9;52999;9;;;53013;11;53016;11;;;53007.0;0.0
40;7000;ASH_COATED_OSMIUM;9993;25;9991;30;;;10009;15;10012;11;;;10001.0;0.0
40;7000;INTARIAN_PEPPER_ROOT;53001;10;52998;8;52996;11;53013;12;53016;22;53018;10;53007.5;0.0
40;7100;ASH_COATED_OSMIUM;9999;2;9997;29;;;10015;12;10018;12;;;10007.0;0.0
40;7100;INTARIAN_PEPPER_ROOT;52997;12;52995;12;;;53014;12;53016;8;;;53005.5;0.0
40;7200;ASH_COATED_OSMIUM;9999;14;9996;10;;;10015;13;10016;11;;;10007.5;0.0
40;7200;INTARIAN_PEPPER_ROOT;52999;24;;;;;53012;23;;;;;53006.0;0.0
40;7300;ASH_COATED_OSMIUM;10000;12;9997;12;;;10018;14;10020;11;;;10009.0;0.0
40;7300;INTARIAN_PEPPER_ROOT;53000;11;52999;18;;;53014;12;53016;9;;;53007.5;0.0
40;7400;ASH_COATED_OSMIUM;9997;13;9996;10;9993;26;10013;15;10014;13;10016;15;10005.0;0.0
40;7400;INTARIAN_PEPPER_ROOT;53003;10;53002;9;;;53014;9;53016;11;;;53008.5;0.0
40;7500;ASH_COATED_OSMIUM;10001;12;9998;13;9995;10;10020;15;10023;11;10024;12;10011.0;0.0
40;7500;INTARIAN_PEPPER_ROOT;52996;24;52994;11;52992;11;53012;11;53014;10;53016;11;53004.0;0.0
40;7600;ASH_COATED_OSMIUM;10002;14;;;;;10021;14;;;;;10012.0;0.0
40;7600;INTARIAN_PEPPER_ROOT;53000;10;52998;22;52997;9;53012;12;53013;11;53016;12;53006.0;0.0
40;7700;ASH_COATED_OSMIUM;9999;11;;;;;10015;12;;;;;10007.0;0.0
40;7700;INTARIAN_PEPPER_ROOT;53002;10;53000;10;52997;9;53015;12;53018;10;53020;12;53009.0;0.0
40;7800;ASH_COATED_OSMIUM;9998;10;9997;13;;;10014;11;10016;15;;;10006.0;0.0
40;7800;INTARIAN_PEPPER_ROOT;52997;10;52996;9;;;53009;17;53011;12;;;53003.0;0.0
40;7900;ASH_COATED_OSMIUM;9994;23;;;;;10013;21;;;;;10003.5;0.0
40;7900;INTARIAN_PEPPER_ROOT;53001;11;52998;12;52995;8;53016;11;53018;10;53020;8;53009.0;0.0
40;8000;ASH_COATED_OSMIUM;9985;11;9983;22;9981;7;10003;15;10004;14;10006;10;9994.0;0.0
40;8000;INTARIAN_PEPPER_ROOT;53003;19;;;;;53016;11;;;;;53009.5;0.0
40;8100;ASH_COATED_OSMIUM;9983;13;9981;26;;;10001;10;10003;12;;;9992.5;0.0
40;8100;INTARIAN_PEPPER_ROOT;53007;9;53006;10;53005;12;53009;12;53010;9;53011;12;53008.0;0.0
40;8200;ASH_COATED_OSMIUM;9980;5;;;;;9999;24;;;;;9989.5;0.0
40;8200;INTARIAN_PEPPER_ROOT;53001;9;52998;10;;;53003;10;53006;11;;;53002.5;0.0
40;8300;ASH_COATED_OSMIUM;9978;14;9977;27;9976;11;9994;11;9995;10;9997;13;9986.0;0.0
40;8300;INTARIAN_PEPPER_ROOT;53000;9;52999;11;52997;8;53013;12;53016;11;53017;8;53007.0;0.0
40;8400;ASH_COATED_OSMIUM;9983;12;9981;29;9979;15;9999;2;10002;15;10004;10;9991.0;0.0
40;8400;INTARIAN_PEPPER_ROOT;53004;12;53003;11;53002;10;53017;8;53019;8;53022;3;53010.5;0.0
40;8500;ASH_COATED_OSMIUM;9981;10;;;;;9997;13;;;;;9989.5;0.0
40;8500;INTARIAN_PEPPER_ROOT;53000;12;;;;;53013;8;;;;;53007.0;0.0
40;8600;ASH_COATED_OSMIUM;9989;14;;;;;9998;12;;;;;9994.0;0.0
40;8600;INTARIAN_PEPPER_ROOT;53003;8;53000;16;;;53016;10;53017;11;;;53009.5;0.0
40;8700;ASH_COATED_OSMIUM;9984;12;9982;29;;;10002;13;10003;11;;;9993.0;0.0
40;8700;INTARIAN_PEPPER_ROOT;53002;12;53001;12;;;53015;9;53016;12;;;53009.0;0.0
40;8800;ASH_COATED_OSMIUM;9991;10;9988;24;;;10000;13;10003;10;;;9995.5;0.0
40;8800;INTARIAN_PEPPER_ROOT;53004;23;;;;;53017;12;;;;;53010.5;0.0
40;8900;ASH_COATED_OSMIUM;9981;11;9979;10;;;9997;10;9999;10;;;9989.0;0.0
40;8900;INTARIAN_PEPPER_ROOT;53002;12;53000;10;;;53016;9;53018;11;;;53009.0;0.0
40;9000;ASH_COATED_OSMIUM;9988;14;9985;12;;;10004;22;10007;10;;;9996.0;0.0
40;9000;INTARIAN_PEPPER_ROOT;53001;22;52998;9;;;53014;8;53016;11;;;53008.0;0.0
40;9100;ASH_COATED_OSMIUM;9994;12;9991;12;;;10003;14;10004;10;;;9999.0;0.0
40;9100;INTARIAN_PEPPER_ROOT;53008;12;;;;;53021;9;;;;;53014.5;0.0
40;9200;ASH_COATED_OSMIUM;9986;23;9984;13;;;10002;12;10003;14;;;9994.0;0.0
40;9200;INTARIAN_PEPPER_ROOT;53005;12;53002;11;;;53017;18;53019;8;;;53011.0;0.0
40;9300;ASH_COATED_OSMIUM;9984;13;9983;14;;;10000;12;10003;11;;;9992.5;0.0
40;9300;INTARIAN_PEPPER_ROOT;53003;8;53002;12;53000;11;53020;8;53021;8;53024;9;53011.5;0.0
40;9400;ASH_COATED_OSMIUM;9994;23;9991;14;9990;11;10010;15;10013;15;10014;26;10002.0;0.0
40;9400;INTARIAN_PEPPER_ROOT;53004;25;53001;10;52999;9;53019;8;53021;8;53024;23;53012.0;0.0
40;9500;ASH_COATED_OSMIUM;9992;12;9989;14;9988;10;10010;11;10013;13;10016;12;10001.0;0.0
40;9500;INTARIAN_PEPPER_ROOT;53005;20;53003;10;53000;11;53018;23;53021;11;53022;16;53011.5;0.0
40;9600;ASH_COATED_OSMIUM;9989;12;9986;13;;;10008;14;10011;10;;;9999.0;0.0
40;9600;INTARIAN_PEPPER_ROOT;53002;10;52999;12;;;53014;9;53016;12;;;53008.0;0.0
40;9700;ASH_COATED_OSMIUM;9992;13;;;;;10008;13;;;;;10000.5;0.0
40;9700;INTARIAN_PEPPER_ROOT;53010;11;53008;12;53005;10;53012;7;53014;15;53016;22;53011.0;0.0
40;9800;ASH_COATED_OSMIUM;9993;10;;;;;10009;11;;;;;10001.0;0.0
40;9800;INTARIAN_PEPPER_ROOT;53005;11;53003;10;53000;15;53022;25;53025;7;53026;12;53013.5;0.0
40;9900;ASH_COATED_OSMIUM;9990;14;9987;13;;;10006;13;10007;10;;;9998.5;0.0
40;9900;INTARIAN_PEPPER_ROOT;53006;12;53005;8;53004;21;53022;9;53025;12;53027;8;53014.5;0.0
40;10000;ASH_COATED_OSMIUM;9993;10;9992;15;9990;14;10002;14;10004;10;10007;10;9998.0;0.0
40;10000;INTARIAN_PEPPER_ROOT;53001;10;52998;11;52997;12;53018;8;53020;11;53021;11;53009.5;0.0
40;10100;ASH_COATED_OSMIUM;9993;12;9990;14;9987;12;10012;13;10015;13;10018;15;10003.0;0.0
40;10100;INTARIAN_PEPPER_ROOT;53005;8;;;;;53018;11;;;;;53012.0;0.0
40;10200;ASH_COATED_OSMIUM;9997;10;;;;;10013;13;;;;;10005.5;0.0
40;10200;INTARIAN_PEPPER_ROOT;53004;9;53003;8;53002;10;53016;22;53017;12;53018;11;53010.0;0.0
40;10300;ASH_COATED_OSMIUM;9995;15;9993;13;9992;14;10011;11;10013;13;10014;13;10003.5;0.0
40;10300;INTARIAN_PEPPER_ROOT;53002;11;53000;8;52999;10;53014;25;53017;5;53018;16;53008.5;0.0
40;10400;ASH_COATED_OSMIUM;9992;10;;;;;10008;11;;;;;10000.0;0.0
40;10400;INTARIAN_PEPPER_ROOT;53007;12;53005;9;;;53020;17;53021;9;;;53014.0;0.0
40;10500;ASH_COATED_OSMIUM;9994;13;;;;;10012;10;;;;;10003.0;0.0
40;10500;INTARIAN_PEPPER_ROOT;53005;25;53002;15;;;53017;9;53020;11;;;53011.5;0.0
40;10600;ASH_COATED_OSMIUM;9991;12;9989;14;9986;12;10007;24;10008;11;10010;10;9999.5;0.0
40;10600;INTARIAN_PEPPER_ROOT;53003;19;;;;;53018;10;;;;;53010.5;0.0
40;10700;ASH_COATED_OSMIUM;9986;13;9985;13;;;10002;11;10003;25;;;9994.5;0.0
40;10700;INTARIAN_PEPPER_ROOT;53005;10;53002;16;53000;8;53020;12;53021;18;53023;19;53013.0;0.0
40;10800;ASH_COATED_OSMIUM;9981;10;9980;10;9978;12;9996;11;9997;14;10000;14;9988.5;0.0
40;10800;INTARIAN_PEPPER_ROOT;53008;8;53007;8;53004;11;53020;9;53022;11;53025;12;53014.0;0.0
40;10900;ASH_COATED_OSMIUM;9986;10;9984;13;;;10002;15;10003;14;;;9994.0;0.0
40;10900;INTARIAN_PEPPER_ROOT;53006;11;53004;8;;;53019;10;53020;20;;;53012.5;0.0
40;11000;ASH_COATED_OSMIUM;9985;14;9983;11;;;10004;24;10005;15;;;9995.0;0.0
40;11000;INTARIAN_PEPPER_ROOT;53006;8;53005;11;53002;9;53017;10;53018;12;53021;9;53012.0;0.0
40;11100;ASH_COATED_OSMIUM;9984;11;;;;;10000;11;;;;;9992.0;0.0
40;11100;INTARIAN_PEPPER_ROOT;53003;12;53001;12;52999;9;53015;11;53016;18;53019;8;53009.5;0.0
40;11200;ASH_COATED_OSMIUM;9990;10;;;;;10006;5;;;;;9998.0;0.0
40;11200;INTARIAN_PEPPER_ROOT;53006;11;53005;21;;;53018;8;53020;9;;;53012.5;0.0
40;11300;ASH_COATED_OSMIUM;9980;15;9979;13;;;9996;14;9999;13;;;9988.5;0.0
40;11300;INTARIAN_PEPPER_ROOT;53004;5;53001;8;52999;23;53020;21;53022;9;53023;10;53012.0;0.0
40;11400;ASH_COATED_OSMIUM;9981;3;9978;13;9977;14;9997;15;10000;11;10002;10;9989.0;0.0
40;11400;INTARIAN_PEPPER_ROOT;53009;11;53007;11;;;53022;10;53023;11;;;53016.0;0.0
40;11500;ASH_COATED_OSMIUM;9976;15;9974;26;;;9995;10;9997;25;;;9985.5;0.0
40;11500;INTARIAN_PEPPER_ROOT;53001;11;52999;11;52997;8;53013;8;53015;17;53018;23;53007.5;0.0
40;11600;ASH_COATED_OSMIUM;9979;13;;;;;9995;12;;;;;9987.0;0.0
40;11600;INTARIAN_PEPPER_ROOT;53002;11;52999;11;;;53016;25;53018;11;;;53009.5;0.0
40;11700;ASH_COATED_OSMIUM;9984;12;9981;11;9978;14;9992;5;9994;11;9997;14;9988.0;0.0
40;11700;INTARIAN_PEPPER_ROOT;53006;20;53005;8;53003;11;53018;15;53019;11;53021;10;53012.0;0.0
40;11800;ASH_COATED_OSMIUM;9988;29;9986;15;;;10004;26;10006;14;;;9996.5;0.0
40;11800;INTARIAN_PEPPER_ROOT;53005;9;;;;;53021;8;;;;;53013.5;0.0
40;11900;ASH_COATED_OSMIUM;9986;15;;;;;10007;15;;;;;9996.5;0.0
40;11900;INTARIAN_PEPPER_ROOT;53003;11;;;;;53020;11;;;;;53011.5;0.0
40;12000;ASH_COATED_OSMIUM;9986;13;9983;14;9980;7;10002;11;10003;15;10005;13;9994.5;0.0
40;12000;INTARIAN_PEPPER_ROOT;53005;12;53004;11;53002;8;53017;12;53019;10;53021;8;53011.5;0.0
40;12100;ASH_COATED_OSMIUM;9979;21;;;;;9998;28;;;;;9988.5;0.0
40;12100;INTARIAN_PEPPER_ROOT;53001;8;53000;12;52997;11;53019;24;53020;9;53021;11;53010.5;0.0
40;12200;ASH_COATED_OSMIUM;9981;23;9979;10;;;9997;4;10000;13;;;9989.0;0.0
40;12200;INTARIAN_PEPPER_ROOT;53006;12;;;;;53019;11;;;;;53012.5;0.0
40;12300;ASH_COATED_OSMIUM;9986;27;9984;25;;;10002;11;10005;15;;;9994.0;0.0
40;12300;INTARIAN_PEPPER_ROOT;53009;20;53007;11;;;53021;8;53023;8;;;53015.5;0.0
40;12400;ASH_COATED_OSMIUM;9989;10;;;;;10010;13;;;;;10000.0;0.0
40;12400;INTARIAN_PEPPER_ROOT;53002;12;53001;11;53000;8;53014;10;53017;10;53020;8;53008.0;0.0
40;12500;ASH_COATED_OSMIUM;9994;14;9991;26;9988;30;10010;14;10011;12;10014;14;10002.0;0.0
40;12500;INTARIAN_PEPPER_ROOT;53007;17;53006;24;53005;11;53019;10;53020;9;53023;8;53013.0;0.0
40;12600;ASH_COATED_OSMIUM;9988;12;9986;26;;;10004;20;10007;13;;;9996.0;0.0
40;12600;INTARIAN_PEPPER_ROOT;53007;8;;;;;53024;8;;;;;53015.5;0.0
40;12700;ASH_COATED_OSMIUM;9992;11;9989;22;9986;14;10008;14;10010;10;10012;15;10000.5;0.0
40;12700;INTARIAN_PEPPER_ROOT;53005;9;53003;24;53002;12;53021;8;53022;11;53024;8;53013.0;0.0
40;12800;ASH_COATED_OSMIUM;9991;13;9990;13;;;10007;13;10008;11;;;9999.0;0.0
40;12800;INTARIAN_PEPPER_ROOT;53004;8;53001;7;;;53015;9;53017;9;;;53009.5;0.0
40;12900;ASH_COATED_OSMIUM;9988;11;9985;11;9983;30;10006;12;10007;14;10008;15;9997.0;0.0
40;12900;INTARIAN_PEPPER_ROOT;53008;9;53006;11;53004;22;53014;10;53015;10;53018;11;53011.5;0.0
40;13000;ASH_COATED_OSMIUM;9988;11;9987;12;;;10007;13;10008;11;;;9997.5;0.0
40;13000;INTARIAN_PEPPER_ROOT;53005;9;53004;10;53003;8;53024;20;53027;8;53029;10;53014.5;0.0
40;13100;ASH_COATED_OSMIUM;9990;11;9987;10;;;10006;12;10009;25;;;9998.0;0.0
40;13100;INTARIAN_PEPPER_ROOT;53007;17;;;;;53020;10;;;;;53013.5;0.0
40;13200;ASH_COATED_OSMIUM;9990;11;9987;12;9986;2;10006;10;10008;13;10010;14;9998.5;0.0
40;13200;INTARIAN_PEPPER_ROOT;53010;18;53008;9;;;53021;10;53023;15;;;53016.0;0.0
40;13300;ASH_COATED_OSMIUM;9988;2;9987;11;9986;13;10007;15;10010;15;10013;22;9998.0;0.0
40;13300;INTARIAN_PEPPER_ROOT;53006;10;53004;8;;;53020;8;53022;12;;;53013.5;0.0
40;13400;ASH_COATED_OSMIUM;9988;10;9986;27;9983;24;10007;11;10010;11;10012;10;9998.0;0.0
40;13400;INTARIAN_PEPPER_ROOT;53005;10;53004;10;53003;10;53022;25;53023;8;53026;20;53014.0;0.0
40;13500;ASH_COATED_OSMIUM;9988;15;9985;13;9984;13;10007;28;10008;3;10010;14;9997.5;0.0
40;13500;INTARIAN_PEPPER_ROOT;53003;9;;;;;53020;8;;;;;53012.0;0.0
40;13600;ASH_COATED_OSMIUM;9994;14;9992;15;9990;20;10010;29;10011;15;10014;6;10002.5;0.0
40;13600;INTARIAN_PEPPER_ROOT;53006;10;;;;;53020;10;;;;;53013.0;0.0
40;13700;ASH_COATED_OSMIUM;9996;27;9994;14;;;10012;27;10015;15;;;10004.5;0.0
40;13700;INTARIAN_PEPPER_ROOT;53006;12;53004;9;53002;11;53019;10;53021;9;53024;11;53013.0;0.0
40;13800;ASH_COATED_OSMIUM;9995;21;9994;15;;;10011;12;10013;13;;;10003.0;0.0
40;13800;INTARIAN_PEPPER_ROOT;53010;24;53008;11;;;53012;10;53014;22;;;53011.0;0.0
40;13900;ASH_COATED_OSMIUM;9999;13;9996;10;9994;15;10008;14;10011;26;10014;15;10004.0;0.0
40;13900;INTARIAN_PEPPER_ROOT;53010;11;53009;20;;;53022;16;53024;9;;;53016.5;0.0
40;14000;ASH_COATED_OSMIUM;9993;14;9991;25;;;10011;5;10013;14;;;10002.5;0.0
40;14000;INTARIAN_PEPPER_ROOT;53008;9;53006;12;;;53024;12;53026;11;;;53016.0;0.0
40;14100;ASH_COATED_OSMIUM;9990;14;9988;15;;;10006;3;10008;15;;;9998.5;0.0
40;14100;INTARIAN_PEPPER_ROOT;53006;8;53005;23;53004;11;53019;17;53022;17;53023;11;53013.0;0.0
40;14200;ASH_COATED_OSMIUM;9983;12;9982;10;;;10002;15;10004;11;;;9993.0;0.0
40;14200;INTARIAN_PEPPER_ROOT;53008;22;53006;5;;;53020;10;53023;19;;;53014.0;0.0
40;14300;ASH_COATED_OSMIUM;9990;10;;;;;10006;12;;;;;9998.5;0.0
40;14300;INTARIAN_PEPPER_ROOT;53005;11;;;;;53022;9;;;;;53014.0;0.0
40;14400;ASH_COATED_OSMIUM;9994;12;9993;11;;;10012;20;10014;13;;;10003.0;0.0
40;14400;INTARIAN_PEPPER_ROOT;53005;9;;;;;53018;20;;;;;53012.0;0.0
40;14500;ASH_COATED_OSMIUM;9990;25;9987;13;;;10006;15;10009;15;;;9998.0;0.0
40;14500;INTARIAN_PEPPER_ROOT;53005;11;53002;9;;;53019;12;53022;12;;;53012.5;0.0
40;14600;ASH_COATED_OSMIUM;9987;12;9985;5;9984;15;10003;21;10004;13;10006;12;9995.5;0.0
40;14600;INTARIAN_PEPPER_ROOT;53010;19;53007;24;;;53021;18;53024;23;;;53015.5;0.0
40;14700;ASH_COATED_OSMIUM;9994;13;9991;13;;;10001;14;10002;12;;;9998.0;0.0
40;14700;INTARIAN_PEPPER_ROOT;53010;8;53008;9;53005;11;53023;10;53025;24;53027;10;53017.0;0.0
40;14800;ASH_COATED_OSMIUM;9987;14;9986;13;;;10003;11;10004;11;;;9995.5;0.0
40;14800;INTARIAN_PEPPER_ROOT;53008;11;53007;12;;;53021;11;53023;19;;;53015.0;0.0
40;14900;ASH_COATED_OSMIUM;9990;25;9988;12;;;10006;14;10007;15;;;9998.0;0.0
40;14900;INTARIAN_PEPPER_ROOT;53008;9;53005;11;53004;12;53021;8;53022;10;53025;12;53014.5;0.0
40;15000;ASH_COATED_OSMIUM;9993;21;;;;;10009;10;;;;;10001.0;0.0
40;15000;INTARIAN_PEPPER_ROOT;53006;10;53003;10;;;53020;8;53021;9;;;53013.0;0.0
40;15100;ASH_COATED_OSMIUM;9991;14;9990;14;;;10010;12;10013;11;;;10000.5;0.0
40;15100;INTARIAN_PEPPER_ROOT;53008;9;53005;24;;;53020;11;53023;8;;;53014.5;0.0
40;15200;ASH_COATED_OSMIUM;9990;11;9988;13;;;10008;20;10010;14;;;9999.5;0.0
40;15200;INTARIAN_PEPPER_ROOT;53004;24;;;;;53018;11;;;;;53011.0;0.0
40;15300;ASH_COATED_OSMIUM;9994;13;;;;;10010;24;;;;;10002.0;0.0
40;15300;INTARIAN_PEPPER_ROOT;53009;7;;;;;53021;7;;;;;53015.0;0.0
40;15400;ASH_COATED_OSMIUM;9993;11;9992;15;;;10011;2;10012;20;;;10002.5;0.0
40;15400;INTARIAN_PEPPER_ROOT;53011;12;53008;9;;;53023;10;53026;12;;;53017.0;0.0
40;15500;ASH_COATED_OSMIUM;9990;15;9987;24;9984;14;10006;13;10008;14;10009;20;9998.0;0.0
40;15500;INTARIAN_PEPPER_ROOT;53008;22;;;;;53024;10;;;;;53016.5;0.0
40;15600;ASH_COATED_OSMIUM;9989;13;9986;10;;;10005;21;10008;11;;;9997.5;0.0
40;15600;INTARIAN_PEPPER_ROOT;53004;18;53002;9;53000;8;53021;17;53023;17;53025;10;53012.5;0.0
40;15700;ASH_COATED_OSMIUM;9989;12;;;;;10005;11;;;;;9997.5;0.0
40;15700;INTARIAN_PEPPER_ROOT;53015;9;53013;10;53011;20;53019;8;53020;11;53021;10;53017.5;0.0
40;15800;ASH_COATED_OSMIUM;9986;14;9985;12;9984;21;10002;10;10003;14;10006;13;9994.0;0.0
40;15800;INTARIAN_PEPPER_ROOT;53010;8;53008;12;53005;11;53022;11;53023;21;53024;10;53016.5;0.0
40;15900;ASH_COATED_OSMIUM;9985;13;9983;12;;;10003;11;10004;26;;;9994.0;0.0
40;15900;INTARIAN_PEPPER_ROOT;53012;9;53010;10;;;53023;8;53025;11;;;53018.0;0.0
40;16000;ASH_COATED_OSMIUM;9986;11;9983;15;9980;14;10002;10;10005;27;10008;13;9994.5;0.0
40;16000;INTARIAN_PEPPER_ROOT;53007;23;53006;9;53003;11;53020;20;53023;9;53026;8;53013.5;0.0
40;16100;ASH_COATED_OSMIUM;9989;10;9987;15;;;10005;15;10007;13;;;9997.5;0.0
40;16100;INTARIAN_PEPPER_ROOT;53007;11;53005;11;;;53020;17;53022;23;;;53014.0;0.0
40;16200;ASH_COATED_OSMIUM;9997;14;9996;15;9994;13;10013;11;10014;13;10015;10;10005.5;0.0
40;16200;INTARIAN_PEPPER_ROOT;53006;8;53003;19;;;53019;11;53022;10;;;53012.5;0.0
40;16300;ASH_COATED_OSMIUM;9996;23;9995;3;;;10014;24;10017;15;;;10005.5;0.0
40;16300;INTARIAN_PEPPER_ROOT;53014;11;53012;20;53011;8;53027;10;53028;11;53030;24;53021.0;0.0
40;16400;ASH_COATED_OSMIUM;9993;15;9992;12;;;10011;11;10014;10;;;10002.5;0.0
40;16400;INTARIAN_PEPPER_ROOT;53004;9;53002;12;52999;10;53021;10;53024;4;53026;8;53012.5;0.0
40;16500;ASH_COATED_OSMIUM;9990;15;9988;12;;;10006;12;10007;11;;;9998.0;0.0
40;16500;INTARIAN_PEPPER_ROOT;53010;9;;;;;53023;10;;;;;53016.5;0.0
40;16600;ASH_COATED_OSMIUM;9988;12;;;;;10006;15;;;;;9997.5;0.0
40;16600;INTARIAN_PEPPER_ROOT;53008;12;53006;8;;;53021;9;53024;10;;;53014.5;0.0
40;16700;ASH_COATED_OSMIUM;9990;12;9988;20;;;10006;14;10007;23;;;9998.0;0.0
40;16700;INTARIAN_PEPPER_ROOT;53012;9;53009;8;;;53025;10;53028;18;;;53018.5;0.0
40;16800;ASH_COATED_OSMIUM;9996;10;9994;11;9993;12;10012;14;10015;25;10016;12;10004.5;0.0
40;16800;INTARIAN_PEPPER_ROOT;53013;10;;;;;53024;10;;;;;53019.0;0.0
40;16900;ASH_COATED_OSMIUM;9997;25;9994;15;;;10013;11;10015;10;;;10005.0;0.0
40;16900;INTARIAN_PEPPER_ROOT;53012;17;53010;9;;;53024;23;53026;10;;;53018.0;0.0
40;17000;ASH_COATED_OSMIUM;9987;30;9984;14;9981;12;10006;26;10008;11;10009;14;9996.5;0.0
40;17000;INTARIAN_PEPPER_ROOT;53014;9;53011;11;;;53027;9;53029;10;;;53020.5;0.0
40;17100;ASH_COATED_OSMIUM;9988;10;9987;11;;;10004;14;10007;14;;;9996.0;0.0
40;17100;INTARIAN_PEPPER_ROOT;53014;11;53013;11;53012;12;53027;11;53028;8;53029;19;53020.5;0.0
40;17200;ASH_COATED_OSMIUM;9990;10;;;;;10006;11;;;;;9998.0;0.0
40;17200;INTARIAN_PEPPER_ROOT;53010;12;53007;11;;;53023;12;53025;8;;;53017.0;0.0
40;17300;ASH_COATED_OSMIUM;9993;13;9992;15;;;10009;13;10010;15;;;10001.0;0.0
40;17300;INTARIAN_PEPPER_ROOT;53006;11;53004;11;;;53023;9;53026;20;;;53014.5;0.0
40;17400;ASH_COATED_OSMIUM;9989;14;9987;11;;;10005;2;10007;14;;;9997.0;0.0
40;17400;INTARIAN_PEPPER_ROOT;53013;20;53010;16;;;53025;9;53028;9;;;53019.5;0.0
40;17500;ASH_COATED_OSMIUM;9989;14;9986;10;;;10005;14;10008;10;;;9997.5;0.0
40;17500;INTARIAN_PEPPER_ROOT;53007;11;53005;10;;;53020;9;53022;11;;;53013.5;0.0
40;17600;ASH_COATED_OSMIUM;9987;26;9986;13;;;10003;15;10004;11;;;9995.0;0.0
40;17600;INTARIAN_PEPPER_ROOT;53015;10;53013;10;53010;10;53026;21;53027;10;53028;8;53020.5;0.0
40;17700;ASH_COATED_OSMIUM;9985;12;9982;12;9980;20;10003;10;10004;12;10005;13;9994.0;0.0
40;17700;INTARIAN_PEPPER_ROOT;53009;12;53008;21;53005;11;53024;12;53027;11;53029;8;53017.0;0.0
40;17800;ASH_COATED_OSMIUM;9987;14;;;;;10003;23;;;;;9995.0;0.0
40;17800;INTARIAN_PEPPER_ROOT;53016;11;53014;9;53011;8;53027;9;53028;22;53030;9;53021.5;0.0
40;17900;ASH_COATED_OSMIUM;9988;26;9985;11;;;10004;15;10006;15;;;9996.0;0.0
40;17900;INTARIAN_PEPPER_ROOT;53014;12;;;;;53026;11;;;;;53020.5;0.0
40;18000;ASH_COATED_OSMIUM;9991;13;;;;;10007;13;;;;;9999.0;0.0
40;18000;INTARIAN_PEPPER_ROOT;53011;25;;;;;53023;10;;;;;53017.5;0.0
40;18100;ASH_COATED_OSMIUM;9987;15;;;;;10005;14;;;;;9996.0;0.0
40;18100;INTARIAN_PEPPER_ROOT;53010;16;53009;12;;;53023;10;53024;11;;;53016.5;0.0
40;18200;ASH_COATED_OSMIUM;9989;23;9987;21;;;10008;11;10009;14;;;9999.0;0.0
40;18200;INTARIAN_PEPPER_ROOT;53017;20;;;;;53019;8;;;;;53018.5;0.0
40;18300;ASH_COATED_OSMIUM;9992;14;9989;10;;;10008;11;10010;15;;;10000.0;0.0
40;18300;INTARIAN_PEPPER_ROOT;53012;9;53011;11;;;53025;8;53026;10;;;53018.5;0.0
40;18400;ASH_COATED_OSMIUM;9988;14;;;;;10004;11;;;;;9996.5;0.0
40;18400;INTARIAN_PEPPER_ROOT;53013;9;;;;;53027;8;;;;;53020.5;0.0
40;18500;ASH_COATED_OSMIUM;9994;5;9992;11;;;10010;28;10012;12;;;10002.0;0.0
40;18500;INTARIAN_PEPPER_ROOT;53010;10;53007;10;;;53022;10;53025;23;;;53016.5;0.0
40;18600;ASH_COATED_OSMIUM;9999;15;9997;14;;;10015;15;10016;12;;;10007.0;0.0
40;18600;INTARIAN_PEPPER_ROOT;53012;12;53010;11;53009;10;53025;8;53028;12;53031;8;53018.5;0.0
40;18700;ASH_COATED_OSMIUM;9991;14;9990;12;9987;11;10007;13;10009;14;10010;10;9999.5;0.0
40;18700;INTARIAN_PEPPER_ROOT;53014;9;;;;;53026;12;;;;;53020.0;0.0
40;18800;ASH_COATED_OSMIUM;9989;26;;;;;10005;12;;;;;9997.5;0.0
40;18800;INTARIAN_PEPPER_ROOT;53014;8;53013;10;53011;10;53027;21;53028;8;53030;8;53021.0;0.0
40;18900;ASH_COATED_OSMIUM;9992;15;;;;;10013;15;;;;;10002.5;0.0
40;18900;INTARIAN_PEPPER_ROOT;53014;11;53011;10;53009;9;53027;10;53030;23;53033;10;53020.5;0.0
40;19000;ASH_COATED_OSMIUM;9992;24;9991;15;9988;14;10008;13;10011;30;10014;13;10000.5;0.0
40;19000;INTARIAN_PEPPER_ROOT;53011;10;;;;;53020;8;;;;;53016.0;0.0
40;19100;ASH_COATED_OSMIUM;9989;10;9988;28;;;10005;20;10006;13;;;9997.5;0.0
40;19100;INTARIAN_PEPPER_ROOT;53014;11;53011;12;;;53028;24;53029;12;;;53021.5;0.0
40;19200;ASH_COATED_OSMIUM;9985;10;9983;14;;;10001;29;10002;12;;;9993.5;0.0
40;19200;INTARIAN_PEPPER_ROOT;53014;12;53012;10;;;53031;10;53033;8;;;53022.5;0.0
40;19300;ASH_COATED_OSMIUM;9992;10;;;;;10010;11;;;;;10001.0;0.0
40;19300;INTARIAN_PEPPER_ROOT;53015;2;53014;3;;;53032;9;53033;12;;;53024.0;0.0
40;19400;ASH_COATED_OSMIUM;9993;24;9990;10;;;10009;10;10012;13;;;10001.0;0.0
40;19400;INTARIAN_PEPPER_ROOT;53012;12;;;;;53025;10;;;;;53018.5;0.0
40;19500;ASH_COATED_OSMIUM;9997;12;9996;12;9993;14;10015;11;10018;12;10021;13;10006.5;0.0
40;19500;INTARIAN_PEPPER_ROOT;53011;25;53009;9;53006;12;53026;10;53028;9;53029;12;53018.5;0.0
40;19600;ASH_COATED_OSMIUM;9990;22;;;;;10006;13;;;;;9998.5;0.0
40;19600;INTARIAN_PEPPER_ROOT;53017;10;;;;;53030;8;;;;;53023.5;0.0
40;19700;ASH_COATED_OSMIUM;9990;15;;;;;9996;2;;;;;9993.0;0.0
40;19700;INTARIAN_PEPPER_ROOT;53012;8;53010;9;;;53028;12;53030;10;;;53020.5;0.0
40;19800;ASH_COATED_OSMIUM;9984;14;9982;5;9981;11;10002;14;10004;12;10005;4;9993.5;0.0
40;19800;INTARIAN_PEPPER_ROOT;53013;10;53012;8;53011;11;53027;11;53030;12;53032;11;53020.5;0.0
40;19900;ASH_COATED_OSMIUM;9987;10;;;;;10003;11;;;;;9995.5;0.0
40;19900;INTARIAN_PEPPER_ROOT;53019;9;;;;;53027;9;;;;;53023.0;0.0
40;20000;ASH_COATED_OSMIUM;9991;11;9988;11;;;10007;14;10009;12;;;9999.0;0.0
40;20000;INTARIAN_PEPPER_ROOT;53012;10;53009;15;;;53028;12;53030;9;;;53020.0;0.0
40;20100;ASH_COATED_OSMIUM;9985;13;9982;11;;;10001;11;10004;13;;;9993.0;0.0
40;20100;INTARIAN_PEPPER_ROOT;53013;10;53011;9;;;53026;9;53029;9;;;53019.5;0.0
40;20200;ASH_COATED_OSMIUM;9982;12;9980;25;9978;11;9998;11;10000;14;10003;14;9990.0;0.0
40;20200;INTARIAN_PEPPER_ROOT;53015;9;53012;12;;;53027;9;53030;9;;;53021.5;0.0
40;20300;ASH_COATED_OSMIUM;9983;13;9981;15;;;9999;23;10002;13;;;9991.5;0.0
40;20300;INTARIAN_PEPPER_ROOT;53011;9;;;;;53023;9;;;;;53017.0;0.0
40;20400;ASH_COATED_OSMIUM;9997;14;9996;12;;;10008;29;10009;11;;;10003.0;0.0
40;20400;INTARIAN_PEPPER_ROOT;53016;10;53013;8;;;53029;23;53030;8;;;53022.5;0.0
40;20500;ASH_COATED_OSMIUM;9994;12;;;;;10010;12;;;;;10002.0;0.0
40;20500;INTARIAN_PEPPER_ROOT;53017;8;;;;;53030;10;;;;;53023.5;0.0
40;20600;ASH_COATED_OSMIUM;9996;14;9995;11;9994;13;10015;28;10016;11;10017;14;10005.5;0.0
40;20600;INTARIAN_PEPPER_ROOT;53011;10;;;;;53028;8;;;;;53020.0;0.0
40;20700;ASH_COATED_OSMIUM;9991;11;9990;12;9989;14;10007;26;10008;15;10010;14;9999.5;0.0
40;20700;INTARIAN_PEPPER_ROOT;53018;12;;;;;53030;18;;;;;53024.0;0.0
40;20800;ASH_COATED_OSMIUM;9988;10;9987;10;;;10004;20;10005;12;;;9996.0;0.0
40;20800;INTARIAN_PEPPER_ROOT;53018;25;53016;19;53014;9;53030;22;53033;12;53034;12;53024.5;0.0
40;20900;ASH_COATED_OSMIUM;9985;20;;;;;10001;14;;;;;9993.0;0.0
40;20900;INTARIAN_PEPPER_ROOT;53015;10;53012;8;;;53029;9;53031;11;;;53022.5;0.0
40;21000;ASH_COATED_OSMIUM;9984;12;9982;12;9981;29;10000;12;10001;13;10004;15;9992.5;0.0
40;21000;INTARIAN_PEPPER_ROOT;53014;20;53012;9;;;53031;11;53033;12;;;53023.0;0.0
40;21100;ASH_COATED_OSMIUM;9981;11;;;;;10000;15;;;;;9991.0;0.0
40;21100;INTARIAN_PEPPER_ROOT;53014;9;53013;10;53010;9;53025;16;53027;3;53028;11;53020.0;0.0
40;21200;ASH_COATED_OSMIUM;9985;15;;;;;10001;13;;;;;9993.5;0.0
40;21200;INTARIAN_PEPPER_ROOT;53017;9;53014;8;53012;19;53030;8;53032;9;53033;9;53023.5;0.0
40;21300;ASH_COATED_OSMIUM;9979;15;9977;13;;;9997;23;10000;10;;;9988.0;0.0
40;21300;INTARIAN_PEPPER_ROOT;53010;11;53008;9;53006;12;53030;10;53031;8;53032;25;53020.5;0.0
40;21400;ASH_COATED_OSMIUM;9987;30;9985;12;;;9997;11;9999;10;;;9992.0;0.0
40;21400;INTARIAN_PEPPER_ROOT;53009;24;53006;8;;;53023;10;53026;9;;;53016.5;0.0
40;21500;ASH_COATED_OSMIUM;9980;12;9978;12;9975;15;9998;24;10001;10;10002;10;9989.0;0.0
40;21500;INTARIAN_PEPPER_ROOT;53018;19;;;;;53029;11;;;;;53023.5;0.0
40;21600;ASH_COATED_OSMIUM;9986;14;;;;;10002;11;;;;;9994.5;0.0
40;21600;INTARIAN_PEPPER_ROOT;53015;8;53012;10;53011;12;53029;11;53031;12;53032;15;53022.5;0.0
40;21700;ASH_COATED_OSMIUM;9991;10;;;;;10007;13;;;;;9999.5;0.0
40;21700;INTARIAN_PEPPER_ROOT;53012;12;53011;9;;;53025;10;53026;12;;;53019.0;0.0
40;21800;ASH_COATED_OSMIUM;9992;10;9991;13;;;10008;14;10010;14;;;10000.5;0.0
40;21800;INTARIAN_PEPPER_ROOT;53015;8;53014;10;;;53029;12;53030;12;;;53022.5;0.0
40;21900;ASH_COATED_OSMIUM;9995;11;9993;12;9992;15;10011;11;10012;11;10013;10;10003.0;0.0
40;21900;INTARIAN_PEPPER_ROOT;53019;8;53016;11;53014;8;53033;9;53035;9;53038;20;53026.0;0.0
40;22000;ASH_COATED_OSMIUM;9998;12;;;;;10014;12;;;;;10006.5;0.0
40;22000;INTARIAN_PEPPER_ROOT;53015;12;53014;15;;;53026;11;53028;7;;;53020.5;0.0
40;22100;ASH_COATED_OSMIUM;9997;25;9994;13;9991;10;10013;10;10014;15;10017;13;10005.0;0.0
40;22100;INTARIAN_PEPPER_ROOT;53012;12;53010;12;53008;11;53031;10;53032;9;53034;8;53022.0;0.0
40;22200;ASH_COATED_OSMIUM;9992;26;9989;14;9986;12;10010;14;10012;10;10014;10;10001.5;0.0
40;22200;INTARIAN_PEPPER_ROOT;53011;10;53010;11;53009;11;53028;24;53031;8;53034;8;53019.5;0.0
40;22300;ASH_COATED_OSMIUM;9995;11;9994;15;9992;11;10013;10;10015;11;10018;12;10004.0;0.0
40;22300;INTARIAN_PEPPER_ROOT;53014;25;53013;10;53012;11;53030;20;53033;10;53036;8;53022.0;0.0
40;22400;ASH_COATED_OSMIUM;9994;10;;;;;10013;15;;;;;10004.0;0.0
40;22400;INTARIAN_PEPPER_ROOT;53015;12;53014;10;;;53032;9;53033;9;;;53024.0;0.0
40;22500;ASH_COATED_OSMIUM;9996;13;9994;11;9993;13;10012;15;10015;15;10017;10;10004.5;0.0
40;22500;INTARIAN_PEPPER_ROOT;53018;18;53015;10;;;53030;11;53031;11;;;53024.0;0.0
40;22600;ASH_COATED_OSMIUM;9994;13;9993;12;;;10010;14;10012;23;;;10002.5;0.0
40;22600;INTARIAN_PEPPER_ROOT;53017;23;53016;6;;;53032;9;53034;12;;;53024.5;0.0
40;22700;ASH_COATED_OSMIUM;9999;14;9997;10;;;10018;15;10019;11;;;10009.0;0.0
40;22700;INTARIAN_PEPPER_ROOT;53016;9;;;;;53028;12;;;;;53022.5;0.0
40;22800;ASH_COATED_OSMIUM;10001;25;9998;13;9997;12;10017;24;10018;10;10020;27;10009.5;0.0
40;22800;INTARIAN_PEPPER_ROOT;53016;8;;;;;53029;9;;;;;53023.0;0.0
40;22900;ASH_COATED_OSMIUM;9998;14;9996;13;9993;9;10016;11;10018;14;10020;14;10007.5;0.0
40;22900;INTARIAN_PEPPER_ROOT;53017;9;;;;;53030;10;;;;;53023.5;0.0
40;23000;ASH_COATED_OSMIUM;9998;29;9995;12;;;10014;11;10017;13;;;10006.0;0.0
40;23000;INTARIAN_PEPPER_ROOT;53018;8;;;;;53031;12;;;;;53024.5;0.0
40;23100;ASH_COATED_OSMIUM;9997;13;9996;10;9995;7;10016;4;10017;13;10019;11;10007.0;0.0
40;23100;INTARIAN_PEPPER_ROOT;53015;3;53013;20;53011;3;53028;3;53029;10;53032;10;53022.0;0.0
40;23200;ASH_COATED_OSMIUM;9992;2;9989;11;;;10008;10;10010;14;;;10000.0;0.0
40;23200;INTARIAN_PEPPER_ROOT;53014;11;53013;11;53011;10;53030;10;53031;12;53032;12;53022.0;0.0
40;23300;ASH_COATED_OSMIUM;9992;14;;;;;10008;15;;;;;10000.0;0.0
40;23300;INTARIAN_PEPPER_ROOT;53016;11;;;;;53030;12;;;;;53023.0;0.0
40;23400;ASH_COATED_OSMIUM;9988;29;9986;10;9985;15;10006;27;10008;20;10009;14;9997.0;0.0
40;23400;INTARIAN_PEPPER_ROOT;53019;11;53016;12;53015;12;53031;11;53033;11;53034;10;53025.0;0.0
40;23500;ASH_COATED_OSMIUM;9992;14;;;;;10008;10;;;;;10000.5;0.0
40;23500;INTARIAN_PEPPER_ROOT;53017;11;53015;11;;;53030;9;53032;9;;;53023.5;0.0
40;23600;ASH_COATED_OSMIUM;9993;15;9990;13;;;10009;14;10010;15;;;10001.5;0.0
40;23600;INTARIAN_PEPPER_ROOT;53015;22;53014;11;53012;8;53028;10;53029;8;53030;8;53022.0;0.0
40;23700;ASH_COATED_OSMIUM;9995;14;9992;12;9990;12;10011;13;10012;29;10013;14;10003.5;0.0
40;23700;INTARIAN_PEPPER_ROOT;53014;11;53011;9;53008;9;53030;9;53031;12;53032;9;53022.5;0.0
40;23800;ASH_COATED_OSMIUM;9989;15;;;;;10007;13;;;;;9998.5;0.0
40;23800;INTARIAN_PEPPER_ROOT;53015;9;;;;;53029;20;;;;;53022.0;0.0
40;23900;ASH_COATED_OSMIUM;9999;10;9998;29;9996;20;10015;11;10017;10;10018;14;10007.0;0.0
40;23900;INTARIAN_PEPPER_ROOT;53013;12;53010;11;53009;9;53027;10;53030;10;53032;11;53020.5;0.0
40;24000;ASH_COATED_OSMIUM;9998;29;9997;24;;;10014;13;10017;13;;;10006.0;0.0
40;24000;INTARIAN_PEPPER_ROOT;53018;11;53015;15;53014;12;53032;9;53034;8;53035;11;53025.0;0.0
40;24100;ASH_COATED_OSMIUM;9994;10;;;;;10010;11;;;;;10002.0;0.0
40;24100;INTARIAN_PEPPER_ROOT;53016;11;53013;10;53012;8;53029;9;53032;8;53033;9;53023.0;0.0
40;24200;ASH_COATED_OSMIUM;9994;11;9991;15;;;10012;13;10013;15;;;10003.0;0.0
40;24200;INTARIAN_PEPPER_ROOT;53020;8;53018;8;;;53031;10;53032;9;;;53025.5;0.0
40;24300;ASH_COATED_OSMIUM;9994;15;9991;15;;;10013;12;10014;15;;;10004.0;0.0
40;24300;INTARIAN_PEPPER_ROOT;53015;10;53014;12;;;53029;8;53030;8;;;53022.0;0.0
40;24400;ASH_COATED_OSMIUM;9998;25;9996;10;;;10014;29;10017;27;;;10006.0;0.0
40;24400;INTARIAN_PEPPER_ROOT;53019;12;53017;21;53015;9;53033;9;53034;12;53036;10;53026.0;0.0
40;24500;ASH_COATED_OSMIUM;10003;13;;;;;10015;20;;;;;10009.0;0.0
40;24500;INTARIAN_PEPPER_ROOT;53019;12;53017;11;53014;10;53030;11;53031;11;53032;9;53024.5;0.0
40;24600;ASH_COATED_OSMIUM;9999;11;9997;15;9996;12;10015;10;10017;11;10019;15;10007.5;0.0
40;24600;INTARIAN_PEPPER_ROOT;53017;24;53015;23;;;53031;17;53033;11;;;53024.0;0.0
40;24700;ASH_COATED_OSMIUM;9994;12;9991;28;;;10010;12;10011;15;;;10002.5;0.0
40;24700;INTARIAN_PEPPER_ROOT;53017;8;53014;8;;;53034;8;53035;11;;;53025.5;0.0
40;24800;ASH_COATED_OSMIUM;9992;11;9989;13;;;10010;15;10012;15;;;10001.5;0.0
40;24800;INTARIAN_PEPPER_ROOT;53023;12;53020;9;53017;11;53036;8;53038;19;53039;25;53029.5;0.0
40;24900;ASH_COATED_OSMIUM;9993;15;9991;27;;;10009;15;10012;11;;;10001.0;0.0
40;24900;INTARIAN_PEPPER_ROOT;53016;18;53014;9;53012;11;53030;12;53033;11;53036;11;53023.5;0.0
40;25000;ASH_COATED_OSMIUM;9996;12;9994;22;;;10015;11;10018;14;;;10005.5;0.0
40;25000;INTARIAN_PEPPER_ROOT;53021;15;;;;;53035;11;;;;;53028.5;0.0
40;25100;ASH_COATED_OSMIUM;9989;5;;;;;10008;10;;;;;9998.5;0.0
40;25100;INTARIAN_PEPPER_ROOT;53017;8;53014;11;;;53034;15;53037;8;;;53025.5;0.0
40;25200;ASH_COATED_OSMIUM;9983;10;;;;;10002;13;;;;;9992.5;0.0
40;25200;INTARIAN_PEPPER_ROOT;53017;10;53015;8;;;53031;10;53032;9;;;53024.5;0.0
40;25300;ASH_COATED_OSMIUM;9980;22;;;;;9999;10;;;;;9990.0;0.0
40;25300;INTARIAN_PEPPER_ROOT;53020;8;53017;12;53014;12;53033;10;53035;23;53038;11;53026.5;0.0
40;25400;ASH_COATED_OSMIUM;9991;14;9988;30;;;10007;30;10010;13;;;9999.0;0.0
40;25400;INTARIAN_PEPPER_ROOT;53016;11;;;;;53030;11;;;;;53023.5;0.0
40;25500;ASH_COATED_OSMIUM;9992;13;9990;11;;;10011;11;10012;2;;;10002.0;0.0
40;25500;INTARIAN_PEPPER_ROOT;53022;12;53021;9;;;53030;9;53033;19;;;53026.0;0.0
40;25600;ASH_COATED_OSMIUM;9993;10;9992;28;9990;13;10009;11;10011;12;10013;28;10001.5;0.0
40;25600;INTARIAN_PEPPER_ROOT;53014;11;53011;12;53009;15;53027;20;53030;23;53033;12;53021.0;0.0
40;25700;ASH_COATED_OSMIUM;9987;10;9985;11;;;10003;28;10006;13;;;9995.0;0.0
40;25700;INTARIAN_PEPPER_ROOT;53016;11;53013;11;;;53029;9;53032;9;;;53022.5;0.0
40;25800;ASH_COATED_OSMIUM;9987;24;;;;;10000;13;;;;;9994.0;0.0
40;25800;INTARIAN_PEPPER_ROOT;53012;10;;;;;53025;17;;;;;53019.0;0.0
40;25900;ASH_COATED_OSMIUM;9992;12;;;;;10010;13;;;;;10001.5;0.0
40;25900;INTARIAN_PEPPER_ROOT;53024;12;53021;11;;;53028;12;53031;8;;;53026.0;0.0
40;26000;ASH_COATED_OSMIUM;9984;30;;;;;10003;13;;;;;9993.5;0.0
40;26000;INTARIAN_PEPPER_ROOT;53020;8;;;;;53031;8;;;;;53026.0;0.0
40;26100;ASH_COATED_OSMIUM;9984;23;9982;25;;;10000;15;10003;30;;;9992.5;0.0
40;26100;INTARIAN_PEPPER_ROOT;53020;10;53017;12;53015;10;53033;12;53034;8;53037;11;53026.5;0.0
40;26200;ASH_COATED_OSMIUM;9978;13;9975;11;;;9996;12;9997;22;;;9987.5;0.0
40;26200;INTARIAN_PEPPER_ROOT;53019;10;;;;;53036;9;;;;;53028.0;0.0
40;26300;ASH_COATED_OSMIUM;9979;13;9977;13;;;9998;15;10001;11;;;9988.5;0.0
40;26300;INTARIAN_PEPPER_ROOT;53019;9;53018;9;53015;10;53033;9;53034;10;53035;9;53026.5;0.0
40;26400;ASH_COATED_OSMIUM;9986;11;9983;12;9981;10;10002;15;10005;10;10007;14;9994.5;0.0
40;26400;INTARIAN_PEPPER_ROOT;53020;11;53017;10;;;53033;16;53035;9;;;53026.5;0.0
40;26500;ASH_COATED_OSMIUM;9992;12;9991;13;;;10008;11;10011;22;;;10000.0;0.0
40;26500;INTARIAN_PEPPER_ROOT;53017;8;;;;;53034;16;;;;;53026.0;0.0
40;26600;ASH_COATED_OSMIUM;9990;24;9987;11;;;10006;12;10009;10;;;9998.5;0.0
40;26600;INTARIAN_PEPPER_ROOT;53024;12;53022;8;;;53038;9;53039;12;;;53031.0;0.0
40;26700;ASH_COATED_OSMIUM;9993;10;9992;13;;;10009;22;10012;12;;;10001.5;0.0
40;26700;INTARIAN_PEPPER_ROOT;53021;16;53019;8;53018;12;53033;11;53036;11;53039;8;53027.0;0.0
40;26800;ASH_COATED_OSMIUM;9989;15;9988;12;;;10005;23;10006;15;;;9997.5;0.0
40;26800;INTARIAN_PEPPER_ROOT;53016;9;53014;8;53011;8;53031;11;53033;9;53034;8;53023.5;0.0
40;26900;ASH_COATED_OSMIUM;9988;12;9985;10;9982;24;10006;11;10007;12;10008;27;9997.5;0.0
40;26900;INTARIAN_PEPPER_ROOT;53023;12;;;;;53035;10;;;;;53029.0;0.0
40;27000;ASH_COATED_OSMIUM;9985;15;;;;;10006;14;;;;;9995.5;0.0
40;27000;INTARIAN_PEPPER_ROOT;53017;9;53014;8;53013;9;53030;12;53031;11;53034;11;53024.0;0.0
40;27100;ASH_COATED_OSMIUM;9987;15;9984;12;9982;20;10003;10;10006;11;10009;10;9995.0;0.0
40;27100;INTARIAN_PEPPER_ROOT;53017;9;53014;10;;;53033;12;53036;20;;;53025.0;0.0
40;27200;ASH_COATED_OSMIUM;9986;14;9983;14;9981;10;10005;12;10006;13;10007;27;9996.0;0.0
40;27200;INTARIAN_PEPPER_ROOT;53020;5;;;;;53036;11;;;;;53028.5;0.0
40;27300;ASH_COATED_OSMIUM;9989;25;;;;;10005;15;;;;;9997.0;0.0
40;27300;INTARIAN_PEPPER_ROOT;53021;11;;;;;53023;11;;;;;53022.5;0.0
40;27400;ASH_COATED_OSMIUM;9991;12;;;;;10010;12;;;;;10001.0;0.0
40;27400;INTARIAN_PEPPER_ROOT;53023;10;53022;23;;;53034;8;53037;8;;;53028.5;0.0
40;27500;ASH_COATED_OSMIUM;9988;10;;;;;10004;12;;;;;9996.0;0.0
40;27500;INTARIAN_PEPPER_ROOT;53020;8;;;;;53032;11;;;;;53026.5;0.0
40;27600;ASH_COATED_OSMIUM;9983;11;9982;12;;;9999;29;10001;15;;;9991.0;0.0
40;27600;INTARIAN_PEPPER_ROOT;53020;12;53018;20;;;53032;11;53033;11;;;53026.5;0.0
40;27700;ASH_COATED_OSMIUM;9983;14;9981;13;9978;21;9993;10;9995;10;9996;15;9988.5;0.0
40;27700;INTARIAN_PEPPER_ROOT;53020;25;53018;17;;;53036;10;53038;17;;;53028.5;0.0
40;27800;ASH_COATED_OSMIUM;9980;30;9979;10;;;9996;15;9998;10;;;9988.5;0.0
40;27800;INTARIAN_PEPPER_ROOT;53021;12;;;;;53033;12;;;;;53027.5;0.0
40;27900;ASH_COATED_OSMIUM;9983;14;9980;14;;;9999;12;10002;15;;;9991.0;0.0
40;27900;INTARIAN_PEPPER_ROOT;53021;10;53020;10;53019;9;53034;23;53035;12;53038;10;53028.0;0.0
40;28000;ASH_COATED_OSMIUM;9985;12;9983;23;;;10001;12;10004;15;;;9993.5;0.0
40;28000;INTARIAN_PEPPER_ROOT;53020;19;53019;11;;;53031;9;53032;5;;;53025.5;0.0
40;28100;ASH_COATED_OSMIUM;9982;30;9981;29;;;9998;11;9999;11;;;9990.5;0.0
40;28100;INTARIAN_PEPPER_ROOT;53023;9;53021;10;;;53035;10;53036;9;;;53029.0;0.0
40;28200;ASH_COATED_OSMIUM;9982;30;9981;12;;;9998;11;10000;23;;;9990.5;0.0
40;28200;INTARIAN_PEPPER_ROOT;53024;11;;;;;53036;9;;;;;53030.0;0.0
40;28300;ASH_COATED_OSMIUM;9986;14;9984;12;;;10002;15;10005;12;;;9994.0;0.0
40;28300;INTARIAN_PEPPER_ROOT;53018;10;53017;18;;;53032;23;53034;12;;;53025.5;0.0
40;28400;ASH_COATED_OSMIUM;9988;24;;;;;10004;5;;;;;9996.0;0.0
40;28400;INTARIAN_PEPPER_ROOT;53018;9;53015;9;53013;8;53032;11;53033;11;53036;21;53025.0;0.0
40;28500;ASH_COATED_OSMIUM;9994;29;9991;15;9988;28;10000;25;10001;22;10003;14;9997.0;0.0
40;28500;INTARIAN_PEPPER_ROOT;53021;10;53018;8;;;53034;11;53037;10;;;53028.0;0.0
40;28600;ASH_COATED_OSMIUM;9995;12;;;;;10011;11;;;;;10003.0;0.0
40;28600;INTARIAN_PEPPER_ROOT;53025;22;53023;8;;;53037;12;53040;19;;;53031.5;0.0
40;28700;ASH_COATED_OSMIUM;9990;14;9987;26;;;10006;15;10008;23;;;9998.0;0.0
40;28700;INTARIAN_PEPPER_ROOT;53020;12;53018;9;53016;12;53032;12;53035;11;53037;12;53026.5;0.0
40;28800;ASH_COATED_OSMIUM;9994;12;9993;12;;;10010;2;10013;13;;;10002.0;0.0
40;28800;INTARIAN_PEPPER_ROOT;53018;8;53017;10;;;53030;9;53032;8;;;53024.5;0.0
40;28900;ASH_COATED_OSMIUM;9996;13;9994;4;;;10008;5;10009;13;;;10002.0;0.0
40;28900;INTARIAN_PEPPER_ROOT;53022;10;53021;9;53018;12;53035;15;53038;9;53041;12;53029.0;0.0
40;29000;ASH_COATED_OSMIUM;9993;14;9990;12;;;10009;11;10012;11;;;10001.0;0.0
40;29000;INTARIAN_PEPPER_ROOT;53025;11;53024;8;;;53038;9;53039;4;;;53032.0;0.0
40;29100;ASH_COATED_OSMIUM;9994;20;;;;;10010;13;;;;;10002.5;0.0
40;29100;INTARIAN_PEPPER_ROOT;53024;10;53021;8;53018;8;53038;8;53040;11;53043;9;53031.5;0.0
40;29200;ASH_COATED_OSMIUM;9998;14;;;;;10004;25;;;;;10001.0;0.0
40;29200;INTARIAN_PEPPER_ROOT;53028;11;53025;9;;;53039;10;53041;12;;;53034.0;0.0
40;29300;ASH_COATED_OSMIUM;9990;13;9987;27;;;10006;13;10009;15;;;9998.5;0.0
40;29300;INTARIAN_PEPPER_ROOT;53019;8;53018;10;53017;8;53034;11;53035;11;53038;21;53027.0;0.0
40;29400;ASH_COATED_OSMIUM;9990;11;;;;;10006;21;;;;;9998.5;0.0
40;29400;INTARIAN_PEPPER_ROOT;53022;12;;;;;53036;22;;;;;53029.0;0.0
40;29500;ASH_COATED_OSMIUM;9992;15;9991;14;;;10008;14;10010;15;;;10000.0;0.0
40;29500;INTARIAN_PEPPER_ROOT;53026;20;53024;15;;;53039;10;53040;12;;;53033.0;0.0
40;29600;ASH_COATED_OSMIUM;9989;11;9987;12;;;10005;15;10006;15;;;9997.0;0.0
40;29600;INTARIAN_PEPPER_ROOT;53019;10;53016;18;;;53032;11;53035;11;;;53026.0;0.0
40;29700;ASH_COATED_OSMIUM;9988;5;;;;;10007;13;;;;;9998.0;0.0
40;29700;INTARIAN_PEPPER_ROOT;53023;12;53021;11;53018;11;53036;11;53038;11;53039;10;53030.0;0.0
40;29800;ASH_COATED_OSMIUM;9987;10;9985;14;;;10006;15;10009;12;;;9996.5;0.0
40;29800;INTARIAN_PEPPER_ROOT;53022;11;;;;;53034;11;;;;;53028.5;0.0
40;29900;ASH_COATED_OSMIUM;9989;30;9988;4;;;10007;13;10009;14;;;9998.0;0.0
40;29900;INTARIAN_PEPPER_ROOT;53024;20;;;;;53037;21;;;;;53030.5;0.0
40;30000;ASH_COATED_OSMIUM;9993;10;9990;13;9989;12;10011;15;10013;12;10014;26;10002.0;0.0
40;30000;INTARIAN_PEPPER_ROOT;53021;8;53019;9;53016;12;53035;11;53036;12;53039;12;53028.5;0.0
40;30100;ASH_COATED_OSMIUM;9992;10;9989;27;;;10010;12;10013;15;;;10001.0;0.0
40;30100;INTARIAN_PEPPER_ROOT;53022;8;;;;;53037;19;;;;;53030.0;0.0
40;30200;ASH_COATED_OSMIUM;9995;21;9993;10;9990;13;10011;12;10012;12;10014;13;10003.0;0.0
40;30200;INTARIAN_PEPPER_ROOT;53021;9;53019;11;;;53035;11;53038;10;;;53028.5;0.0
40;30300;ASH_COATED_OSMIUM;9995;26;9993;15;;;10011;11;10014;24;;;10003.5;0.0
40;30300;INTARIAN_PEPPER_ROOT;53028;8;;;;;53039;10;;;;;53033.5;0.0
40;30400;ASH_COATED_OSMIUM;9998;29;9995;26;;;10014;10;10016;11;;;10006.0;0.0
40;30400;INTARIAN_PEPPER_ROOT;53021;7;;;;;53038;8;;;;;53030.0;0.0
40;30500;ASH_COATED_OSMIUM;9992;13;;;;;10011;14;;;;;10002.0;0.0
40;30500;INTARIAN_PEPPER_ROOT;53023;19;53020;20;;;53035;10;53038;11;;;53029.5;0.0
40;30600;ASH_COATED_OSMIUM;9988;24;9985;13;;;10007;11;10010;13;;;9998.0;0.0
40;30600;INTARIAN_PEPPER_ROOT;53027;10;;;;;53038;9;;;;;53033.0;0.0
40;30700;ASH_COATED_OSMIUM;9990;11;;;;;10006;12;;;;;9998.0;0.0
40;30700;INTARIAN_PEPPER_ROOT;53023;10;53022;10;53019;9;53036;22;53038;8;53039;19;53030.0;0.0
40;30800;ASH_COATED_OSMIUM;9990;10;;;;;10006;12;;;;;9998.0;0.0
40;30800;INTARIAN_PEPPER_ROOT;53026;9;53023;12;;;53038;16;53040;11;;;53032.5;0.0
40;30900;ASH_COATED_OSMIUM;9988;11;;;;;9999;12;;;;;9994.0;0.0
40;30900;INTARIAN_PEPPER_ROOT;53024;10;;;;;53037;18;;;;;53031.0;0.0
40;31000;ASH_COATED_OSMIUM;9984;28;9983;10;9981;10;10000;14;10002;3;10004;2;9992.5;0.0
40;31000;INTARIAN_PEPPER_ROOT;53023;11;;;;;53035;10;;;;;53029.0;0.0
40;31100;ASH_COATED_OSMIUM;9989;2;9986;13;;;10005;13;10007;13;;;9997.0;0.0
40;31100;INTARIAN_PEPPER_ROOT;53022;4;53019;19;;;53035;12;53036;8;;;53029.0;0.0
40;31200;ASH_COATED_OSMIUM;9989;12;9988;9;;;10005;13;10007;10;;;9997.0;0.0
40;31200;INTARIAN_PEPPER_ROOT;53021;9;53020;24;;;53033;12;53034;10;;;53027.5;0.0
40;31300;ASH_COATED_OSMIUM;9989;23;9987;15;;;10007;11;10008;15;;;9998.5;0.0
40;31300;INTARIAN_PEPPER_ROOT;53025;10;53022;16;53021;8;53038;10;53039;10;53041;18;53032.0;0.0
40;31400;ASH_COATED_OSMIUM;9994;28;;;;;10010;14;;;;;10002.0;0.0
40;31400;INTARIAN_PEPPER_ROOT;53021;12;53018;9;53017;10;53035;8;53036;9;53037;12;53028.0;0.0
40;31500;ASH_COATED_OSMIUM;9995;15;9992;11;;;10011;12;10012;11;;;10003.0;0.0
40;31500;INTARIAN_PEPPER_ROOT;53027;8;53024;8;53022;8;53038;12;53040;9;53043;12;53033.0;0.0
40;31600;ASH_COATED_OSMIUM;9993;14;;;;;10002;11;;;;;9998.0;0.0
40;31600;INTARIAN_PEPPER_ROOT;53029;8;53028;20;;;53036;11;53039;23;;;53032.5;0.0
40;31700;ASH_COATED_OSMIUM;9991;11;;;;;10009;10;;;;;10000.5;0.0
40;31700;INTARIAN_PEPPER_ROOT;53024;11;;;;;53041;8;;;;;53033.0;0.0
40;31800;ASH_COATED_OSMIUM;9991;11;9990;13;;;10007;11;10009;28;;;9999.5;0.0
40;31800;INTARIAN_PEPPER_ROOT;53029;10;53028;10;53026;18;53043;12;53045;9;53046;10;53036.0;0.0
40;31900;ASH_COATED_OSMIUM;9993;11;9990;14;;;10009;15;10012;24;;;10001.0;0.0
40;31900;INTARIAN_PEPPER_ROOT;53027;11;53024;10;;;53037;10;53038;19;;;53032.0;0.0
40;32000;ASH_COATED_OSMIUM;9994;10;9991;12;9990;13;10010;11;10012;5;10015;13;10002.0;0.0
40;32000;INTARIAN_PEPPER_ROOT;53028;12;53027;9;;;53040;9;53041;10;;;53034.5;0.0
40;32100;ASH_COATED_OSMIUM;9995;15;;;;;10011;15;;;;;10003.0;0.0
40;32100;INTARIAN_PEPPER_ROOT;53026;9;;;;;53042;9;;;;;53034.5;0.0
40;32200;ASH_COATED_OSMIUM;9993;15;9990;12;;;10009;22;10011;14;;;10001.5;0.0
40;32200;INTARIAN_PEPPER_ROOT;53025;10;53023;11;;;53039;12;53041;12;;;53032.5;0.0
40;32300;ASH_COATED_OSMIUM;9992;29;9991;10;9988;10;10008;26;10009;11;10010;14;10000.5;0.0
40;32300;INTARIAN_PEPPER_ROOT;53024;18;53021;9;53020;8;53041;10;53044;11;53047;12;53032.5;0.0
40;32400;ASH_COATED_OSMIUM;9994;29;;;;;10010;12;;;;;10002.0;0.0
40;32400;INTARIAN_PEPPER_ROOT;53029;17;;;;;53042;12;;;;;53036.0;0.0
40;32500;ASH_COATED_OSMIUM;9994;29;;;;;10010;12;;;;;10002.0;0.0
40;32500;INTARIAN_PEPPER_ROOT;53024;10;53021;11;53019;8;53037;8;53039;16;53040;8;53031.0;0.0
40;32600;ASH_COATED_OSMIUM;9991;14;9988;15;;;10007;27;10010;25;;;9999.0;0.0
40;32600;INTARIAN_PEPPER_ROOT;53024;9;53023;10;;;53036;18;53039;25;;;53030.0;0.0
40;32700;ASH_COATED_OSMIUM;9989;13;9988;21;;;10008;21;10010;15;;;9998.5;0.0
40;32700;INTARIAN_PEPPER_ROOT;53026;22;53025;9;;;53038;10;53041;9;;;53032.0;0.0
40;32800;ASH_COATED_OSMIUM;9984;14;9982;27;9980;15;10003;7;10004;10;10007;12;9994.0;0.0
40;32800;INTARIAN_PEPPER_ROOT;53026;11;53025;8;;;53040;8;53042;8;;;53033.0;0.0
40;32900;ASH_COATED_OSMIUM;9989;15;9987;15;;;10005;15;10007;10;;;9997.0;0.0
40;32900;INTARIAN_PEPPER_ROOT;53026;9;53025;10;53023;9;53038;10;53040;9;53043;10;53032.0;0.0
40;33000;ASH_COATED_OSMIUM;9986;15;9983;29;;;10005;11;10007;10;;;9995.5;0.0
40;33000;INTARIAN_PEPPER_ROOT;53026;17;53024;18;53023;11;53043;25;53044;8;53046;10;53035.0;0.0
40;33100;ASH_COATED_OSMIUM;9993;14;;;;;9998;13;;;;;9996.0;0.0
40;33100;INTARIAN_PEPPER_ROOT;53023;9;;;;;53040;10;;;;;53031.5;0.0
40;33200;ASH_COATED_OSMIUM;9988;14;9985;13;;;9998;13;9999;15;;;9993.5;0.0
40;33200;INTARIAN_PEPPER_ROOT;53027;9;;;;;53038;9;;;;;53033.0;0.0
40;33300;ASH_COATED_OSMIUM;9983;15;9980;11;;;10002;15;10005;10;;;9993.0;0.0
40;33300;INTARIAN_PEPPER_ROOT;53030;12;53028;11;;;53033;12;53035;11;;;53032.0;0.0
40;33400;ASH_COATED_OSMIUM;9987;15;9984;11;9982;11;10006;12;10007;14;10010;15;9997.0;0.0
40;33400;INTARIAN_PEPPER_ROOT;53028;12;53027;12;53024;8;53041;11;53044;8;53047;10;53035.0;0.0
40;33500;ASH_COATED_OSMIUM;9993;12;;;;;10009;14;;;;;10001.5;0.0
40;33500;INTARIAN_PEPPER_ROOT;53026;11;;;;;53040;11;;;;;53033.0;0.0
40;33600;ASH_COATED_OSMIUM;9989;12;9987;13;9986;11;10005;14;10007;13;10010;11;9997.5;0.0
40;33600;INTARIAN_PEPPER_ROOT;53027;23;53025;10;;;53044;22;53045;11;;;53035.5;0.0
40;33700;ASH_COATED_OSMIUM;9992;14;;;;;10008;15;;;;;10000.5;0.0
40;33700;INTARIAN_PEPPER_ROOT;53026;12;53025;11;;;53041;18;53043;12;;;53033.5;0.0
40;33800;ASH_COATED_OSMIUM;9998;12;;;;;10014;5;;;;;10006.0;0.0
40;33800;INTARIAN_PEPPER_ROOT;53030;9;53027;10;;;53047;11;53049;10;;;53039.0;0.0
40;33900;ASH_COATED_OSMIUM;10000;13;9997;14;;;10019;14;10020;12;;;10010.0;0.0
40;33900;INTARIAN_PEPPER_ROOT;53025;9;53024;8;;;53042;11;53044;24;;;53034.0;0.0
40;34000;ASH_COATED_OSMIUM;10000;11;9997;15;;;10016;12;10018;10;;;10008.0;0.0
40;34000;INTARIAN_PEPPER_ROOT;53028;8;53027;12;;;53044;12;53047;11;;;53036.5;0.0
40;34100;ASH_COATED_OSMIUM;9993;10;9990;10;9988;14;10012;13;10013;13;10014;24;10003.0;0.0
40;34100;INTARIAN_PEPPER_ROOT;53033;17;;;;;53042;23;;;;;53037.5;0.0
40;34200;ASH_COATED_OSMIUM;9994;30;;;;;10010;15;;;;;10002.5;0.0
40;34200;INTARIAN_PEPPER_ROOT;53029;8;53028;11;;;53040;9;53043;10;;;53034.5;0.0
40;34300;ASH_COATED_OSMIUM;9992;10;9990;20;9988;15;10011;15;10012;14;10015;12;10002.0;0.0
40;34300;INTARIAN_PEPPER_ROOT;53028;11;53026;10;53025;9;53039;11;53041;8;53043;10;53033.5;0.0
40;34400;ASH_COATED_OSMIUM;9991;13;;;;;10009;14;;;;;10000.5;0.0
40;34400;INTARIAN_PEPPER_ROOT;53027;22;53024;9;;;53039;9;53042;11;;;53033.0;0.0
40;34500;ASH_COATED_OSMIUM;9992;15;9991;14;9988;10;10008;30;10010;13;10011;27;10000.0;0.0
40;34500;INTARIAN_PEPPER_ROOT;53029;9;53028;9;;;53043;11;53045;11;;;53036.5;0.0
40;34600;ASH_COATED_OSMIUM;9992;25;9990;11;9987;15;10008;22;10010;14;10013;11;10000.0;0.0
40;34600;INTARIAN_PEPPER_ROOT;53031;20;53030;9;;;53033;11;53036;12;;;53032.5;0.0
40;34700;ASH_COATED_OSMIUM;9994;11;9992;12;9990;15;10004;12;10007;15;10009;11;9999.0;0.0
40;34700;INTARIAN_PEPPER_ROOT;53027;9;53025;19;;;53042;10;53043;11;;;53034.5;0.0
40;34800;ASH_COATED_OSMIUM;9990;15;9989;6;;;10008;15;10009;14;;;9999.0;0.0
40;34800;INTARIAN_PEPPER_ROOT;53030;8;53027;12;;;53039;8;53042;10;;;53034.5;0.0
40;34900;ASH_COATED_OSMIUM;9990;25;9987;21;9984;13;10006;10;10009;27;10011;14;9998.5;0.0
40;34900;INTARIAN_PEPPER_ROOT;53031;18;;;;;53041;10;;;;;53036.5;0.0
40;35000;ASH_COATED_OSMIUM;9990;11;9989;15;9987;10;10006;13;10007;12;10008;11;9998.5;0.0
40;35000;INTARIAN_PEPPER_ROOT;53026;9;;;;;53037;15;;;;;53031.5;0.0
40;35100;ASH_COATED_OSMIUM;9986;22;9983;5;9982;28;10004;12;10007;12;10010;14;9995.0;0.0
40;35100;INTARIAN_PEPPER_ROOT;53030;10;53027;11;;;53042;16;53043;8;;;53036.0;0.0
40;35200;ASH_COATED_OSMIUM;9995;11;9992;26;;;10011;12;10012;13;;;10003.0;0.0
40;35200;INTARIAN_PEPPER_ROOT;53030;9;53027;12;;;53044;11;53045;8;;;53037.0;0.0
40;35300;ASH_COATED_OSMIUM;10000;12;;;;;10005;12;;;;;10002.5;0.0
40;35300;INTARIAN_PEPPER_ROOT;53026;12;;;;;53041;15;;;;;53033.5;0.0
40;35400;ASH_COATED_OSMIUM;9995;15;9992;13;9989;14;10011;20;10012;14;10013;12;10003.5;0.0
40;35400;INTARIAN_PEPPER_ROOT;53030;8;53029;9;;;53042;12;53045;9;;;53036.0;0.0
40;35500;ASH_COATED_OSMIUM;9993;13;9990;27;;;10009;14;10012;11;;;10001.0;0.0
40;35500;INTARIAN_PEPPER_ROOT;53026;6;53024;12;53022;11;53042;10;53044;18;53045;8;53034.5;0.0
40;35600;ASH_COATED_OSMIUM;9995;13;;;;;10013;13;;;;;10004.5;0.0
40;35600;INTARIAN_PEPPER_ROOT;53033;9;;;;;53045;9;;;;;53039.0;0.0
40;35700;ASH_COATED_OSMIUM;9988;13;;;;;10004;14;;;;;9996.5;0.0
40;35700;INTARIAN_PEPPER_ROOT;53027;20;;;;;53041;22;;;;;53034.5;0.0
40;35800;ASH_COATED_OSMIUM;9985;15;9983;3;;;10003;20;10006;10;;;9994.5;0.0
40;35800;INTARIAN_PEPPER_ROOT;53030;16;;;;;53043;8;;;;;53036.5;0.0
40;35900;ASH_COATED_OSMIUM;9986;10;9984;14;;;10002;11;10004;11;;;9994.5;0.0
40;35900;INTARIAN_PEPPER_ROOT;53031;8;53030;11;;;53044;12;53045;12;;;53038.0;0.0
40;36000;ASH_COATED_OSMIUM;9990;15;9988;14;;;10006;14;10009;14;;;9998.5;0.0
40;36000;INTARIAN_PEPPER_ROOT;53034;24;53031;12;53028;16;53047;12;53049;12;53050;11;53040.5;0.0
40;36100;ASH_COATED_OSMIUM;9993;14;9991;10;;;10009;30;10010;6;;;10001.5;0.0
40;36100;INTARIAN_PEPPER_ROOT;53032;9;;;;;53046;8;;;;;53039.5;0.0
40;36200;ASH_COATED_OSMIUM;9994;12;;;;;10010;15;;;;;10002.5;0.0
40;36200;INTARIAN_PEPPER_ROOT;53031;11;53029;9;53026;9;53044;16;53045;9;53046;8;53037.5;0.0
40;36300;ASH_COATED_OSMIUM;9994;14;9992;15;;;10010;15;10013;14;;;10002.0;0.0
40;36300;INTARIAN_PEPPER_ROOT;53028;19;53025;11;53022;8;53039;23;53041;10;53044;5;53033.5;0.0
40;36400;ASH_COATED_OSMIUM;9997;11;9995;13;;;10015;15;10017;15;;;10006.0;0.0
40;36400;INTARIAN_PEPPER_ROOT;53030;10;53027;9;;;53043;21;53045;12;;;53036.5;0.0
40;36500;ASH_COATED_OSMIUM;9991;13;9988;12;;;10010;12;10012;10;;;10001.0;0.0
40;36500;INTARIAN_PEPPER_ROOT;53030;12;53027;10;;;53041;9;53044;19;;;53036.0;0.0
40;36600;ASH_COATED_OSMIUM;9997;11;9994;12;9992;3;10013;10;10015;11;10018;11;10005.0;0.0
40;36600;INTARIAN_PEPPER_ROOT;53031;12;53030;22;53028;12;53042;9;53043;9;53046;10;53036.5;0.0
40;36700;ASH_COATED_OSMIUM;9992;25;;;;;10010;15;;;;;10001.0;0.0
40;36700;INTARIAN_PEPPER_ROOT;53028;12;53027;23;53025;8;53041;8;53044;8;53047;9;53035.0;0.0
40;36800;ASH_COATED_OSMIUM;9991;12;;;;;10009;13;;;;;10000.0;0.0
40;36800;INTARIAN_PEPPER_ROOT;53029;11;53026;10;;;53040;10;53041;8;;;53034.5;0.0
40;36900;ASH_COATED_OSMIUM;9995;27;9992;11;;;10011;3;10012;15;;;10003.0;0.0
40;36900;INTARIAN_PEPPER_ROOT;53033;12;53031;12;53029;8;53046;11;53047;22;53049;17;53040.0;0.0
40;37000;ASH_COATED_OSMIUM;9989;15;;;;;10008;2;;;;;9998.5;0.0
40;37000;INTARIAN_PEPPER_ROOT;53030;11;;;;;53043;11;;;;;53037.0;0.0
40;37100;ASH_COATED_OSMIUM;9987;14;9985;14;9983;13;10003;10;10006;13;10008;14;9995.0;0.0
40;37100;INTARIAN_PEPPER_ROOT;53032;19;53030;10;;;53044;10;53046;9;;;53038.5;0.0
40;37200;ASH_COATED_OSMIUM;9989;28;9988;14;;;10005;13;10007;11;;;9997.5;0.0
40;37200;INTARIAN_PEPPER_ROOT;53033;8;53032;11;;;53045;8;53048;10;;;53039.0;0.0
40;37300;ASH_COATED_OSMIUM;9993;10;;;;;10012;13;;;;;10002.5;0.0
40;37300;INTARIAN_PEPPER_ROOT;53029;9;53027;8;;;53043;9;53045;10;;;53036.0;0.0
40;37400;ASH_COATED_OSMIUM;9991;13;;;;;10007;13;;;;;9999.0;0.0
40;37400;INTARIAN_PEPPER_ROOT;53030;24;;;;;53044;8;;;;;53037.5;0.0
40;37500;ASH_COATED_OSMIUM;9989;12;;;;;10005;11;;;;;9997.5;0.0
40;37500;INTARIAN_PEPPER_ROOT;53030;23;53029;11;53028;12;53043;11;53044;11;53045;9;53037.0;0.0
40;37600;ASH_COATED_OSMIUM;9990;12;9988;15;9986;11;10006;11;10009;11;10012;14;9998.0;0.0
40;37600;INTARIAN_PEPPER_ROOT;53032;12;53030;10;;;53047;10;53050;11;;;53039.5;0.0
40;37700;ASH_COATED_OSMIUM;9985;15;9983;20;;;10006;28;10009;11;;;9996.0;0.0
40;37700;INTARIAN_PEPPER_ROOT;53029;19;53027;10;;;53043;8;53046;9;;;53036.0;0.0
40;37800;ASH_COATED_OSMIUM;9988;10;9987;10;;;10004;29;10005;14;;;9996.5;0.0
40;37800;INTARIAN_PEPPER_ROOT;53033;10;;;;;53046;12;;;;;53040.0;0.0
40;37900;ASH_COATED_OSMIUM;9989;14;9986;21;;;10005;13;10006;28;;;9997.0;0.0
40;37900;INTARIAN_PEPPER_ROOT;53032;12;;;;;53044;10;;;;;53038.5;0.0
40;38000;ASH_COATED_OSMIUM;9990;15;;;;;10009;21;;;;;9999.5;0.0
40;38000;INTARIAN_PEPPER_ROOT;53031;12;53029;16;53027;11;53044;10;53045;8;53047;8;53037.5;0.0
40;38100;ASH_COATED_OSMIUM;9993;12;;;;;10011;12;;;;;10002.0;0.0
40;38100;INTARIAN_PEPPER_ROOT;53032;6;53031;12;;;53044;12;53047;11;;;53038.0;0.0
40;38200;ASH_COATED_OSMIUM;9991;30;9989;29;9986;14;10007;27;10010;14;10013;13;9999.5;0.0
40;38200;INTARIAN_PEPPER_ROOT;53031;12;;;;;53043;11;;;;;53037.5;0.0
40;38300;ASH_COATED_OSMIUM;9987;13;;;;;10003;13;;;;;9995.5;0.0
40;38300;INTARIAN_PEPPER_ROOT;53031;10;;;;;53044;10;;;;;53037.5;0.0
40;38400;ASH_COATED_OSMIUM;9994;14;9993;14;;;10004;12;10007;12;;;9999.5;0.0
40;38400;INTARIAN_PEPPER_ROOT;53034;11;53032;9;;;53048;12;53049;12;;;53041.0;0.0
40;38500;ASH_COATED_OSMIUM;9993;15;;;;;10009;30;;;;;10001.5;0.0
40;38500;INTARIAN_PEPPER_ROOT;53030;11;53028;9;53025;9;53043;11;53046;11;53047;12;53036.5;0.0
40;38600;ASH_COATED_OSMIUM;9992;12;9990;12;9988;10;10008;11;10011;15;10012;27;10000.0;0.0
40;38600;INTARIAN_PEPPER_ROOT;53028;10;53025;11;53024;9;53042;11;53043;12;53046;12;53035.5;0.0
40;38700;ASH_COATED_OSMIUM;9999;14;9998;13;;;10015;13;10017;15;;;10007.0;0.0
40;38700;INTARIAN_PEPPER_ROOT;53034;8;53031;11;53030;17;53047;12;53048;8;53051;9;53040.5;0.0
40;38800;ASH_COATED_OSMIUM;10005;10;;;;;10021;14;;;;;10013.0;0.0
40;38800;INTARIAN_PEPPER_ROOT;53033;11;53031;10;;;53045;10;53048;8;;;53039.5;0.0
40;38900;ASH_COATED_OSMIUM;9999;11;9996;24;9993;15;10017;11;10019;12;10022;12;10008.0;0.0
40;38900;INTARIAN_PEPPER_ROOT;53029;8;;;;;53045;11;;;;;53037.0;0.0
40;39000;ASH_COATED_OSMIUM;9995;2;9994;26;;;10014;13;10016;24;;;10004.5;0.0
40;39000;INTARIAN_PEPPER_ROOT;53033;11;53031;8;;;53047;8;53049;20;;;53040.5;0.0
40;39100;ASH_COATED_OSMIUM;9992;11;9990;12;;;10008;4;10009;12;;;10000.5;0.0
40;39100;INTARIAN_PEPPER_ROOT;53030;8;53027;9;;;53044;11;53047;9;;;53037.5;0.0
40;39200;ASH_COATED_OSMIUM;9990;11;;;;;10008;13;;;;;9999.0;0.0
40;39200;INTARIAN_PEPPER_ROOT;53035;12;53034;19;;;53049;9;53052;9;;;53042.0;0.0
40;39300;ASH_COATED_OSMIUM;9987;13;9986;11;9985;10;10003;13;10006;10;10009;13;9995.5;0.0
40;39300;INTARIAN_PEPPER_ROOT;53038;10;53037;9;53035;23;53042;10;53043;22;53046;8;53040.5;0.0
40;39400;ASH_COATED_OSMIUM;9993;13;;;;;10003;11;;;;;9998.5;0.0
40;39400;INTARIAN_PEPPER_ROOT;53030;12;53027;11;;;53047;21;53048;12;;;53038.5;0.0
40;39500;ASH_COATED_OSMIUM;9991;10;9988;15;;;10007;13;10008;13;;;9999.0;0.0
40;39500;INTARIAN_PEPPER_ROOT;53027;8;53024;10;53023;10;53045;10;53047;10;53048;8;53036.0;0.0
40;39600;ASH_COATED_OSMIUM;9990;30;9987;11;9985;23;10006;13;10008;15;10010;26;9998.5;0.0
40;39600;INTARIAN_PEPPER_ROOT;53033;12;;;;;53047;9;;;;;53040.5;0.0
40;39700;ASH_COATED_OSMIUM;9990;14;9989;12;9986;11;10006;12;10007;3;10008;15;9998.5;0.0
40;39700;INTARIAN_PEPPER_ROOT;53036;8;53035;21;;;53049;11;53052;15;;;53043.0;0.0
40;39800;ASH_COATED_OSMIUM;9996;15;9994;15;9992;14;10015;13;10018;11;10019;14;10005.5;0.0
40;39800;INTARIAN_PEPPER_ROOT;53032;11;;;;;53051;12;;;;;53041.5;0.0
40;39900;ASH_COATED_OSMIUM;9987;11;9986;21;;;10006;12;10009;14;;;9997.0;0.0
40;39900;INTARIAN_PEPPER_ROOT;53033;11;53030;10;53029;12;53045;9;53047;11;53049;12;53039.0;0.0
40;40000;ASH_COATED_OSMIUM;9996;23;;;;;10012;15;;;;;10004.0;0.0
40;40000;INTARIAN_PEPPER_ROOT;53031;11;53029;12;;;53045;8;53047;10;;;53038.5;0.0
40;40100;ASH_COATED_OSMIUM;9993;29;9990;24;;;10009;13;10010;10;;;10001.0;0.0
40;40100;INTARIAN_PEPPER_ROOT;53032;9;;;;;53046;10;;;;;53039.5;0.0
40;40200;ASH_COATED_OSMIUM;9996;10;9994;11;;;10014;13;10016;15;;;10005.5;0.0
40;40200;INTARIAN_PEPPER_ROOT;53032;15;53031;19;53030;16;53046;11;53047;12;53048;22;53039.5;0.0
40;40300;ASH_COATED_OSMIUM;9998;10;9996;15;9993;14;10014;15;10017;26;10019;11;10006.0;0.0
40;40300;INTARIAN_PEPPER_ROOT;53029;12;53028;21;;;53043;22;53044;12;;;53036.5;0.0
40;40400;ASH_COATED_OSMIUM;10000;14;;;;;10010;12;;;;;10005.0;0.0
40;40400;INTARIAN_PEPPER_ROOT;53035;24;53033;18;;;53049;21;53050;15;;;53042.5;0.0
40;40500;ASH_COATED_OSMIUM;9990;13;;;;;10006;10;;;;;9998.5;0.0
40;40500;INTARIAN_PEPPER_ROOT;53032;12;53030;5;;;53052;10;53054;12;;;53042.0;0.0
40;40600;ASH_COATED_OSMIUM;9991;13;9988;12;;;10007;15;10009;11;;;9999.0;0.0
40;40600;INTARIAN_PEPPER_ROOT;53032;20;53031;10;53028;12;53044;8;53047;21;53050;20;53038.0;0.0
40;40700;ASH_COATED_OSMIUM;9986;10;;;;;10002;15;;;;;9994.5;0.0
40;40700;INTARIAN_PEPPER_ROOT;53038;10;;;;;53051;9;;;;;53044.5;0.0
40;40800;ASH_COATED_OSMIUM;9989;23;;;;;10005;10;;;;;9997.5;0.0
40;40800;INTARIAN_PEPPER_ROOT;53037;9;;;;;53049;10;;;;;53043.5;0.0
40;40900;ASH_COATED_OSMIUM;9993;14;;;;;10009;14;;;;;10001.5;0.0
40;40900;INTARIAN_PEPPER_ROOT;53033;10;53030;11;53028;20;53046;12;53048;8;53049;8;53040.0;0.0
40;41000;ASH_COATED_OSMIUM;9987;2;9985;12;;;10003;13;10004;11;;;9995.5;0.0
40;41000;INTARIAN_PEPPER_ROOT;53039;10;53038;11;53035;19;53052;8;53055;9;53056;8;53046.0;0.0
40;41100;ASH_COATED_OSMIUM;9983;4;;;;;9999;21;;;;;9991.0;0.0
40;41100;INTARIAN_PEPPER_ROOT;53033;11;53031;8;;;53050;9;53053;8;;;53041.5;0.0
40;41200;ASH_COATED_OSMIUM;9979;13;9976;14;9974;13;9998;11;10000;11;10001;13;9988.5;0.0
40;41200;INTARIAN_PEPPER_ROOT;53038;8;53036;12;;;53047;12;53050;19;;;53043.0;0.0
40;41300;ASH_COATED_OSMIUM;9984;14;9981;13;;;10000;15;10002;10;;;9992.5;0.0
40;41300;INTARIAN_PEPPER_ROOT;53031;22;;;;;53045;8;;;;;53038.0;0.0
40;41400;ASH_COATED_OSMIUM;9982;5;;;;;10001;22;;;;;9992.0;0.0
40;41400;INTARIAN_PEPPER_ROOT;53033;9;;;;;53048;10;;;;;53041.0;0.0
40;41500;ASH_COATED_OSMIUM;9989;24;9987;11;;;10005;11;10006;12;;;9997.0;0.0
40;41500;INTARIAN_PEPPER_ROOT;53041;12;53040;12;53039;10;53053;9;53056;9;53057;8;53047.5;0.0
40;41600;ASH_COATED_OSMIUM;9985;24;9984;11;;;10001;12;10003;14;;;9993.5;0.0
40;41600;INTARIAN_PEPPER_ROOT;53038;11;53035;9;;;53050;9;53053;10;;;53044.5;0.0
40;41700;ASH_COATED_OSMIUM;9988;10;9985;10;;;9994;25;9997;12;;;9991.0;0.0
40;41700;INTARIAN_PEPPER_ROOT;53038;10;53035;10;;;53050;12;53051;11;;;53044.0;0.0
40;41800;ASH_COATED_OSMIUM;9989;29;;;;;10005;12;;;;;9997.5;0.0
40;41800;INTARIAN_PEPPER_ROOT;53037;23;;;;;53049;19;;;;;53043.5;0.0
40;41900;ASH_COATED_OSMIUM;9991;15;9990;15;9989;13;10009;14;10012;22;10015;22;10000.0;0.0
40;41900;INTARIAN_PEPPER_ROOT;53032;9;53031;8;;;53048;11;53050;8;;;53040.5;0.0
40;42000;ASH_COATED_OSMIUM;9990;4;;;;;10006;13;;;;;9998.0;0.0
40;42000;INTARIAN_PEPPER_ROOT;53035;12;53034;11;;;53047;22;53050;11;;;53041.0;0.0
40;42100;ASH_COATED_OSMIUM;9992;14;9991;12;;;10011;15;10014;10;;;10001.5;0.0
40;42100;INTARIAN_PEPPER_ROOT;53040;9;53037;11;;;53052;9;53054;12;;;53046.0;0.0
40;42200;ASH_COATED_OSMIUM;9993;5;9991;12;9990;13;10012;13;10015;8;10018;15;10003.0;0.0
40;42200;INTARIAN_PEPPER_ROOT;53039;12;53037;10;53034;12;53052;8;53054;12;53056;10;53045.5;0.0
40;42300;ASH_COATED_OSMIUM;9992;12;9989;30;9986;11;10011;15;10014;29;10015;15;10002.0;0.0
40;42300;INTARIAN_PEPPER_ROOT;53038;10;53036;8;53034;21;53053;10;53056;9;53058;12;53045.5;0.0
40;42400;ASH_COATED_OSMIUM;9989;10;9988;13;9986;14;10010;11;10013;14;10015;12;10000.0;0.0
40;42400;INTARIAN_PEPPER_ROOT;53035;12;53034;16;;;53046;8;53047;10;;;53041.0;0.0
40;42500;ASH_COATED_OSMIUM;9994;15;9992;12;9990;12;10010;2;10012;15;10015;10;10002.5;0.0
40;42500;INTARIAN_PEPPER_ROOT;53037;11;53035;10;;;53051;12;53052;10;;;53044.0;0.0
40;42600;ASH_COATED_OSMIUM;9993;15;9991;12;;;10009;13;10012;12;;;10001.5;0.0
40;42600;INTARIAN_PEPPER_ROOT;53035;12;53033;24;53030;11;53049;10;53050;9;53051;8;53042.5;0.0
40;42700;ASH_COATED_OSMIUM;9991;15;9990;12;9988;14;10007;13;10010;20;10012;14;9999.5;0.0
40;42700;INTARIAN_PEPPER_ROOT;53040;10;53037;15;;;53052;12;53053;8;;;53046.5;0.0
40;42800;ASH_COATED_OSMIUM;9989;4;9986;12;9984;4;10005;13;10006;14;10009;14;9997.5;0.0
40;42800;INTARIAN_PEPPER_ROOT;53033;11;53030;9;53027;12;53048;10;53049;23;53051;20;53041.0;0.0
40;42900;ASH_COATED_OSMIUM;9987;10;9985;11;9983;11;10004;10;10005;15;10008;14;9996.0;0.0
40;42900;INTARIAN_PEPPER_ROOT;53041;15;53038;8;;;53053;10;53054;11;;;53047.5;0.0
40;43000;ASH_COATED_OSMIUM;9985;15;;;;;10001;30;;;;;9993.5;0.0
40;43000;INTARIAN_PEPPER_ROOT;53032;11;53031;10;53028;25;53049;11;53052;10;53053;8;53040.5;0.0
40;43100;ASH_COATED_OSMIUM;9990;12;9989;25;9986;11;10003;15;10004;13;10007;12;9996.5;0.0
40;43100;INTARIAN_PEPPER_ROOT;53037;9;53036;11;;;53053;9;53056;18;;;53045.0;0.0
40;43200;ASH_COATED_OSMIUM;9990;28;;;;;10006;10;;;;;9998.0;0.0
40;43200;INTARIAN_PEPPER_ROOT;53036;9;;;;;53051;11;;;;;53043.5;0.0
40;43300;ASH_COATED_OSMIUM;9990;10;9989;15;;;10006;13;10007;15;;;9998.5;0.0
40;43300;INTARIAN_PEPPER_ROOT;53038;12;;;;;53050;8;;;;;53044.5;0.0
40;43400;ASH_COATED_OSMIUM;9986;10;9983;12;;;10005;10;10008;11;;;9996.0;0.0
40;43400;INTARIAN_PEPPER_ROOT;53030;8;53027;9;;;53047;12;53050;10;;;53038.5;0.0
40;43500;ASH_COATED_OSMIUM;9990;28;;;;;10006;14;;;;;9998.5;0.0
40;43500;INTARIAN_PEPPER_ROOT;53037;11;53035;8;53033;16;53051;11;53052;23;53055;8;53044.0;0.0
40;43600;ASH_COATED_OSMIUM;10002;10;10001;14;;;10012;15;10015;14;;;10007.0;0.0
40;43600;INTARIAN_PEPPER_ROOT;53037;12;53034;9;53033;9;53050;9;53053;9;53055;8;53043.5;0.0
40;43700;ASH_COATED_OSMIUM;9999;15;9996;15;;;10018;14;10019;11;;;10008.5;0.0
40;43700;INTARIAN_PEPPER_ROOT;53032;10;53031;9;;;53047;10;53048;9;;;53039.5;0.0
40;43800;ASH_COATED_OSMIUM;9994;13;9992;14;9991;30;10010;13;10013;14;10016;25;10002.5;0.0
40;43800;INTARIAN_PEPPER_ROOT;53035;12;;;;;53050;9;;;;;53042.5;0.0
40;43900;ASH_COATED_OSMIUM;9995;26;9993;10;;;10016;13;10017;14;;;10005.5;0.0
40;43900;INTARIAN_PEPPER_ROOT;53041;10;53038;9;;;53053;10;53056;10;;;53047.0;0.0
40;44000;ASH_COATED_OSMIUM;9995;14;9992;15;;;10013;12;10015;14;;;10004.5;0.0
40;44000;INTARIAN_PEPPER_ROOT;53041;11;;;;;53052;9;;;;;53046.5;0.0
40;44100;ASH_COATED_OSMIUM;9996;13;9993;29;;;10012;11;10015;9;;;10004.0;0.0
40;44100;INTARIAN_PEPPER_ROOT;53040;24;53037;10;53036;12;53053;11;53055;8;53056;12;53047.0;0.0
40;44200;ASH_COATED_OSMIUM;9994;12;;;;;10010;15;;;;;10002.0;0.0
40;44200;INTARIAN_PEPPER_ROOT;53038;12;;;;;53052;11;;;;;53045.5;0.0
40;44300;ASH_COATED_OSMIUM;9996;15;9994;29;9993;30;10012;30;10015;4;10018;12;10004.0;0.0
40;44300;INTARIAN_PEPPER_ROOT;53040;12;;;;;53053;16;;;;;53047.0;0.0
40;44400;ASH_COATED_OSMIUM;10000;24;9998;10;9995;15;10010;15;10013;10;10015;13;10005.5;0.0
40;44400;INTARIAN_PEPPER_ROOT;53041;11;;;;;53055;9;;;;;53048.5;0.0
40;44500;ASH_COATED_OSMIUM;9992;10;9990;11;9989;11;10013;13;10014;11;10017;11;10002.5;0.0
40;44500;INTARIAN_PEPPER_ROOT;53039;12;53038;20;;;53053;10;53056;15;;;53046.0;0.0
40;44600;ASH_COATED_OSMIUM;9987;13;;;;;10006;15;;;;;9997.0;0.0
40;44600;INTARIAN_PEPPER_ROOT;53037;11;53034;3;;;53050;8;53051;18;;;53043.5;0.0
40;44700;ASH_COATED_OSMIUM;9988;15;;;;;10007;12;;;;;9998.0;0.0
40;44700;INTARIAN_PEPPER_ROOT;53037;19;53036;10;;;53049;17;53051;11;;;53043.5;0.0
40;44800;ASH_COATED_OSMIUM;10000;12;9997;12;9994;15;10011;24;10014;10;10015;11;10005.5;0.0
40;44800;INTARIAN_PEPPER_ROOT;53035;8;53034;19;53031;8;53051;11;53053;16;53055;10;53043.0;0.0
40;44900;ASH_COATED_OSMIUM;10001;14;;;;;10017;11;;;;;10009.0;0.0
40;44900;INTARIAN_PEPPER_ROOT;53037;9;53036;10;;;53051;10;53053;20;;;53044.0;0.0
40;45000;ASH_COATED_OSMIUM;9998;12;9997;12;9996;14;10014;21;10015;13;10017;13;10006.0;0.0
40;45000;INTARIAN_PEPPER_ROOT;53041;8;;;;;53053;11;;;;;53047.0;0.0
40;45100;ASH_COATED_OSMIUM;9996;10;9993;13;;;10003;10;10005;12;;;10000.0;0.0
40;45100;INTARIAN_PEPPER_ROOT;53038;12;53037;11;;;53051;10;53054;15;;;53045.0;0.0
40;45200;ASH_COATED_OSMIUM;9996;12;;;;;10012;10;;;;;10004.0;0.0
40;45200;INTARIAN_PEPPER_ROOT;53039;9;;;;;53051;8;;;;;53045.0;0.0
40;45300;ASH_COATED_OSMIUM;9997;10;9996;13;9994;11;10015;15;10016;12;10017;10;10006.5;0.0
40;45300;INTARIAN_PEPPER_ROOT;53041;8;53040;11;53037;9;53054;11;53055;12;53057;9;53047.5;0.0
40;45400;ASH_COATED_OSMIUM;9994;14;9991;13;9988;10;10010;11;10011;11;10013;15;10002.0;0.0
40;45400;INTARIAN_PEPPER_ROOT;53042;11;53041;11;;;53054;8;53056;12;;;53048.5;0.0
40;45500;ASH_COATED_OSMIUM;9993;13;9991;14;9988;13;10009;11;10010;15;10012;12;10001.5;0.0
40;45500;INTARIAN_PEPPER_ROOT;53035;12;53033;12;;;53049;9;53052;8;;;53042.0;0.0
40;45600;ASH_COATED_OSMIUM;9992;10;;;;;10008;15;;;;;10000.0;0.0
40;45600;INTARIAN_PEPPER_ROOT;53036;9;;;;;53048;8;;;;;53042.0;0.0
40;45700;ASH_COATED_OSMIUM;9992;27;9990;23;;;10008;23;10009;15;;;10000.0;0.0
40;45700;INTARIAN_PEPPER_ROOT;53039;10;53037;12;53036;8;53052;10;53055;20;53057;8;53046.0;0.0
40;45800;ASH_COATED_OSMIUM;9994;13;9993;14;;;10012;15;10013;15;;;10003.0;0.0
40;45800;INTARIAN_PEPPER_ROOT;53040;10;53037;10;53035;9;53054;11;53056;10;53057;19;53047.0;0.0
40;45900;ASH_COATED_OSMIUM;9990;12;9989;12;9986;15;10006;11;10007;13;10010;11;9998.5;0.0
40;45900;INTARIAN_PEPPER_ROOT;53037;11;53035;8;53033;11;53050;9;53051;9;53054;10;53043.5;0.0
40;46000;ASH_COATED_OSMIUM;9989;14;;;;;9999;20;;;;;9994.5;0.0
40;46000;INTARIAN_PEPPER_ROOT;53034;12;53033;8;;;53051;9;53054;12;;;53043.0;0.0
40;46100;ASH_COATED_OSMIUM;9988;12;9985;13;9984;11;10004;29;10006;12;10009;11;9996.5;0.0
40;46100;INTARIAN_PEPPER_ROOT;53040;12;53039;10;;;53053;9;53056;10;;;53047.0;0.0
40;46200;ASH_COATED_OSMIUM;9986;12;9985;14;9982;13;10002;12;10003;15;10004;12;9994.0;0.0
40;46200;INTARIAN_PEPPER_ROOT;53043;9;53040;8;53038;11;53056;12;53057;11;53059;11;53050.0;0.0
40;46300;ASH_COATED_OSMIUM;9990;15;9987;13;9985;14;10006;14;10009;11;10011;15;9998.5;0.0
40;46300;INTARIAN_PEPPER_ROOT;53043;9;53040;11;53038;9;53055;12;53056;11;53057;8;53049.0;0.0
40;46400;ASH_COATED_OSMIUM;9987;10;;;;;10003;11;;;;;9995.5;0.0
40;46400;INTARIAN_PEPPER_ROOT;53038;23;53037;9;;;53051;8;53054;12;;;53045.0;0.0
40;46500;ASH_COATED_OSMIUM;9987;11;9985;15;;;10008;12;10010;15;;;9997.5;0.0
40;46500;INTARIAN_PEPPER_ROOT;53044;12;53043;8;;;53056;8;53057;24;;;53050.0;0.0
40;46600;ASH_COATED_OSMIUM;9993;30;9991;10;9990;2;10014;12;10015;12;10017;12;10003.5;0.0
40;46600;INTARIAN_PEPPER_ROOT;53040;8;53037;9;53035;16;53052;15;53053;8;53054;25;53046.0;0.0
40;46700;ASH_COATED_OSMIUM;9999;10;;;;;10017;14;;;;;10008.0;0.0
40;46700;INTARIAN_PEPPER_ROOT;53044;11;53041;12;;;53056;8;53058;11;;;53050.5;0.0
40;46800;ASH_COATED_OSMIUM;10000;9;9997;30;;;10016;12;10018;10;;;10008.0;0.0
40;46800;INTARIAN_PEPPER_ROOT;53047;12;53044;10;;;53049;12;53051;9;;;53048.0;0.0
40;46900;ASH_COATED_OSMIUM;9995;11;;;;;10008;14;;;;;10001.5;0.0
40;46900;INTARIAN_PEPPER_ROOT;53038;12;;;;;53051;8;;;;;53045.0;0.0
40;47000;ASH_COATED_OSMIUM;9993;11;9990;10;;;10011;10;10012;15;;;10002.0;0.0
40;47000;INTARIAN_PEPPER_ROOT;53040;10;53039;10;;;53056;9;53059;17;;;53048.0;0.0
40;47100;ASH_COATED_OSMIUM;9990;11;9987;14;9984;15;10006;11;10009;12;10011;6;9998.5;0.0
40;47100;INTARIAN_PEPPER_ROOT;53038;10;;;;;53055;23;;;;;53046.5;0.0
40;47200;ASH_COATED_OSMIUM;9984;15;9983;13;9982;15;10000;13;10002;10;10005;30;9992.5;0.0
40;47200;INTARIAN_PEPPER_ROOT;53041;8;53040;11;;;53056;11;53059;10;;;53049.0;0.0
40;47300;ASH_COATED_OSMIUM;9992;3;;;;;10008;14;;;;;10000.5;0.0
40;47300;INTARIAN_PEPPER_ROOT;53043;8;53040;10;53037;9;53056;10;53057;25;53058;9;53049.5;0.0
40;47400;ASH_COATED_OSMIUM;9992;30;9990;15;;;10008;29;10009;14;;;10000.0;0.0
40;47400;INTARIAN_PEPPER_ROOT;53040;12;53038;18;;;53054;11;53056;10;;;53047.0;0.0
40;47500;ASH_COATED_OSMIUM;9992;14;9990;13;9987;14;10008;12;10010;15;10013;12;10000.0;0.0
40;47500;INTARIAN_PEPPER_ROOT;53040;16;;;;;53052;8;;;;;53046.5;0.0
40;47600;ASH_COATED_OSMIUM;9993;28;;;;;10009;15;;;;;10001.0;0.0
40;47600;INTARIAN_PEPPER_ROOT;53041;10;;;;;53053;9;;;;;53047.0;0.0
40;47700;ASH_COATED_OSMIUM;9994;10;9991;11;;;10010;27;10012;11;;;10002.0;0.0
40;47700;INTARIAN_PEPPER_ROOT;53044;16;53042;20;53041;23;53056;11;53059;11;53061;11;53050.5;0.0
40;47800;ASH_COATED_OSMIUM;9985;12;9982;13;9980;10;10001;13;10002;11;10003;10;9993.5;0.0
40;47800;INTARIAN_PEPPER_ROOT;53045;11;53043;12;;;53056;17;53059;8;;;53050.5;0.0
40;47900;ASH_COATED_OSMIUM;9988;13;9985;11;9983;3;10000;14;10001;15;10002;2;9994.0;0.0
40;47900;INTARIAN_PEPPER_ROOT;53041;12;53040;10;;;53055;11;53057;9;;;53048.5;0.0
40;48000;ASH_COATED_OSMIUM;9984;13;;;;;10000;13;;;;;9992.0;0.0
40;48000;INTARIAN_PEPPER_ROOT;53040;12;53039;12;;;53052;22;53054;11;;;53046.5;0.0
40;48100;ASH_COATED_OSMIUM;9981;27;9980;10;;;9997;13;10000;14;;;9989.5;0.0
40;48100;INTARIAN_PEPPER_ROOT;53041;12;;;;;53055;12;;;;;53048.5;0.0
40;48200;ASH_COATED_OSMIUM;9983;10;9982;15;9980;14;9999;11;10000;10;10002;12;9991.0;0.0
40;48200;INTARIAN_PEPPER_ROOT;53046;17;53045;18;;;53058;11;53059;12;;;53052.0;0.0
40;48300;ASH_COATED_OSMIUM;9981;13;;;;;10000;14;;;;;9991.0;0.0
40;48300;INTARIAN_PEPPER_ROOT;53044;9;;;;;53058;11;;;;;53051.5;0.0
40;48400;ASH_COATED_OSMIUM;9985;12;9984;4;9983;12;10001;12;10002;15;10003;12;9993.5;0.0
40;48400;INTARIAN_PEPPER_ROOT;53041;10;;;;;53055;11;;;;;53048.5;0.0
40;48500;ASH_COATED_OSMIUM;9988;30;9987;11;9985;12;10004;14;10005;4;10008;13;9996.5;0.0
40;48500;INTARIAN_PEPPER_ROOT;53039;9;53038;11;;;53054;11;53055;11;;;53046.5;0.0
40;48600;ASH_COATED_OSMIUM;9993;13;;;;;10009;11;;;;;10001.5;0.0
40;48600;INTARIAN_PEPPER_ROOT;53044;16;;;;;53055;10;;;;;53049.5;0.0
40;48700;ASH_COATED_OSMIUM;9995;15;;;;;10014;12;;;;;10005.0;0.0
40;48700;INTARIAN_PEPPER_ROOT;53043;21;;;;;53054;11;;;;;53049.0;0.0
40;48800;ASH_COATED_OSMIUM;9993;27;9990;11;9987;10;10009;14;10011;14;10012;30;10001.5;0.0
40;48800;INTARIAN_PEPPER_ROOT;53042;22;53041;11;;;53059;9;53060;8;;;53050.5;0.0
40;48900;ASH_COATED_OSMIUM;9984;11;9982;10;9981;14;10002;13;10004;12;10006;14;9993.0;0.0
40;48900;INTARIAN_PEPPER_ROOT;53043;11;53042;9;;;53057;11;53059;9;;;53050.5;0.0
40;49000;ASH_COATED_OSMIUM;9993;28;;;;;10009;24;;;;;10001.0;0.0
40;49000;INTARIAN_PEPPER_ROOT;53042;8;53041;23;53039;17;53054;8;53056;11;53059;10;53048.5;0.0
40;49100;ASH_COATED_OSMIUM;9990;15;9987;22;9985;4;10006;23;10009;15;10011;10;9998.0;0.0
40;49100;INTARIAN_PEPPER_ROOT;53043;9;53042;8;;;53056;11;53058;8;;;53049.5;0.0
40;49200;ASH_COATED_OSMIUM;9991;15;;;;;10007;10;;;;;9999.5;0.0
40;49200;INTARIAN_PEPPER_ROOT;53045;8;;;;;53060;11;;;;;53052.5;0.0
40;49300;ASH_COATED_OSMIUM;9991;22;9990;12;;;10007;4;10008;10;;;9999.0;0.0
40;49300;INTARIAN_PEPPER_ROOT;53040;11;53038;8;;;53057;8;53058;11;;;53048.5;0.0
40;49400;ASH_COATED_OSMIUM;9988;14;9985;14;;;10004;15;10007;12;;;9996.0;0.0
40;49400;INTARIAN_PEPPER_ROOT;53039;7;53036;11;;;53052;11;53054;9;;;53046.0;0.0
40;49500;ASH_COATED_OSMIUM;9988;21;9986;14;;;10004;15;10005;13;;;9996.5;0.0
40;49500;INTARIAN_PEPPER_ROOT;53043;11;53040;9;53038;12;53056;12;53058;12;53061;10;53050.0;0.0
40;49600;ASH_COATED_OSMIUM;9987;14;;;;;10005;2;;;;;9996.5;0.0
40;49600;INTARIAN_PEPPER_ROOT;53042;10;53039;8;;;53055;10;53058;9;;;53048.5;0.0
40;49700;ASH_COATED_OSMIUM;9992;15;9989;12;;;10008;12;10011;11;;;10000.0;0.0
40;49700;INTARIAN_PEPPER_ROOT;53043;12;;;;;53056;12;;;;;53050.0;0.0
40;49800;ASH_COATED_OSMIUM;9988;24;9987;11;9984;22;10004;12;10005;12;10008;12;9996.0;0.0
40;49800;INTARIAN_PEPPER_ROOT;53047;9;53044;23;;;53060;8;53063;10;;;53054.0;0.0
40;49900;ASH_COATED_OSMIUM;9994;15;;;;;10013;14;;;;;10003.5;0.0
40;49900;INTARIAN_PEPPER_ROOT;53044;10;;;;;53057;25;;;;;53050.5;0.0
40;50000;ASH_COATED_OSMIUM;9987;12;9984;15;;;10003;12;10006;11;;;9995.5;0.0
40;50000;INTARIAN_PEPPER_ROOT;53043;24;;;;;53057;11;;;;;53050.0;0.0
40;50100;ASH_COATED_OSMIUM;9992;10;9991;21;;;10008;13;10010;14;;;10000.0;0.0
40;50100;INTARIAN_PEPPER_ROOT;53046;12;53043;10;;;53061;24;53064;8;;;53053.5;0.0
40;50200;ASH_COATED_OSMIUM;9991;10;9988;14;;;10007;12;10010;14;;;9999.0;0.0
40;50200;INTARIAN_PEPPER_ROOT;53044;12;;;;;53056;12;;;;;53050.0;0.0
40;50300;ASH_COATED_OSMIUM;9993;12;;;;;10009;14;;;;;10001.5;0.0
40;50300;INTARIAN_PEPPER_ROOT;53046;9;53045;7;53043;25;53059;8;53062;10;53064;8;53052.5;0.0
40;50400;ASH_COATED_OSMIUM;9995;13;9993;22;9991;12;10011;15;10013;12;10016;13;10003.5;0.0
40;50400;INTARIAN_PEPPER_ROOT;53045;11;;;;;53059;9;;;;;53052.5;0.0
40;50500;ASH_COATED_OSMIUM;9993;14;;;;;10011;14;;;;;10002.0;0.0
40;50500;INTARIAN_PEPPER_ROOT;53043;10;53042;11;;;53057;6;53059;16;;;53050.5;0.0
40;50600;ASH_COATED_OSMIUM;9985;13;;;;;10006;10;;;;;9995.5;0.0
40;50600;INTARIAN_PEPPER_ROOT;53042;9;53040;11;53037;9;53056;10;53058;9;53061;12;53049.0;0.0
40;50700;ASH_COATED_OSMIUM;9989;10;9988;30;9987;10;10008;10;10010;11;10013;10;9999.0;0.0
40;50700;INTARIAN_PEPPER_ROOT;53042;8;53039;9;;;53053;11;53056;8;;;53048.0;0.0
40;50800;ASH_COATED_OSMIUM;9988;24;9985;14;;;10004;28;10007;15;;;9996.0;0.0
40;50800;INTARIAN_PEPPER_ROOT;53041;20;53039;10;;;53054;17;53056;22;;;53048.0;0.0
40;50900;ASH_COATED_OSMIUM;9993;14;;;;;10012;11;;;;;10003.0;0.0
40;50900;INTARIAN_PEPPER_ROOT;53046;9;53043;10;;;53061;11;53063;12;;;53054.0;0.0
40;51000;ASH_COATED_OSMIUM;9990;11;9989;23;9988;10;10009;14;10011;28;10013;12;9999.5;0.0
40;51000;INTARIAN_PEPPER_ROOT;53045;10;53043;10;53040;12;53058;11;53061;11;53063;22;53052.0;0.0
40;51100;ASH_COATED_OSMIUM;9989;29;9987;11;9984;12;10005;10;10007;15;10008;22;9997.5;0.0
40;51100;INTARIAN_PEPPER_ROOT;53042;12;53041;12;53038;8;53055;9;53057;3;53059;9;53048.5;0.0
40;51200;ASH_COATED_OSMIUM;9984;12;9982;14;9979;11;10000;15;10002;14;10005;12;9992.0;0.0
40;51200;INTARIAN_PEPPER_ROOT;53047;12;;;;;53061;8;;;;;53054.0;0.0
40;51300;ASH_COATED_OSMIUM;9996;11;9994;10;;;10006;6;10008;14;;;10001.5;0.0
40;51300;INTARIAN_PEPPER_ROOT;53042;18;53040;11;53037;17;53059;11;53062;8;53063;22;53050.5;0.0
40;51400;ASH_COATED_OSMIUM;9990;12;9987;10;;;10009;12;10010;23;;;9999.5;0.0
40;51400;INTARIAN_PEPPER_ROOT;53045;11;53044;11;53042;8;53058;12;53060;24;53063;21;53051.5;0.0
40;51500;ASH_COATED_OSMIUM;9996;14;9993;15;;;10015;11;10018;10;;;10006.0;0.0
40;51500;INTARIAN_PEPPER_ROOT;53045;12;53042;8;;;53056;12;53059;20;;;53050.5;0.0
40;51600;ASH_COATED_OSMIUM;9995;24;9994;23;9991;14;10011;10;10014;10;10015;10;10003.0;0.0
40;51600;INTARIAN_PEPPER_ROOT;53046;8;53045;3;;;53062;9;53063;9;;;53054.5;0.0
40;51700;ASH_COATED_OSMIUM;9996;15;9994;15;;;10012;11;10014;10;;;10004.5;0.0
40;51700;INTARIAN_PEPPER_ROOT;53045;11;53044;9;53042;8;53056;9;53059;23;53062;9;53050.5;0.0
40;51800;ASH_COATED_OSMIUM;9993;12;9992;14;;;10012;30;10015;12;;;10002.5;0.0
40;51800;INTARIAN_PEPPER_ROOT;53046;9;53043;10;;;53057;8;53058;10;;;53052.0;0.0
40;51900;ASH_COATED_OSMIUM;9987;14;9986;10;;;10006;10;10008;14;;;9997.0;0.0
40;51900;INTARIAN_PEPPER_ROOT;53044;8;53042;12;53041;8;53058;10;53061;9;53062;21;53051.5;0.0
40;52000;ASH_COATED_OSMIUM;9990;14;;;;;10006;3;;;;;9998.5;0.0
40;52000;INTARIAN_PEPPER_ROOT;53044;3;53042;11;;;53059;9;53062;8;;;53051.5;0.0
40;52100;ASH_COATED_OSMIUM;9995;24;9993;13;;;10014;10;10017;14;;;10004.5;0.0
40;52100;INTARIAN_PEPPER_ROOT;53045;12;53044;8;;;53056;8;53059;12;;;53051.0;0.0
40;52200;ASH_COATED_OSMIUM;9993;14;9991;11;;;10003;14;10005;11;;;9998.0;0.0
40;52200;INTARIAN_PEPPER_ROOT;53048;19;53046;10;;;53059;11;53062;8;;;53053.5;0.0
40;52300;ASH_COATED_OSMIUM;9987;15;;;;;10003;14;;;;;9995.5;0.0
40;52300;INTARIAN_PEPPER_ROOT;53048;8;;;;;53061;8;;;;;53054.5;0.0
40;52400;ASH_COATED_OSMIUM;9985;12;9984;12;9981;2;10001;12;10003;10;10005;13;9993.0;0.0
40;52400;INTARIAN_PEPPER_ROOT;53038;12;53037;8;;;53055;25;53057;11;;;53047.0;0.0
40;52500;ASH_COATED_OSMIUM;9993;4;;;;;10009;13;;;;;10001.0;0.0
40;52500;INTARIAN_PEPPER_ROOT;53042;12;;;;;53055;12;;;;;53049.0;0.0
40;52600;ASH_COATED_OSMIUM;9993;10;9992;13;;;10002;11;10003;14;;;9998.0;0.0
40;52600;INTARIAN_PEPPER_ROOT;53045;8;53042;10;;;53058;9;53059;10;;;53051.5;0.0
40;52700;ASH_COATED_OSMIUM;9987;11;;;;;10003;11;;;;;9995.5;0.0
40;52700;INTARIAN_PEPPER_ROOT;53045;11;53044;11;;;53058;10;53060;9;;;53051.5;0.0
40;52800;ASH_COATED_OSMIUM;9986;12;;;;;10002;25;;;;;9994.5;0.0
40;52800;INTARIAN_PEPPER_ROOT;53042;11;;;;;53055;21;;;;;53049.0;0.0
40;52900;ASH_COATED_OSMIUM;9985;11;9983;5;;;10001;12;10004;10;;;9993.0;0.0
40;52900;INTARIAN_PEPPER_ROOT;53044;20;53043;12;53042;8;53058;19;53059;8;53060;10;53051.5;0.0
40;53000;ASH_COATED_OSMIUM;9985;12;;;;;10003;15;;;;;9994.5;0.0
40;53000;INTARIAN_PEPPER_ROOT;53050;19;53048;22;53045;8;53061;20;53063;9;53064;10;53056.0;0.0
40;53100;ASH_COATED_OSMIUM;9988;14;9985;13;;;10007;10;10009;12;;;9998.0;0.0
40;53100;INTARIAN_PEPPER_ROOT;53045;10;53042;4;;;53059;11;53062;9;;;53052.5;0.0
40;53200;ASH_COATED_OSMIUM;9989;13;;;;;10005;10;;;;;9997.0;0.0
40;53200;INTARIAN_PEPPER_ROOT;53047;20;53044;22;53042;11;53060;9;53062;11;53065;10;53053.5;0.0
40;53300;ASH_COATED_OSMIUM;9988;11;9985;13;;;10004;11;10005;13;;;9996.0;0.0
40;53300;INTARIAN_PEPPER_ROOT;53045;21;;;;;53064;9;;;;;53054.5;0.0
40;53400;ASH_COATED_OSMIUM;9994;10;;;;;10010;14;;;;;10002.5;0.0
40;53400;INTARIAN_PEPPER_ROOT;53054;11;53052;15;53050;9;53057;12;53060;10;53061;11;53055.5;0.0
40;53500;ASH_COATED_OSMIUM;9997;10;9996;15;;;10012;14;10015;15;;;10004.5;0.0
40;53500;INTARIAN_PEPPER_ROOT;53050;8;53047;12;;;53065;21;53068;9;;;53058.0;0.0
40;53600;ASH_COATED_OSMIUM;9995;12;;;;;10011;15;;;;;10003.5;0.0
40;53600;INTARIAN_PEPPER_ROOT;53051;11;;;;;53063;10;;;;;53057.5;0.0
40;53700;ASH_COATED_OSMIUM;10001;10;9998;15;;;10017;13;10018;11;;;10009.5;0.0
40;53700;INTARIAN_PEPPER_ROOT;53050;8;53047;10;53044;8;53065;9;53067;10;53070;8;53057.5;0.0
40;53800;ASH_COATED_OSMIUM;10004;15;10002;14;;;10020;12;10023;13;;;10012.5;0.0
40;53800;INTARIAN_PEPPER_ROOT;53046;12;53044;9;53043;11;53062;12;53064;11;53067;12;53054.5;0.0
40;53900;ASH_COATED_OSMIUM;9998;24;;;;;10014;13;;;;;10006.0;0.0
40;53900;INTARIAN_PEPPER_ROOT;53049;15;;;;;53063;15;;;;;53056.0;0.0
40;54000;ASH_COATED_OSMIUM;9993;15;9991;13;;;10008;11;10010;13;;;10001.0;0.0
40;54000;INTARIAN_PEPPER_ROOT;53045;11;;;;;53058;12;;;;;53051.5;0.0
40;54100;ASH_COATED_OSMIUM;9998;14;9997;22;;;10004;11;10007;10;;;10001.5;0.0
40;54100;INTARIAN_PEPPER_ROOT;53040;12;53038;12;53037;8;53057;17;53058;11;53060;12;53049.0;0.0
40;54200;ASH_COATED_OSMIUM;9994;15;9993;13;9991;10;10013;15;10014;14;10017;12;10004.0;0.0
40;54200;INTARIAN_PEPPER_ROOT;53044;9;53043;11;;;53059;9;53061;8;;;53051.5;0.0
40;54300;ASH_COATED_OSMIUM;9998;12;9997;10;;;10014;11;10017;13;;;10006.5;0.0
40;54300;INTARIAN_PEPPER_ROOT;53045;11;53043;12;53042;8;53065;10;53067;16;53070;8;53055.0;0.0
40;54400;ASH_COATED_OSMIUM;9994;29;9993;11;;;10010;20;10012;15;;;10002.5;0.0
40;54400;INTARIAN_PEPPER_ROOT;53045;11;;;;;53058;10;;;;;53052.0;0.0
40;54500;ASH_COATED_OSMIUM;9993;12;9991;15;;;10009;13;10010;26;;;10001.0;0.0
40;54500;INTARIAN_PEPPER_ROOT;53049;11;53048;23;53046;12;53064;19;53065;11;53068;6;53056.5;0.0
40;54600;ASH_COATED_OSMIUM;9987;10;9986;4;;;10003;14;10005;15;;;9995.0;0.0
40;54600;INTARIAN_PEPPER_ROOT;53046;24;;;;;53060;8;;;;;53053.0;0.0
40;54700;ASH_COATED_OSMIUM;9987;11;9986;10;;;10006;20;10009;2;;;9997.0;0.0
40;54700;INTARIAN_PEPPER_ROOT;53052;11;53051;10;;;53064;11;53066;11;;;53058.0;0.0
40;54800;ASH_COATED_OSMIUM;9990;12;9987;15;;;10006;11;10007;14;;;9998.0;0.0
40;54800;INTARIAN_PEPPER_ROOT;53047;10;53046;19;53043;8;53062;18;53064;23;53065;12;53054.5;0.0
40;54900;ASH_COATED_OSMIUM;9984;10;9982;11;;;10000;10;10003;12;;;9992.0;0.0
40;54900;INTARIAN_PEPPER_ROOT;53046;12;53043;9;53042;8;53060;12;53061;11;53064;10;53053.5;0.0
40;55000;ASH_COATED_OSMIUM;9992;12;;;;;9999;24;;;;;9996.0;0.0
40;55000;INTARIAN_PEPPER_ROOT;53048;9;53047;10;;;53060;11;53062;25;;;53054.0;0.0
40;55100;ASH_COATED_OSMIUM;9984;22;;;;;10000;14;;;;;9992.0;0.0
40;55100;INTARIAN_PEPPER_ROOT;53050;8;53047;9;53046;11;53062;9;53063;9;53065;11;53056.0;0.0
40;55200;ASH_COATED_OSMIUM;9987;10;;;;;10003;15;;;;;9995.0;0.0
40;55200;INTARIAN_PEPPER_ROOT;53049;10;53046;9;53043;10;53062;11;53065;9;53067;10;53055.5;0.0
40;55300;ASH_COATED_OSMIUM;9992;11;;;;;10013;28;;;;;10003.0;0.0
40;55300;INTARIAN_PEPPER_ROOT;53051;8;53050;12;;;53062;12;53065;19;;;53057.0;0.0
40;55400;ASH_COATED_OSMIUM;9993;15;9990;13;;;10009;12;10010;14;;;10001.5;0.0
40;55400;INTARIAN_PEPPER_ROOT;53053;11;53052;10;53049;9;53066;8;53067;9;53070;11;53059.5;0.0
40;55500;ASH_COATED_OSMIUM;9985;12;9984;12;;;10006;12;10007;12;;;9995.5;0.0
40;55500;INTARIAN_PEPPER_ROOT;53052;9;53050;8;;;53062;8;53063;10;;;53057.5;0.0
40;55600;ASH_COATED_OSMIUM;9992;14;;;;;10008;10;;;;;10000.5;0.0
40;55600;INTARIAN_PEPPER_ROOT;53046;9;53044;9;53041;9;53062;12;53064;11;53067;8;53054.0;0.0
40;55700;ASH_COATED_OSMIUM;9995;12;9992;13;9990;15;10011;12;10012;11;10015;13;10003.5;0.0
40;55700;INTARIAN_PEPPER_ROOT;53045;11;53042;12;;;53059;8;53060;12;;;53052.5;0.0
40;55800;ASH_COATED_OSMIUM;9998;14;9995;14;;;10014;12;10017;13;;;10006.0;0.0
40;55800;INTARIAN_PEPPER_ROOT;53047;7;53044;8;;;53062;11;53064;10;;;53054.5;0.0
40;55900;ASH_COATED_OSMIUM;9998;12;9995;12;9992;10;10014;11;10015;27;10018;15;10006.0;0.0
40;55900;INTARIAN_PEPPER_ROOT;53054;12;53053;11;53052;11;53066;12;53069;15;53070;9;53060.0;0.0
40;56000;ASH_COATED_OSMIUM;10001;2;10000;13;;;10017;10;10020;14;;;10009.5;0.0
40;56000;INTARIAN_PEPPER_ROOT;53048;19;53046;9;;;53060;10;53062;8;;;53054.0;0.0
40;56100;ASH_COATED_OSMIUM;10001;12;9999;14;;;10014;11;10016;14;;;10008.0;0.0
40;56100;INTARIAN_PEPPER_ROOT;53049;11;;;;;53060;8;;;;;53055.0;0.0
40;56200;ASH_COATED_OSMIUM;9993;12;;;;;10009;15;;;;;10001.0;0.0
40;56200;INTARIAN_PEPPER_ROOT;53052;9;;;;;53064;12;;;;;53058.0;0.0
40;56300;ASH_COATED_OSMIUM;9990;20;;;;;10009;10;;;;;9999.5;0.0
40;56300;INTARIAN_PEPPER_ROOT;53050;8;53047;10;;;53064;11;53067;8;;;53057.0;0.0
40;56400;ASH_COATED_OSMIUM;9991;3;;;;;10010;5;;;;;10000.5;0.0
40;56400;INTARIAN_PEPPER_ROOT;53050;9;53048;12;;;53062;12;53064;11;;;53056.5;0.0
40;56500;ASH_COATED_OSMIUM;9992;10;;;;;10010;12;;;;;10001.5;0.0
40;56500;INTARIAN_PEPPER_ROOT;53044;8;;;;;53064;8;;;;;53054.0;0.0
40;56600;ASH_COATED_OSMIUM;9997;14;9996;2;;;10013;10;10016;11;;;10005.0;0.0
40;56600;INTARIAN_PEPPER_ROOT;53050;9;53048;16;;;53062;12;53063;12;;;53056.5;0.0
40;56700;ASH_COATED_OSMIUM;9995;15;9993;11;9992;12;10011;12;10012;13;10014;14;10003.0;0.0
40;56700;INTARIAN_PEPPER_ROOT;53050;8;53048;12;53046;21;53062;9;53064;8;53067;8;53056.0;0.0
40;56800;ASH_COATED_OSMIUM;9991;10;9988;10;9986;13;10007;10;10009;12;10010;13;9999.5;0.0
40;56800;INTARIAN_PEPPER_ROOT;53049;9;53046;10;53045;11;53061;16;53062;18;53065;9;53055.0;0.0
40;56900;ASH_COATED_OSMIUM;9992;12;9991;15;;;10008;13;10009;10;;;10000.5;0.0
40;56900;INTARIAN_PEPPER_ROOT;53050;11;53049;11;;;53064;9;53065;12;;;53057.0;0.0
40;57000;ASH_COATED_OSMIUM;9993;14;;;;;10009;13;;;;;10001.5;0.0
40;57000;INTARIAN_PEPPER_ROOT;53050;10;53047;12;;;53064;16;53066;12;;;53057.5;0.0
40;57100;ASH_COATED_OSMIUM;9990;12;9989;15;;;10006;15;10008;15;;;9998.5;0.0
40;57100;INTARIAN_PEPPER_ROOT;53050;10;53048;11;;;53064;8;53066;22;;;53057.5;0.0
40;57200;ASH_COATED_OSMIUM;9985;3;;;;;10001;14;;;;;9993.0;0.0
40;57200;INTARIAN_PEPPER_ROOT;53050;9;53049;8;;;53062;10;53065;11;;;53056.5;0.0
40;57300;ASH_COATED_OSMIUM;9982;11;;;;;9998;13;;;;;9990.0;0.0
40;57300;INTARIAN_PEPPER_ROOT;53051;11;53048;18;53045;8;53063;12;53066;8;53068;9;53057.0;0.0
40;57400;ASH_COATED_OSMIUM;9985;15;9984;13;;;9994;30;9997;14;;;9989.5;0.0
40;57400;INTARIAN_PEPPER_ROOT;53050;11;53047;16;53045;9;53059;12;53060;12;53063;10;53055.0;0.0
40;57500;ASH_COATED_OSMIUM;9986;26;9983;15;;;9995;11;9997;12;;;9990.5;0.0
40;57500;INTARIAN_PEPPER_ROOT;53046;9;53045;9;53043;12;53058;9;53059;11;53060;12;53052.5;0.0
40;57600;ASH_COATED_OSMIUM;9980;27;;;;;9998;14;;;;;9989.5;0.0
40;57600;INTARIAN_PEPPER_ROOT;53050;12;53047;12;;;53066;11;53068;10;;;53058.0;0.0
40;57700;ASH_COATED_OSMIUM;9986;23;9983;15;;;10002;10;10003;14;;;9994.0;0.0
40;57700;INTARIAN_PEPPER_ROOT;53051;8;53048;17;;;53065;8;53068;7;;;53058.5;0.0
40;57800;ASH_COATED_OSMIUM;9985;11;9983;14;;;10004;14;10005;20;;;9995.0;0.0
40;57800;INTARIAN_PEPPER_ROOT;53051;11;53048;8;;;53064;22;53066;10;;;53057.5;0.0
40;57900;ASH_COATED_OSMIUM;9984;13;9981;15;;;10000;13;10002;10;;;9992.5;0.0
40;57900;INTARIAN_PEPPER_ROOT;53046;12;53045;15;;;53065;8;53067;12;;;53056.0;0.0
40;58000;ASH_COATED_OSMIUM;9984;14;9982;12;;;10000;13;10002;15;;;9992.0;0.0
40;58000;INTARIAN_PEPPER_ROOT;53051;11;53048;22;;;53066;12;53068;12;;;53059.0;0.0
40;58100;ASH_COATED_OSMIUM;9984;15;9981;14;;;10000;27;10002;10;;;9992.0;0.0
40;58100;INTARIAN_PEPPER_ROOT;53049;8;;;;;53062;15;;;;;53056.0;0.0
40;58200;ASH_COATED_OSMIUM;9989;20;9986;15;9983;15;9999;10;10000;25;10001;13;9994.5;0.0
40;58200;INTARIAN_PEPPER_ROOT;53050;9;53048;11;;;53068;25;53069;9;;;53059.0;0.0
40;58300;ASH_COATED_OSMIUM;9985;12;;;;;10001;28;;;;;9993.0;0.0
40;58300;INTARIAN_PEPPER_ROOT;53052;11;53049;17;;;53066;12;53068;12;;;53059.5;0.0
40;58400;ASH_COATED_OSMIUM;9990;14;9988;12;9986;11;10006;20;10007;10;10010;14;9998.5;0.0
40;58400;INTARIAN_PEPPER_ROOT;53047;12;;;;;53063;12;;;;;53055.5;0.0
40;58500;ASH_COATED_OSMIUM;9990;10;;;;;10006;11;;;;;9998.0;0.0
40;58500;INTARIAN_PEPPER_ROOT;53051;11;53049;10;;;53064;8;53065;11;;;53058.0;0.0
40;58600;ASH_COATED_OSMIUM;9984;15;9983;10;9982;14;10000;11;10002;14;10004;14;9992.5;0.0
40;58600;INTARIAN_PEPPER_ROOT;53050;11;53049;9;;;53063;12;53065;12;;;53057.0;0.0
40;58700;ASH_COATED_OSMIUM;9988;12;9986;11;9985;15;10004;28;10007;15;10009;10;9996.5;0.0
40;58700;INTARIAN_PEPPER_ROOT;53050;8;53049;10;53046;10;53064;12;53065;8;53066;10;53057.5;0.0
40;58800;ASH_COATED_OSMIUM;9989;30;9988;25;9986;15;10007;26;10010;13;10011;13;9998.5;0.0
40;58800;INTARIAN_PEPPER_ROOT;53052;10;53051;12;53048;12;53069;7;53071;10;53074;19;53061.0;0.0
40;58900;ASH_COATED_OSMIUM;9992;4;9989;25;9987;15;10008;11;10009;15;10012;13;10000.0;0.0
40;58900;INTARIAN_PEPPER_ROOT;53057;12;;;;;53068;9;;;;;53062.5;0.0
40;59000;ASH_COATED_OSMIUM;9991;5;9990;14;;;10007;27;10010;15;;;9999.0;0.0
40;59000;INTARIAN_PEPPER_ROOT;53053;24;53052;8;;;53066;10;53068;8;;;53060.0;0.0
40;59100;ASH_COATED_OSMIUM;9994;12;;;;;10010;12;;;;;10002.5;0.0
40;59100;INTARIAN_PEPPER_ROOT;53055;12;53052;11;53050;11;53067;12;53069;12;53070;17;53061.5;0.0
40;59200;ASH_COATED_OSMIUM;9991;22;9989;12;9988;10;10007;28;10008;29;10009;26;9999.5;0.0
40;59200;INTARIAN_PEPPER_ROOT;53051;10;53049;10;53046;12;53065;16;53066;10;53068;12;53058.5;0.0
40;59300;ASH_COATED_OSMIUM;9989;14;9986;13;9983;15;10005;11;10008;26;10010;11;9997.5;0.0
40;59300;INTARIAN_PEPPER_ROOT;53054;11;;;;;53072;10;;;;;53063.0;0.0
40;59400;ASH_COATED_OSMIUM;9988;13;9987;15;;;10007;12;10008;14;;;9998.0;0.0
40;59400;INTARIAN_PEPPER_ROOT;53052;9;53050;10;;;53065;22;53068;11;;;53058.5;0.0
40;59500;ASH_COATED_OSMIUM;9986;10;9983;14;;;10004;10;10007;15;;;9995.0;0.0
40;59500;INTARIAN_PEPPER_ROOT;53055;8;53052;23;;;53070;15;53073;11;;;53062.5;0.0
40;59600;ASH_COATED_OSMIUM;9987;15;9984;12;;;10005;12;10006;15;;;9996.5;0.0
40;59600;INTARIAN_PEPPER_ROOT;53048;8;53046;10;;;53065;11;53066;15;;;53056.5;0.0
40;59700;ASH_COATED_OSMIUM;9996;20;9994;10;9992;14;10012;14;10014;15;10015;14;10004.0;0.0
40;59700;INTARIAN_PEPPER_ROOT;53049;3;;;;;53062;10;;;;;53056.0;0.0
40;59800;ASH_COATED_OSMIUM;9994;12;;;;;10010;12;;;;;10002.5;0.0
40;59800;INTARIAN_PEPPER_ROOT;53054;18;53051;11;53050;8;53068;11;53070;12;53071;10;53061.5;0.0
40;59900;ASH_COATED_OSMIUM;9992;21;9990;15;9988;15;10008;10;10009;11;10010;11;10000.0;0.0
40;59900;INTARIAN_PEPPER_ROOT;53052;11;53051;9;;;53063;9;53064;10;;;53057.5;0.0
40;60000;ASH_COATED_OSMIUM;9992;25;9990;14;9989;15;10008;13;10010;14;10013;10;10000.0;0.0
40;60000;INTARIAN_PEPPER_ROOT;53053;10;;;;;53065;11;;;;;53059.0;0.0
40;60100;ASH_COATED_OSMIUM;9992;12;;;;;10008;4;;;;;10000.0;0.0
40;60100;INTARIAN_PEPPER_ROOT;53055;9;53054;12;53051;11;53066;9;53068;12;53069;8;53061.0;0.0
40;60200;ASH_COATED_OSMIUM;9995;15;;;;;10011;13;;;;;10003.5;0.0
40;60200;INTARIAN_PEPPER_ROOT;53058;10;53057;11;53054;12;53071;9;53072;18;53074;11;53064.5;0.0
40;60300;ASH_COATED_OSMIUM;9996;10;;;;;10015;14;;;;;10005.5;0.0
40;60300;INTARIAN_PEPPER_ROOT;53056;19;53054;11;53052;12;53069;8;53072;11;53075;10;53063.0;0.0
40;60400;ASH_COATED_OSMIUM;9998;12;;;;;10014;12;;;;;10006.5;0.0
40;60400;INTARIAN_PEPPER_ROOT;53054;9;53052;12;;;53069;10;53072;22;;;53061.5;0.0
40;60500;ASH_COATED_OSMIUM;9996;15;9995;12;9992;14;10014;10;10016;13;10019;11;10005.0;0.0
40;60500;INTARIAN_PEPPER_ROOT;53055;9;53053;10;;;53068;8;53069;9;;;53061.5;0.0
40;60600;ASH_COATED_OSMIUM;9993;13;9992;10;9989;12;10009;10;10011;13;10014;25;10001.0;0.0
40;60600;INTARIAN_PEPPER_ROOT;53053;11;53050;10;;;53069;9;53070;22;;;53061.5;0.0
40;60700;ASH_COATED_OSMIUM;9996;11;9994;10;;;10012;10;10014;10;;;10004.5;0.0
40;60700;INTARIAN_PEPPER_ROOT;53052;9;;;;;53066;11;;;;;53059.5;0.0
40;60800;ASH_COATED_OSMIUM;9993;30;9992;14;;;10009;4;10010;10;;;10001.0;0.0
40;60800;INTARIAN_PEPPER_ROOT;53053;9;;;;;53068;8;;;;;53061.0;0.0
40;60900;ASH_COATED_OSMIUM;9987;13;9984;11;9983;5;10008;12;10010;2;10012;11;9997.5;0.0
40;60900;INTARIAN_PEPPER_ROOT;53060;9;53058;12;;;53063;20;53065;10;;;53061.5;0.0
40;61000;ASH_COATED_OSMIUM;9992;27;9990;13;;;10001;29;10004;15;;;9997.0;0.0
40;61000;INTARIAN_PEPPER_ROOT;53055;12;53054;8;53053;9;53066;12;53068;12;53071;9;53060.5;0.0
40;61100;ASH_COATED_OSMIUM;9995;13;;;;;10011;15;;;;;10003.5;0.0
40;61100;INTARIAN_PEPPER_ROOT;53053;11;53050;11;53049;8;53066;8;53067;10;53070;11;53060.0;0.0
40;61200;ASH_COATED_OSMIUM;9992;13;9990;13;;;10008;15;10010;15;;;10000.5;0.0
40;61200;INTARIAN_PEPPER_ROOT;53053;11;;;;;53068;8;;;;;53060.5;0.0
40;61300;ASH_COATED_OSMIUM;9989;10;9988;13;;;10005;23;10006;11;;;9997.0;0.0
40;61300;INTARIAN_PEPPER_ROOT;53052;10;53051;8;;;53065;11;53066;11;;;53059.0;0.0
40;61400;ASH_COATED_OSMIUM;9984;13;9981;11;;;10000;20;10003;12;;;9992.5;0.0
40;61400;INTARIAN_PEPPER_ROOT;53055;9;53054;12;;;53067;12;53070;10;;;53061.5;0.0
40;61500;ASH_COATED_OSMIUM;9984;15;9983;21;;;10000;13;10001;12;;;9992.0;0.0
40;61500;INTARIAN_PEPPER_ROOT;53053;8;53051;8;;;53070;8;53071;11;;;53061.5;0.0
40;61600;ASH_COATED_OSMIUM;9985;10;;;;;10001;15;;;;;9993.5;0.0
40;61600;INTARIAN_PEPPER_ROOT;53056;16;53054;9;;;53068;12;53069;8;;;53062.0;0.0
40;61700;ASH_COATED_OSMIUM;9989;29;9986;12;9985;11;9998;26;10001;12;10002;13;9994.0;0.0
40;61700;INTARIAN_PEPPER_ROOT;53054;12;53052;12;53051;8;53067;9;53068;19;53069;16;53060.5;0.0
40;61800;ASH_COATED_OSMIUM;9992;10;9991;10;9988;13;9998;30;10001;12;10003;10;9995.5;0.0
40;61800;INTARIAN_PEPPER_ROOT;53055;11;53053;8;;;53067;19;53070;23;;;53061.5;0.0
40;61900;ASH_COATED_OSMIUM;9991;11;;;;;10007;25;;;;;9999.0;0.0
40;61900;INTARIAN_PEPPER_ROOT;53058;8;53057;10;53056;24;53070;10;53073;8;53075;11;53064.5;0.0
40;62000;ASH_COATED_OSMIUM;9987;15;9986;25;;;10005;15;10006;14;;;9996.0;0.0
40;62000;INTARIAN_PEPPER_ROOT;53057;11;53054;11;53052;10;53071;11;53072;8;53075;22;53064.0;0.0
40;62100;ASH_COATED_OSMIUM;9986;13;9985;24;9983;10;10002;10;10005;14;10006;13;9994.0;0.0
40;62100;INTARIAN_PEPPER_ROOT;53056;10;53054;11;53052;12;53068;10;53070;11;53072;12;53062.5;0.0
40;62200;ASH_COATED_OSMIUM;9989;13;9988;13;;;10005;15;10008;11;;;9997.0;0.0
40;62200;INTARIAN_PEPPER_ROOT;53052;11;53051;9;;;53071;8;53073;9;;;53062.0;0.0
40;62300;ASH_COATED_OSMIUM;9985;11;;;;;10004;12;;;;;9994.5;0.0
40;62300;INTARIAN_PEPPER_ROOT;53054;11;53052;8;;;53067;8;53068;9;;;53060.5;0.0
40;62400;ASH_COATED_OSMIUM;9988;11;;;;;10006;15;;;;;9997.5;0.0
40;62400;INTARIAN_PEPPER_ROOT;53056;15;;;;;53069;9;;;;;53062.5;0.0
40;62500;ASH_COATED_OSMIUM;9985;14;;;;;10003;14;;;;;9994.0;0.0
40;62500;INTARIAN_PEPPER_ROOT;53059;10;53057;11;53055;10;53070;12;53071;11;53072;12;53065.0;0.0
40;62600;ASH_COATED_OSMIUM;9984;10;9982;12;;;10003;13;10004;14;;;9994.0;0.0
40;62600;INTARIAN_PEPPER_ROOT;53056;12;;;;;53069;18;;;;;53062.5;0.0
40;62700;ASH_COATED_OSMIUM;9981;10;9980;15;;;9997;12;9998;15;;;9989.0;0.0
40;62700;INTARIAN_PEPPER_ROOT;53059;9;53057;16;;;53072;10;53073;11;;;53066.0;0.0
40;62800;ASH_COATED_OSMIUM;9988;11;9985;29;;;10004;12;10006;11;;;9996.0;0.0
40;62800;INTARIAN_PEPPER_ROOT;53057;17;53054;8;53052;11;53068;8;53071;8;53074;9;53063.0;0.0
40;62900;ASH_COATED_OSMIUM;9990;29;9987;20;;;10006;14;10009;11;;;9998.0;0.0
40;62900;INTARIAN_PEPPER_ROOT;53054;12;53051;12;;;53069;10;53072;12;;;53062.0;0.0
40;63000;ASH_COATED_OSMIUM;9994;28;;;;;10010;12;;;;;10002.0;0.0
40;63000;INTARIAN_PEPPER_ROOT;53052;20;53051;11;53050;12;53068;12;53070;10;53072;23;53060.0;0.0
40;63100;ASH_COATED_OSMIUM;9997;12;9996;14;;;10016;13;10019;22;;;10006.5;0.0
40;63100;INTARIAN_PEPPER_ROOT;53054;9;53053;10;;;53065;22;53068;11;;;53060.0;0.0
40;63200;ASH_COATED_OSMIUM;9997;10;9995;10;;;10016;15;10017;11;;;10006.5;0.0
40;63200;INTARIAN_PEPPER_ROOT;53053;10;53050;8;;;53068;8;53069;18;;;53061.0;0.0
40;63300;ASH_COATED_OSMIUM;9998;12;;;;;10014;13;;;;;10006.5;0.0
40;63300;INTARIAN_PEPPER_ROOT;53054;10;;;;;53068;8;;;;;53061.5;0.0
40;63400;ASH_COATED_OSMIUM;9997;10;;;;;10009;12;;;;;10003.0;0.0
40;63400;INTARIAN_PEPPER_ROOT;53059;25;;;;;53070;11;;;;;53064.5;0.0
40;63500;ASH_COATED_OSMIUM;9988;11;9986;15;;;10004;30;10006;12;;;9996.0;0.0
40;63500;INTARIAN_PEPPER_ROOT;53058;12;53057;10;;;53069;10;53070;23;;;53064.0;0.0
