day;timestamp;product;bid_price_1;bid_volume_1;bid_price_2;bid_volume_2;bid_price_3;bid_volume_3;ask_price_1;ask_volume_1;ask_price_2;ask_volume_2;ask_price_3;ask_volume_3;mid_price;profit_and_loss
36;0;ASH_COATED_OSMIUM;9988;14;9986;28;;;10004;14;10005;9;;;9996.0;0.0
36;0;INTARIAN_PEPPER_ROOT;48995;12;;;;;49008;9;;;;;49002.0;0.0
36;100;ASH_COATED_OSMIUM;9988;13;9985;10;9984;12;10004;15;10007;24;10008;12;9996.5;0.0
36;100;INTARIAN_PEPPER_ROOT;48993;11;48991;7;48988;9;49006;9;49008;12;49010;11;49000.0;0.0
36;200;ASH_COATED_OSMIUM;9985;10;9982;10;9979;11;10001;20;10003;13;10005;22;9993.5;0.0
36;200;INTARIAN_PEPPER_ROOT;48992;12;;;;;49008;12;;;;;49000.5;0.0
36;300;ASH_COATED_OSMIUM;9985;13;9983;14;9981;6;10001;10;10002;26;10003;15;9993.0;0.0
36;300;INTARIAN_PEPPER_ROOT;48991;21;48989;12;48986;18;49005;9;49008;23;49011;11;48998.0;0.0
36;400;ASH_COATED_OSMIUM;9987;10;;;;;10003;29;;;;;9995.0;0.0
36;400;INTARIAN_PEPPER_ROOT;48996;18;48993;11;48991;8;49008;10;49010;12;49012;10;49002.0;0.0
36;500;ASH_COATED_OSMIUM;9991;15;9989;13;9988;29;9997;10;10000;15;10003;13;9994.5;0.0
36;500;INTARIAN_PEPPER_ROOT;48994;9;48991;15;;;49008;21;49009;12;;;49001.5;0.0
36;600;ASH_COATED_OSMIUM;9990;15;9988;27;9985;11;10006;11;10008;26;10010;11;9998.0;0.0
36;600;INTARIAN_PEPPER_ROOT;49002;9;;;;;49007;9;;;;;49004.5;0.0
36;700;ASH_COATED_OSMIUM;9989;10;;;;;10006;7;;;;;9997.5;0.0
36;700;INTARIAN_PEPPER_ROOT;48995;9;48994;12;48992;9;49007;10;49009;9;49012;12;49001.5;0.0
36;800;ASH_COATED_OSMIUM;9988;12;9987;12;9985;14;10006;12;10008;14;10009;15;9997.5;0.0
36;800;INTARIAN_PEPPER_ROOT;48994;8;48992;10;48991;11;49007;10;49008;8;49009;12;49000.5;0.0
36;900;ASH_COATED_OSMIUM;9989;13;;;;;10005;11;;;;;9997.0;0.0
36;900;INTARIAN_PEPPER_ROOT;48995;11;48994;10;48992;9;49007;12;49008;9;49009;10;49001.0;0.0
36;1000;ASH_COATED_OSMIUM;9993;14;9991;13;9989;12;10009;13;10012;11;10013;22;10001.5;0.0
36;1000;INTARIAN_PEPPER_ROOT;48996;9;48994;23;;;49009;8;49010;8;;;49002.5;0.0
36;1100;ASH_COATED_OSMIUM;9995;2;9992;11;;;10011;15;10013;11;;;10003.0;0.0
36;1100;INTARIAN_PEPPER_ROOT;48995;25;48992;12;;;49010;8;49011;22;;;49003.0;0.0
36;1200;ASH_COATED_OSMIUM;9993;11;9990;22;;;10009;11;10012;10;;;10001.5;0.0
36;1200;INTARIAN_PEPPER_ROOT;48996;9;;;;;49008;17;;;;;49002.5;0.0
36;1300;ASH_COATED_OSMIUM;9994;15;;;;;10010;12;;;;;10002.0;0.0
36;1300;INTARIAN_PEPPER_ROOT;49002;18;49001;9;;;49015;11;49017;10;;;49008.5;0.0
36;1400;ASH_COATED_OSMIUM;10000;13;9997;2;;;10016;13;10018;15;;;10008.5;0.0
36;1400;INTARIAN_PEPPER_ROOT;48993;11;48992;9;;;49013;16;49015;9;;;49003.0;0.0
36;1500;ASH_COATED_OSMIUM;9999;5;9996;13;9994;15;10015;10;10016;10;10017;12;10007.0;0.0
36;1500;INTARIAN_PEPPER_ROOT;48995;11;;;;;49009;12;;;;;49002.5;0.0
36;1600;ASH_COATED_OSMIUM;9995;27;;;;;10011;13;;;;;10003.0;0.0
36;1600;INTARIAN_PEPPER_ROOT;48995;12;48994;10;;;49007;8;49010;8;;;49001.0;0.0
36;1700;ASH_COATED_OSMIUM;10000;15;9998;11;;;10005;30;10007;10;;;10002.5;0.0
36;1700;INTARIAN_PEPPER_ROOT;48996;11;48995;10;48993;10;49010;15;49011;10;49013;11;49003.5;0.0
36;1800;ASH_COATED_OSMIUM;9990;11;;;;;10006;10;;;;;9998.5;0.0
36;1800;INTARIAN_PEPPER_ROOT;48995;9;48993;10;;;49009;8;49010;12;;;49002.5;0.0
36;1900;ASH_COATED_OSMIUM;9991;4;9990;22;;;10012;14;10015;10;;;10001.5;0.0
36;1900;INTARIAN_PEPPER_ROOT;48996;12;48994;18;;;49005;23;49006;15;;;49000.5;0.0
36;2000;ASH_COATED_OSMIUM;9998;29;9995;15;;;10014;10;10016;10;;;10006.5;0.0
36;2000;INTARIAN_PEPPER_ROOT;48993;9;;;;;49010;10;;;;;49002.0;0.0
36;2100;ASH_COATED_OSMIUM;10000;14;9999;15;9998;28;10019;30;10021;12;10024;15;10010.0;0.0
36;2100;INTARIAN_PEPPER_ROOT;49001;17;48998;12;;;49012;12;49013;9;;;49006.5;0.0
36;2200;ASH_COATED_OSMIUM;10000;8;9999;15;9998;12;10016;14;10017;13;10018;5;10008.0;0.0
36;2200;INTARIAN_PEPPER_ROOT;48996;10;48993;11;48991;17;49008;9;49009;11;49012;8;49002.5;0.0
36;2300;ASH_COATED_OSMIUM;10001;15;10000;10;;;10017;15;10019;15;;;10009.0;0.0
36;2300;INTARIAN_PEPPER_ROOT;48997;9;;;;;49010;11;;;;;49004.0;0.0
36;2400;ASH_COATED_OSMIUM;9997;13;;;;;10013;14;;;;;10005.5;0.0
36;2400;INTARIAN_PEPPER_ROOT;48994;12;48991;8;;;49011;21;49013;20;;;49002.5;0.0
36;2500;ASH_COATED_OSMIUM;9991;13;;;;;10007;13;;;;;9999.0;0.0
36;2500;INTARIAN_PEPPER_ROOT;48995;22;48992;8;48990;10;49007;8;49009;12;49010;11;49001.5;0.0
36;2600;ASH_COATED_OSMIUM;9988;13;9985;11;9982;15;10006;10;10009;8;10012;29;9997.5;0.0
36;2600;INTARIAN_PEPPER_ROOT;48997;11;;;;;49010;12;;;;;49003.5;0.0
36;2700;ASH_COATED_OSMIUM;9989;10;9986;12;;;10005;20;10007;15;;;9997.5;0.0
36;2700;INTARIAN_PEPPER_ROOT;48995;10;48994;10;48993;10;49006;8;49007;10;49009;11;49001.0;0.0
36;2800;ASH_COATED_OSMIUM;9993;11;9991;12;9990;12;10009;13;10011;11;10014;11;10001.5;0.0
36;2800;INTARIAN_PEPPER_ROOT;48995;8;;;;;49007;8;;;;;49001.5;0.0
36;2900;ASH_COATED_OSMIUM;9993;11;;;;;10009;13;;;;;10001.5;0.0
36;2900;INTARIAN_PEPPER_ROOT;48998;8;;;;;49001;10;;;;;48999.5;0.0
36;3000;ASH_COATED_OSMIUM;9988;23;9985;14;;;10004;14;10007;10;;;9996.5;0.0
36;3000;INTARIAN_PEPPER_ROOT;48997;12;48995;10;;;49012;8;49013;10;;;49005.0;0.0
36;3100;ASH_COATED_OSMIUM;9984;13;9983;5;;;10005;20;10007;21;;;9995.0;0.0
36;3100;INTARIAN_PEPPER_ROOT;48998;12;;;;;49013;23;;;;;49005.5;0.0
36;3200;ASH_COATED_OSMIUM;9981;13;9979;13;9978;14;9999;15;10001;10;10003;10;9990.5;0.0
36;3200;INTARIAN_PEPPER_ROOT;48996;17;48994;23;;;49009;8;49011;11;;;49002.5;0.0
36;3300;ASH_COATED_OSMIUM;9988;12;;;;;10004;12;;;;;9996.0;0.0
36;3300;INTARIAN_PEPPER_ROOT;48995;23;;;;;49007;11;;;;;49001.0;0.0
36;3400;ASH_COATED_OSMIUM;9993;12;9992;10;;;10003;11;10006;14;;;9998.0;0.0
36;3400;INTARIAN_PEPPER_ROOT;48999;11;48998;12;48997;11;49014;11;49015;11;49016;9;49007.0;0.0
36;3500;ASH_COATED_OSMIUM;9990;12;;;;;10006;15;;;;;9998.0;0.0
36;3500;INTARIAN_PEPPER_ROOT;49001;12;48999;8;48998;9;49014;10;49015;11;49016;11;49007.5;0.0
36;3600;ASH_COATED_OSMIUM;9988;28;9987;10;9984;14;10004;10;10006;27;10008;15;9996.0;0.0
36;3600;INTARIAN_PEPPER_ROOT;48997;11;;;;;49009;9;;;;;49003.5;0.0
36;3700;ASH_COATED_OSMIUM;9984;10;9982;11;;;10000;13;10003;10;;;9992.0;0.0
36;3700;INTARIAN_PEPPER_ROOT;48992;25;;;;;49003;12;;;;;48997.5;0.0
36;3800;ASH_COATED_OSMIUM;9983;15;9982;11;9980;12;10001;11;10004;12;10007;11;9992.5;0.0
36;3800;INTARIAN_PEPPER_ROOT;48998;19;48997;10;;;49012;11;49015;8;;;49005.0;0.0
36;3900;ASH_COATED_OSMIUM;9989;5;9988;14;9986;10;10005;12;10006;12;10007;15;9997.0;0.0
36;3900;INTARIAN_PEPPER_ROOT;48997;9;48995;8;48993;8;49010;3;49013;10;49014;10;49004.0;0.0
36;4000;ASH_COATED_OSMIUM;9994;15;;;;;10004;15;;;;;9999.0;0.0
36;4000;INTARIAN_PEPPER_ROOT;48996;3;;;;;49013;11;;;;;49004.5;0.0
36;4100;ASH_COATED_OSMIUM;9987;3;;;;;10003;11;;;;;9995.5;0.0
36;4100;INTARIAN_PEPPER_ROOT;49000;12;;;;;49013;10;;;;;49006.5;0.0
36;4200;ASH_COATED_OSMIUM;9985;22;9984;4;;;10004;15;10005;21;;;9994.5;0.0
36;4200;INTARIAN_PEPPER_ROOT;48998;10;;;;;49010;10;;;;;49004.5;0.0
36;4300;ASH_COATED_OSMIUM;9981;15;9979;28;;;9999;12;10000;15;;;9990.5;0.0
36;4300;INTARIAN_PEPPER_ROOT;49002;11;49000;9;48997;10;49014;9;49016;9;49019;10;49008.0;0.0
36;4400;ASH_COATED_OSMIUM;9992;11;9991;14;;;10008;29;10011;12;;;10000.5;0.0
36;4400;INTARIAN_PEPPER_ROOT;48996;8;48994;10;;;49012;12;49014;11;;;49004.0;0.0
36;4500;ASH_COATED_OSMIUM;10001;11;10000;14;9998;11;10010;15;10011;11;10012;11;10005.5;0.0
36;4500;INTARIAN_PEPPER_ROOT;48997;10;;;;;49010;11;;;;;49003.5;0.0
36;4600;ASH_COATED_OSMIUM;9998;28;9996;26;;;10014;11;10017;11;;;10006.0;0.0
36;4600;INTARIAN_PEPPER_ROOT;48996;9;48995;20;48994;9;49008;21;49009;12;49011;10;49002.0;0.0
36;4700;ASH_COATED_OSMIUM;9988;15;;;;;10007;4;;;;;9997.5;0.0
36;4700;INTARIAN_PEPPER_ROOT;49001;8;49000;12;48999;9;49013;12;49015;9;49018;9;49007.5;0.0
36;4800;ASH_COATED_OSMIUM;9992;11;9989;12;;;10008;10;10009;13;;;10000.5;0.0
36;4800;INTARIAN_PEPPER_ROOT;48996;8;48995;10;;;49015;12;49018;11;;;49006.0;0.0
36;4900;ASH_COATED_OSMIUM;9994;27;;;;;10010;10;;;;;10002.0;0.0
36;4900;INTARIAN_PEPPER_ROOT;48997;12;48996;9;48995;8;49009;11;49010;11;49011;9;49003.0;0.0
36;5000;ASH_COATED_OSMIUM;9994;13;;;;;10010;10;;;;;10002.0;0.0
36;5000;INTARIAN_PEPPER_ROOT;49005;10;49002;11;49001;10;49017;4;49020;8;49023;19;49011.0;0.0
36;5100;ASH_COATED_OSMIUM;10004;20;;;;;10010;14;;;;;10007.5;0.0
36;5100;INTARIAN_PEPPER_ROOT;48996;9;;;;;49010;8;;;;;49003.0;0.0
36;5200;ASH_COATED_OSMIUM;9994;12;9993;15;;;10004;14;10006;14;;;9999.0;0.0
36;5200;INTARIAN_PEPPER_ROOT;48997;10;48994;8;48992;9;49010;11;49011;10;49014;11;49003.5;0.0
36;5300;ASH_COATED_OSMIUM;9986;14;9984;13;;;10002;5;10005;5;;;9994.5;0.0
36;5300;INTARIAN_PEPPER_ROOT;48999;11;48996;12;48993;12;49010;10;49012;9;49013;11;49005.0;0.0
36;5400;ASH_COATED_OSMIUM;9987;15;9986;15;;;10003;21;10006;21;;;9995.5;0.0
36;5400;INTARIAN_PEPPER_ROOT;49000;10;48999;10;48997;12;49013;8;49014;20;49015;20;49007.0;0.0
36;5500;ASH_COATED_OSMIUM;9986;14;9983;14;9981;14;10005;14;10007;11;10008;15;9996.0;0.0
36;5500;INTARIAN_PEPPER_ROOT;49001;23;49000;12;;;49014;11;49016;9;;;49007.5;0.0
36;5600;ASH_COATED_OSMIUM;9989;12;9986;28;;;10008;10;10011;10;;;9998.5;0.0
36;5600;INTARIAN_PEPPER_ROOT;48997;11;48995;11;;;49009;10;49011;11;;;49003.5;0.0
36;5700;ASH_COATED_OSMIUM;9991;10;9988;30;9985;10;10009;13;10011;10;10012;10;10000.5;0.0
36;5700;INTARIAN_PEPPER_ROOT;48999;10;;;;;49012;12;;;;;49006.0;0.0
36;5800;ASH_COATED_OSMIUM;9990;15;;;;;10009;5;;;;;9999.5;0.0
36;5800;INTARIAN_PEPPER_ROOT;48997;12;;;;;49012;10;;;;;49005.0;0.0
36;5900;ASH_COATED_OSMIUM;9996;13;9995;28;;;10015;14;10016;12;;;10006.0;0.0
36;5900;INTARIAN_PEPPER_ROOT;49003;9;49000;9;48997;25;49009;8;49010;9;49013;12;49006.5;0.0
36;6000;ASH_COATED_OSMIUM;9998;12;9996;14;;;10016;13;10019;21;;;10007.5;0.0
36;6000;INTARIAN_PEPPER_ROOT;49000;8;48999;11;;;49013;25;49016;10;;;49007.0;0.0
36;6100;ASH_COATED_OSMIUM;9999;14;9997;10;;;10015;4;10016;3;;;10007.5;0.0
36;6100;INTARIAN_PEPPER_ROOT;49002;12;;;;;49014;17;;;;;49008.5;0.0
36;6200;ASH_COATED_OSMIUM;9998;10;9996;29;9995;15;10014;29;10017;13;10020;10;10006.0;0.0
36;6200;INTARIAN_PEPPER_ROOT;49003;11;;;;;49015;8;;;;;49009.0;0.0
36;6300;ASH_COATED_OSMIUM;9992;10;9991;11;9988;13;10008;13;10009;20;10012;21;10000.0;0.0
36;6300;INTARIAN_PEPPER_ROOT;49002;12;;;;;49014;9;;;;;49008.5;0.0
36;6400;ASH_COATED_OSMIUM;9984;5;9983;15;9981;10;10000;10;10002;24;10005;14;9992.5;0.0
36;6400;INTARIAN_PEPPER_ROOT;49002;11;49000;8;48997;11;49015;17;49018;22;49020;21;49008.5;0.0
36;6500;ASH_COATED_OSMIUM;9985;13;;;;;9992;10;;;;;9989.0;0.0
36;6500;INTARIAN_PEPPER_ROOT;48999;11;48997;10;;;49012;10;49013;9;;;49006.0;0.0
36;6600;ASH_COATED_OSMIUM;9981;10;9980;13;;;9997;26;9999;13;;;9989.5;0.0
36;6600;INTARIAN_PEPPER_ROOT;48999;12;;;;;49011;10;;;;;49005.0;0.0
36;6700;ASH_COATED_OSMIUM;9982;10;9981;22;;;10001;12;10002;14;;;9991.5;0.0
36;6700;INTARIAN_PEPPER_ROOT;49003;25;49000;12;;;49014;12;49017;9;;;49008.5;0.0
36;6800;ASH_COATED_OSMIUM;9985;13;9983;5;;;10001;11;10003;14;;;9993.0;0.0
36;6800;INTARIAN_PEPPER_ROOT;48998;4;;;;;49012;9;;;;;49005.0;0.0
36;6900;ASH_COATED_OSMIUM;9981;15;;;;;9997;29;;;;;9989.5;0.0
36;6900;INTARIAN_PEPPER_ROOT;49005;8;49004;11;49002;9;49017;10;49018;8;49019;22;49011.0;0.0
36;7000;ASH_COATED_OSMIUM;9985;14;9982;12;;;10001;11;10004;23;;;9993.0;0.0
36;7000;INTARIAN_PEPPER_ROOT;49004;12;;;;;49016;10;;;;;49010.5;0.0
36;7100;ASH_COATED_OSMIUM;9988;14;9987;15;9984;11;10004;15;10007;13;10010;10;9996.0;0.0
36;7100;INTARIAN_PEPPER_ROOT;48999;9;48998;11;;;49012;10;49013;11;;;49006.0;0.0
36;7200;ASH_COATED_OSMIUM;9988;14;9987;11;9985;11;9998;29;10001;15;10002;28;9993.0;0.0
36;7200;INTARIAN_PEPPER_ROOT;48999;8;48997;10;;;49016;11;49017;10;;;49008.0;0.0
36;7300;ASH_COATED_OSMIUM;9985;10;9982;23;9981;27;10001;10;10002;12;10004;11;9993.0;0.0
36;7300;INTARIAN_PEPPER_ROOT;49004;11;;;;;49016;8;;;;;49010.5;0.0
36;7400;ASH_COATED_OSMIUM;9989;15;;;;;10007;10;;;;;9998.5;0.0
36;7400;INTARIAN_PEPPER_ROOT;49003;22;49001;10;48998;9;49017;10;49020;9;49021;12;49010.0;0.0
36;7500;ASH_COATED_OSMIUM;9991;14;;;;;10007;10;;;;;9999.0;0.0
36;7500;INTARIAN_PEPPER_ROOT;49004;9;49002;18;;;49016;18;49019;22;;;49010.0;0.0
36;7600;ASH_COATED_OSMIUM;9990;8;9989;12;9987;11;10006;10;10009;10;10012;24;9998.0;0.0
36;7600;INTARIAN_PEPPER_ROOT;49003;8;49000;8;;;49015;9;49018;11;;;49009.5;0.0
36;7700;ASH_COATED_OSMIUM;10000;13;9999;15;9997;12;10006;11;10007;30;10009;10;10003.0;0.0
36;7700;INTARIAN_PEPPER_ROOT;48998;9;;;;;49014;8;;;;;49006.0;0.0
36;7800;ASH_COATED_OSMIUM;9995;15;9993;11;;;10011;10;10013;14;;;10003.5;0.0
36;7800;INTARIAN_PEPPER_ROOT;49002;18;49000;20;;;49016;20;49019;9;;;49009.0;0.0
36;7900;ASH_COATED_OSMIUM;9993;13;;;;;10009;11;;;;;10001.5;0.0
36;7900;INTARIAN_PEPPER_ROOT;49003;8;;;;;49015;11;;;;;49009.0;0.0
36;8000;ASH_COATED_OSMIUM;9994;11;9993;14;9990;13;10010;14;10012;12;10013;15;10002.0;0.0
36;8000;INTARIAN_PEPPER_ROOT;48996;9;48994;9;;;49009;10;49012;18;;;49003.0;0.0
36;8100;ASH_COATED_OSMIUM;9998;14;9997;11;9996;15;10016;25;10019;10;10020;10;10007.5;0.0
36;8100;INTARIAN_PEPPER_ROOT;49004;11;49003;10;;;49017;18;49020;12;;;49010.5;0.0
36;8200;ASH_COATED_OSMIUM;9997;14;9996;21;;;10013;10;10016;15;;;10005.5;0.0
36;8200;INTARIAN_PEPPER_ROOT;49001;8;;;;;49017;10;;;;;49009.0;0.0
36;8300;ASH_COATED_OSMIUM;10000;30;9998;15;9995;11;10016;14;10019;21;10021;15;10008.5;0.0
36;8300;INTARIAN_PEPPER_ROOT;48999;10;48996;10;;;49010;10;49011;11;;;49004.5;0.0
36;8400;ASH_COATED_OSMIUM;10000;12;9999;13;;;10016;13;10017;20;;;10008.0;0.0
36;8400;INTARIAN_PEPPER_ROOT;49003;24;49002;8;49000;9;49015;12;49017;8;49019;9;49009.5;0.0
36;8500;ASH_COATED_OSMIUM;9996;29;9993;12;9990;10;10014;11;10017;10;10020;15;10005.5;0.0
36;8500;INTARIAN_PEPPER_ROOT;49001;11;;;;;49014;8;;;;;49008.0;0.0
36;8600;ASH_COATED_OSMIUM;10002;13;10000;21;9999;30;10018;12;10019;14;10020;14;10010.5;0.0
36;8600;INTARIAN_PEPPER_ROOT;49002;11;49000;15;48999;11;49015;3;49018;12;49020;7;49009.0;0.0
36;8700;ASH_COATED_OSMIUM;9999;14;9997;11;;;10015;15;10016;29;;;10007.0;0.0
36;8700;INTARIAN_PEPPER_ROOT;49001;12;;;;;49014;8;;;;;49008.0;0.0
36;8800;ASH_COATED_OSMIUM;9996;24;9993;25;;;10012;14;10013;14;;;10004.0;0.0
36;8800;INTARIAN_PEPPER_ROOT;49006;12;49003;11;49001;11;49019;12;49020;8;49022;8;49013.0;0.0
36;8900;ASH_COATED_OSMIUM;9994;10;9992;12;;;10010;11;10011;13;;;10002.0;0.0
36;8900;INTARIAN_PEPPER_ROOT;49000;11;48998;12;48996;11;49016;11;49017;15;49019;11;49008.0;0.0
36;9000;ASH_COATED_OSMIUM;9992;14;9989;15;9986;11;10011;13;10014;14;10017;10;10002.0;0.0
36;9000;INTARIAN_PEPPER_ROOT;49003;10;;;;;49015;4;;;;;49009.5;0.0
36;9100;ASH_COATED_OSMIUM;9991;12;9990;15;9989;15;10007;13;10009;11;10012;11;9999.0;0.0
36;9100;INTARIAN_PEPPER_ROOT;49000;8;;;;;49014;10;;;;;49007.5;0.0
36;9200;ASH_COATED_OSMIUM;9995;13;;;;;10011;15;;;;;10003.0;0.0
36;9200;INTARIAN_PEPPER_ROOT;49004;11;49001;11;48998;9;49016;12;49019;10;49020;18;49010.0;0.0
36;9300;ASH_COATED_OSMIUM;9995;15;;;;;10011;14;;;;;10003.0;0.0
36;9300;INTARIAN_PEPPER_ROOT;48999;8;48998;17;48995;10;49011;10;49014;12;49016;12;49005.5;0.0
36;9400;ASH_COATED_OSMIUM;9997;10;;;;;10013;13;;;;;10005.0;0.0
36;9400;INTARIAN_PEPPER_ROOT;49004;8;49003;9;;;49016;9;49018;9;;;49010.5;0.0
36;9500;ASH_COATED_OSMIUM;10001;13;9998;13;9996;14;10019;14;10021;15;10024;10;10010.0;0.0
36;9500;INTARIAN_PEPPER_ROOT;49002;19;49000;11;;;49018;22;49019;12;;;49010.5;0.0
36;9600;ASH_COATED_OSMIUM;10006;21;;;;;10022;15;;;;;10014.5;0.0
36;9600;INTARIAN_PEPPER_ROOT;49003;10;49000;20;48998;23;49016;12;49017;12;49019;9;49009.5;0.0
36;9700;ASH_COATED_OSMIUM;10003;12;10002;12;;;10021;10;10022;11;;;10012.5;0.0
36;9700;INTARIAN_PEPPER_ROOT;49003;12;;;;;49014;10;;;;;49008.5;0.0
36;9800;ASH_COATED_OSMIUM;10003;14;;;;;10014;10;;;;;10009.0;0.0
36;9800;INTARIAN_PEPPER_ROOT;49003;8;;;;;49017;8;;;;;49010.0;0.0
36;9900;ASH_COATED_OSMIUM;9999;14;;;;;10015;13;;;;;10007.0;0.0
36;9900;INTARIAN_PEPPER_ROOT;49002;16;;;;;49017;16;;;;;49010.0;0.0
36;10000;ASH_COATED_OSMIUM;9992;10;;;;;10013;13;;;;;10003.0;0.0
36;10000;INTARIAN_PEPPER_ROOT;49003;8;;;;;49016;15;;;;;49009.5;0.0
36;10100;ASH_COATED_OSMIUM;9990;11;9988;26;;;10009;11;10012;20;;;10000.0;0.0
36;10100;INTARIAN_PEPPER_ROOT;49002;9;49000;17;48998;10;49015;8;49017;10;49019;8;49008.5;0.0
36;10200;ASH_COATED_OSMIUM;9988;12;;;;;10007;10;;;;;9997.5;0.0
36;10200;INTARIAN_PEPPER_ROOT;49002;12;48999;12;48997;12;49019;9;49020;10;49023;10;49011.0;0.0
36;10300;ASH_COATED_OSMIUM;9987;12;9984;15;9981;14;10003;14;10004;15;10005;5;9995.5;0.0
36;10300;INTARIAN_PEPPER_ROOT;49001;24;49000;9;;;49013;10;49015;10;;;49007.5;0.0
36;10400;ASH_COATED_OSMIUM;9992;11;;;;;10002;13;;;;;9997.0;0.0
36;10400;INTARIAN_PEPPER_ROOT;49010;22;49008;10;49007;25;49012;12;49015;11;49018;10;49011.0;0.0
36;10500;ASH_COATED_OSMIUM;9993;20;;;;;10003;15;;;;;9998.5;0.0
36;10500;INTARIAN_PEPPER_ROOT;49005;17;49002;9;48999;16;49021;25;49023;10;49026;12;49013.0;0.0
36;10600;ASH_COATED_OSMIUM;9990;27;9989;12;;;10006;15;10008;28;;;9998.5;0.0
36;10600;INTARIAN_PEPPER_ROOT;49007;10;49004;9;;;49021;8;49024;24;;;49014.5;0.0
36;10700;ASH_COATED_OSMIUM;9990;24;9988;12;9987;12;10006;14;10009;10;10011;13;9998.0;0.0
36;10700;INTARIAN_PEPPER_ROOT;49001;20;49000;11;;;49016;10;49017;9;;;49008.5;0.0
36;10800;ASH_COATED_OSMIUM;9985;13;;;;;10006;15;;;;;9996.0;0.0
36;10800;INTARIAN_PEPPER_ROOT;49005;8;49004;9;49002;10;49019;10;49020;9;49021;10;49012.0;0.0
36;10900;ASH_COATED_OSMIUM;9984;10;9983;11;;;10000;14;10002;15;;;9992.0;0.0
36;10900;INTARIAN_PEPPER_ROOT;49005;18;49004;8;;;49018;12;49019;22;;;49012.0;0.0
36;11000;ASH_COATED_OSMIUM;9994;11;9991;12;;;10012;15;10014;21;;;10003.5;0.0
36;11000;INTARIAN_PEPPER_ROOT;49004;12;;;;;49017;8;;;;;49011.0;0.0
36;11100;ASH_COATED_OSMIUM;9989;11;;;;;10007;2;;;;;9998.5;0.0
36;11100;INTARIAN_PEPPER_ROOT;49006;9;49004;15;;;49020;10;49023;19;;;49013.0;0.0
36;11200;ASH_COATED_OSMIUM;9991;12;9988;29;9987;14;10007;12;10008;10;10010;12;9999.5;0.0
36;11200;INTARIAN_PEPPER_ROOT;49004;10;;;;;49017;8;;;;;49010.5;0.0
36;11300;ASH_COATED_OSMIUM;9990;10;9988;15;;;10008;12;10009;11;;;9999.0;0.0
36;11300;INTARIAN_PEPPER_ROOT;49006;10;;;;;49019;12;;;;;49012.5;0.0
36;11400;ASH_COATED_OSMIUM;9996;12;9995;13;9993;12;10012;14;10014;13;10015;25;10004.5;0.0
36;11400;INTARIAN_PEPPER_ROOT;49007;16;49005;12;;;49020;8;49021;8;;;49013.5;0.0
36;11500;ASH_COATED_OSMIUM;9993;10;9991;29;;;10009;13;10012;11;;;10001.0;0.0
36;11500;INTARIAN_PEPPER_ROOT;49005;12;49002;8;49000;12;49021;8;49022;15;49024;18;49013.5;0.0
36;11600;ASH_COATED_OSMIUM;9996;11;9994;14;;;10012;13;10013;12;;;10004.0;0.0
36;11600;INTARIAN_PEPPER_ROOT;49007;11;49005;9;;;49019;11;49022;12;;;49013.5;0.0
36;11700;ASH_COATED_OSMIUM;9994;14;9993;11;;;10010;10;10013;15;;;10002.0;0.0
36;11700;INTARIAN_PEPPER_ROOT;49006;9;49005;5;49003;6;49019;10;49021;8;49023;10;49013.0;0.0
36;11800;ASH_COATED_OSMIUM;9991;13;9990;13;;;10007;13;10009;10;;;9999.5;0.0
36;11800;INTARIAN_PEPPER_ROOT;49005;12;49002;11;49000;11;49019;8;49021;19;49022;11;49012.5;0.0
36;11900;ASH_COATED_OSMIUM;9988;15;9985;14;;;10007;14;10010;14;;;9997.5;0.0
36;11900;INTARIAN_PEPPER_ROOT;49005;12;;;;;49018;12;;;;;49012.0;0.0
36;12000;ASH_COATED_OSMIUM;9990;14;9988;14;;;10008;10;10009;15;;;9999.5;0.0
36;12000;INTARIAN_PEPPER_ROOT;49005;11;;;;;49019;10;;;;;49012.0;0.0
36;12100;ASH_COATED_OSMIUM;9990;13;9987;30;9984;10;10005;10;10008;14;10009;14;9997.5;0.0
36;12100;INTARIAN_PEPPER_ROOT;49003;11;;;;;49017;10;;;;;49010.5;0.0
36;12200;ASH_COATED_OSMIUM;9989;13;9988;30;;;10007;14;10010;10;;;9998.5;0.0
36;12200;INTARIAN_PEPPER_ROOT;49007;11;;;;;49024;11;;;;;49016.0;0.0
36;12300;ASH_COATED_OSMIUM;9990;10;9987;13;9986;11;10008;13;10011;10;10013;14;9999.5;0.0
36;12300;INTARIAN_PEPPER_ROOT;49007;9;;;;;49019;12;;;;;49013.5;0.0
36;12400;ASH_COATED_OSMIUM;9989;13;9987;21;9985;15;10005;14;10008;14;10010;11;9997.5;0.0
36;12400;INTARIAN_PEPPER_ROOT;49011;9;;;;;49023;24;;;;;49017.5;0.0
36;12500;ASH_COATED_OSMIUM;9987;13;;;;;10006;3;;;;;9997.0;0.0
36;12500;INTARIAN_PEPPER_ROOT;49006;11;;;;;49020;12;;;;;49013.0;0.0
36;12600;ASH_COATED_OSMIUM;9991;15;;;;;10007;14;;;;;9999.5;0.0
36;12600;INTARIAN_PEPPER_ROOT;49006;12;;;;;49018;17;;;;;49012.0;0.0
36;12700;ASH_COATED_OSMIUM;9992;13;;;;;10010;11;;;;;10001.0;0.0
36;12700;INTARIAN_PEPPER_ROOT;49007;10;49005;8;49003;8;49020;18;49022;9;49024;10;49014.0;0.0
36;12800;ASH_COATED_OSMIUM;9995;15;9993;15;;;10011;15;10014;10;;;10003.5;0.0
36;12800;INTARIAN_PEPPER_ROOT;49011;12;;;;;49024;8;;;;;49017.5;0.0
36;12900;ASH_COATED_OSMIUM;9993;11;9990;15;9988;12;10011;29;10012;14;10013;12;10002.5;0.0
36;12900;INTARIAN_PEPPER_ROOT;49014;19;;;;;49017;12;;;;;49016.0;0.0
36;13000;ASH_COATED_OSMIUM;9997;10;9995;25;9993;12;10013;13;10015;10;10018;23;10005.0;0.0
36;13000;INTARIAN_PEPPER_ROOT;49010;10;;;;;49022;8;;;;;49016.0;0.0
36;13100;ASH_COATED_OSMIUM;9999;14;;;;;10015;11;;;;;10007.0;0.0
36;13100;INTARIAN_PEPPER_ROOT;49005;12;;;;;49018;19;;;;;49012.0;0.0
36;13200;ASH_COATED_OSMIUM;9999;23;9997;14;;;10009;10;10010;13;;;10004.0;0.0
36;13200;INTARIAN_PEPPER_ROOT;49006;10;;;;;49017;8;;;;;49011.5;0.0
36;13300;ASH_COATED_OSMIUM;10000;4;;;;;10016;13;;;;;10008.5;0.0
36;13300;INTARIAN_PEPPER_ROOT;49007;8;;;;;49019;11;;;;;49013.0;0.0
36;13400;ASH_COATED_OSMIUM;9998;14;9996;15;9994;11;10014;10;10016;14;10017;13;10006.0;0.0
36;13400;INTARIAN_PEPPER_ROOT;49004;12;49002;22;;;49019;11;49021;9;;;49011.5;0.0
36;13500;ASH_COATED_OSMIUM;9991;14;9988;15;;;10010;14;10012;10;;;10001.0;0.0
36;13500;INTARIAN_PEPPER_ROOT;49008;9;;;;;49020;12;;;;;49014.5;0.0
36;13600;ASH_COATED_OSMIUM;9993;15;9992;25;;;10011;14;10013;3;;;10002.5;0.0
36;13600;INTARIAN_PEPPER_ROOT;49011;9;49010;25;49008;15;49023;16;49026;11;49028;9;49017.0;0.0
36;13700;ASH_COATED_OSMIUM;9999;13;;;;;10015;11;;;;;10007.0;0.0
36;13700;INTARIAN_PEPPER_ROOT;49005;11;49002;12;49001;10;49019;8;49021;10;49022;9;49012.5;0.0
36;13800;ASH_COATED_OSMIUM;9993;12;9990;13;;;10012;11;10013;11;;;10003.0;0.0
36;13800;INTARIAN_PEPPER_ROOT;49008;22;49007;9;49006;8;49026;9;49029;10;49030;11;49017.5;0.0
36;13900;ASH_COATED_OSMIUM;9997;21;9995;12;9992;3;10013;23;10016;15;10018;14;10005.0;0.0
36;13900;INTARIAN_PEPPER_ROOT;49002;9;49001;25;;;49018;12;49021;12;;;49010.5;0.0
36;14000;ASH_COATED_OSMIUM;9995;13;9994;24;;;10011;29;10012;10;;;10003.0;0.0
36;14000;INTARIAN_PEPPER_ROOT;49005;8;49004;12;49003;9;49021;8;49022;23;49023;8;49013.5;0.0
36;14100;ASH_COATED_OSMIUM;10002;13;10001;12;;;10021;15;10022;10;;;10011.5;0.0
36;14100;INTARIAN_PEPPER_ROOT;49010;9;49007;9;;;49025;8;49026;10;;;49018.0;0.0
36;14200;ASH_COATED_OSMIUM;9997;13;9994;26;;;10018;12;10020;12;;;10007.5;0.0
36;14200;INTARIAN_PEPPER_ROOT;49006;11;49005;16;;;49017;18;49020;5;;;49012.0;0.0
36;14300;ASH_COATED_OSMIUM;10001;15;9998;14;;;10017;28;10020;15;;;10009.0;0.0
36;14300;INTARIAN_PEPPER_ROOT;49005;11;49003;11;49002;11;49019;20;49021;12;49024;9;49012.5;0.0
36;14400;ASH_COATED_OSMIUM;9995;28;;;;;10013;14;;;;;10004.5;0.0
36;14400;INTARIAN_PEPPER_ROOT;49013;8;49010;11;;;49016;9;49018;24;;;49014.5;0.0
36;14500;ASH_COATED_OSMIUM;9992;12;;;;;10008;10;;;;;10000.0;0.0
36;14500;INTARIAN_PEPPER_ROOT;49008;9;49005;12;49004;11;49020;12;49023;11;49024;8;49014.5;0.0
36;14600;ASH_COATED_OSMIUM;9984;22;9981;14;;;10000;27;10001;11;;;9992.0;0.0
36;14600;INTARIAN_PEPPER_ROOT;49008;9;49006;16;;;49020;24;49023;8;;;49014.5;0.0
36;14700;ASH_COATED_OSMIUM;9986;15;;;;;10005;10;;;;;9996.0;0.0
36;14700;INTARIAN_PEPPER_ROOT;49011;12;;;;;49025;23;;;;;49018.0;0.0
36;14800;ASH_COATED_OSMIUM;9985;14;9983;15;;;9995;13;9997;15;;;9990.5;0.0
36;14800;INTARIAN_PEPPER_ROOT;49007;8;49006;11;;;49021;9;49023;11;;;49014.5;0.0
36;14900;ASH_COATED_OSMIUM;9984;10;9982;13;;;10004;27;10006;13;;;9994.0;0.0
36;14900;INTARIAN_PEPPER_ROOT;49008;9;;;;;49023;21;;;;;49016.0;0.0
36;15000;ASH_COATED_OSMIUM;9983;11;9982;22;9980;30;9999;12;10001;10;10002;14;9991.5;0.0
36;15000;INTARIAN_PEPPER_ROOT;49005;11;;;;;49016;9;;;;;49011.0;0.0
36;15100;ASH_COATED_OSMIUM;9989;24;9988;11;9987;14;10005;21;10007;3;10008;10;9997.0;0.0
36;15100;INTARIAN_PEPPER_ROOT;49010;12;49009;12;49008;9;49024;7;49025;9;49027;8;49017.0;0.0
36;15200;ASH_COATED_OSMIUM;9987;15;9985;12;9982;14;10006;10;10007;10;10010;12;9996.5;0.0
36;15200;INTARIAN_PEPPER_ROOT;49008;7;;;;;49023;8;;;;;49016.0;0.0
36;15300;ASH_COATED_OSMIUM;9990;15;9987;11;;;10006;22;10009;10;;;9998.0;0.0
36;15300;INTARIAN_PEPPER_ROOT;49009;11;49008;9;;;49023;21;49026;11;;;49016.0;0.0
36;15400;ASH_COATED_OSMIUM;9983;4;9981;11;9978;21;10002;10;10003;10;10004;23;9992.5;0.0
36;15400;INTARIAN_PEPPER_ROOT;49009;11;;;;;49022;12;;;;;49015.5;0.0
36;15500;ASH_COATED_OSMIUM;9987;11;;;;;10003;12;;;;;9995.0;0.0
36;15500;INTARIAN_PEPPER_ROOT;49012;12;;;;;49024;9;;;;;49018.0;0.0
36;15600;ASH_COATED_OSMIUM;9991;13;9990;14;9988;7;10007;10;10008;12;10011;15;9999.0;0.0
36;15600;INTARIAN_PEPPER_ROOT;49009;10;;;;;49017;10;;;;;49013.5;0.0
36;15700;ASH_COATED_OSMIUM;9995;11;;;;;10013;14;;;;;10004.5;0.0
36;15700;INTARIAN_PEPPER_ROOT;49007;9;49004;9;;;49021;12;49022;12;;;49014.0;0.0
36;15800;ASH_COATED_OSMIUM;9994;12;9993;25;;;10012;14;10013;12;;;10003.0;0.0
36;15800;INTARIAN_PEPPER_ROOT;49011;12;49008;8;49007;12;49024;8;49027;11;49028;8;49018.0;0.0
36;15900;ASH_COATED_OSMIUM;9993;14;9992;13;;;10009;15;10010;2;;;10001.0;0.0
36;15900;INTARIAN_PEPPER_ROOT;49012;12;;;;;49024;11;;;;;49018.0;0.0
36;16000;ASH_COATED_OSMIUM;9993;26;9990;13;9989;14;10009;14;10012;14;10015;15;10001.0;0.0
36;16000;INTARIAN_PEPPER_ROOT;49008;10;49007;12;49006;8;49024;10;49026;12;49029;8;49016.5;0.0
36;16100;ASH_COATED_OSMIUM;9992;11;;;;;10010;15;;;;;10001.5;0.0
36;16100;INTARIAN_PEPPER_ROOT;49010;11;;;;;49023;9;;;;;49016.5;0.0
36;16200;ASH_COATED_OSMIUM;9995;15;;;;;10014;10;;;;;10005.0;0.0
36;16200;INTARIAN_PEPPER_ROOT;49007;11;;;;;49021;17;;;;;49014.5;0.0
36;16300;ASH_COATED_OSMIUM;9993;12;;;;;10009;15;;;;;10001.5;0.0
36;16300;INTARIAN_PEPPER_ROOT;49013;20;;;;;49024;12;;;;;49019.0;0.0
36;16400;ASH_COATED_OSMIUM;9994;10;9992;21;9990;28;10010;11;10011;10;10012;13;10002.0;0.0
36;16400;INTARIAN_PEPPER_ROOT;49011;11;;;;;49022;9;;;;;49017.0;0.0
36;16500;ASH_COATED_OSMIUM;9991;14;9990;15;;;10007;14;10008;13;;;9999.5;0.0
36;16500;INTARIAN_PEPPER_ROOT;49010;9;49007;8;49005;8;49021;10;49024;11;49026;10;49016.0;0.0
36;16600;ASH_COATED_OSMIUM;9995;14;9993;13;;;10011;10;10013;12;;;10003.0;0.0
36;16600;INTARIAN_PEPPER_ROOT;49009;16;49006;11;;;49020;16;49022;9;;;49014.5;0.0
36;16700;ASH_COATED_OSMIUM;9991;15;9988;26;;;10007;26;10008;15;;;9999.0;0.0
36;16700;INTARIAN_PEPPER_ROOT;49010;6;49008;8;;;49023;11;49026;21;;;49017.0;0.0
36;16800;ASH_COATED_OSMIUM;9990;28;9989;15;;;10009;12;10010;13;;;9999.5;0.0
36;16800;INTARIAN_PEPPER_ROOT;49007;9;;;;;49019;10;;;;;49013.0;0.0
36;16900;ASH_COATED_OSMIUM;9993;15;9992;14;9991;25;10003;12;10005;15;10008;11;9998.5;0.0
36;16900;INTARIAN_PEPPER_ROOT;49010;9;49007;8;;;49022;10;49023;11;;;49016.5;0.0
36;17000;ASH_COATED_OSMIUM;9992;15;9991;12;;;10001;13;10002;14;;;9997.0;0.0
36;17000;INTARIAN_PEPPER_ROOT;49012;8;;;;;49023;11;;;;;49018.0;0.0
36;17100;ASH_COATED_OSMIUM;9988;13;;;;;9998;12;;;;;9993.5;0.0
36;17100;INTARIAN_PEPPER_ROOT;49012;12;49010;9;49008;15;49020;23;49021;10;49023;6;49016.0;0.0
36;17200;ASH_COATED_OSMIUM;9988;12;9987;15;;;9999;23;10000;15;;;9993.5;0.0
36;17200;INTARIAN_PEPPER_ROOT;49009;11;49007;8;49005;17;49022;9;49023;10;49025;8;49016.0;0.0
36;17300;ASH_COATED_OSMIUM;9987;10;9986;14;;;10008;13;10009;10;;;9997.5;0.0
36;17300;INTARIAN_PEPPER_ROOT;49010;9;;;;;49027;11;;;;;49018.5;0.0
36;17400;ASH_COATED_OSMIUM;9992;13;9991;5;9990;12;10008;14;10011;10;10014;10;10000.0;0.0
36;17400;INTARIAN_PEPPER_ROOT;49013;11;49011;11;49008;11;49024;8;49026;15;49029;11;49019.0;0.0
36;17500;ASH_COATED_OSMIUM;9993;25;9992;28;;;10009;10;10010;11;;;10001.5;0.0
36;17500;INTARIAN_PEPPER_ROOT;49010;15;;;;;49023;12;;;;;49016.5;0.0
36;17600;ASH_COATED_OSMIUM;9995;15;;;;;10013;10;;;;;10004.0;0.0
36;17600;INTARIAN_PEPPER_ROOT;49010;9;49008;18;49007;10;49019;8;49022;9;49025;9;49015.0;0.0
36;17700;ASH_COATED_OSMIUM;9996;12;;;;;10014;13;;;;;10005.0;0.0
36;17700;INTARIAN_PEPPER_ROOT;49017;18;49015;11;;;49021;10;49023;8;;;49019.0;0.0
36;17800;ASH_COATED_OSMIUM;10001;11;;;;;10017;29;;;;;10009.0;0.0
36;17800;INTARIAN_PEPPER_ROOT;49011;8;;;;;49027;11;;;;;49019.5;0.0
36;17900;ASH_COATED_OSMIUM;9997;14;;;;;10016;14;;;;;10007.0;0.0
36;17900;INTARIAN_PEPPER_ROOT;49013;8;49010;12;49008;9;49024;8;49025;9;49027;8;49019.0;0.0
36;18000;ASH_COATED_OSMIUM;9998;27;9997;14;;;10004;11;10006;13;;;10001.5;0.0
36;18000;INTARIAN_PEPPER_ROOT;49007;9;;;;;49023;11;;;;;49015.5;0.0
36;18100;ASH_COATED_OSMIUM;9989;3;9987;14;;;10007;11;10008;13;;;9998.0;0.0
36;18100;INTARIAN_PEPPER_ROOT;49013;23;;;;;49026;10;;;;;49019.5;0.0
36;18200;ASH_COATED_OSMIUM;9983;14;9980;23;9978;10;9999;25;10002;24;10005;11;9991.5;0.0
36;18200;INTARIAN_PEPPER_ROOT;49009;10;49008;9;;;49023;10;49026;11;;;49016.5;0.0
36;18300;ASH_COATED_OSMIUM;9989;11;9987;10;;;10005;12;10007;11;;;9997.0;0.0
36;18300;INTARIAN_PEPPER_ROOT;49014;21;49011;8;49009;10;49027;9;49030;11;49031;10;49020.5;0.0
36;18400;ASH_COATED_OSMIUM;9986;12;9985;11;9983;13;10002;15;10004;11;10005;21;9994.0;0.0
36;18400;INTARIAN_PEPPER_ROOT;49013;22;49011;8;;;49029;24;49032;11;;;49021.0;0.0
36;18500;ASH_COATED_OSMIUM;9982;10;9979;13;;;9998;13;10000;14;;;9990.5;0.0
36;18500;INTARIAN_PEPPER_ROOT;49011;10;49010;12;;;49024;11;49026;9;;;49017.5;0.0
36;18600;ASH_COATED_OSMIUM;9985;14;9983;15;9982;26;10004;10;10007;15;10010;20;9994.5;0.0
36;18600;INTARIAN_PEPPER_ROOT;49010;20;49008;10;;;49022;8;49023;12;;;49016.5;0.0
36;18700;ASH_COATED_OSMIUM;9990;11;9988;15;;;10006;13;10007;10;;;9998.0;0.0
36;18700;INTARIAN_PEPPER_ROOT;49007;10;49006;11;;;49023;10;49025;11;;;49015.0;0.0
36;18800;ASH_COATED_OSMIUM;9987;15;9985;14;;;10003;15;10004;13;;;9995.5;0.0
36;18800;INTARIAN_PEPPER_ROOT;49010;10;49007;11;;;49022;11;49024;8;;;49016.0;0.0
36;18900;ASH_COATED_OSMIUM;9985;8;9982;14;;;10001;12;10002;14;;;9993.5;0.0
36;18900;INTARIAN_PEPPER_ROOT;49009;9;49006;10;;;49021;10;49022;11;;;49015.0;0.0
36;19000;ASH_COATED_OSMIUM;9986;10;9983;14;;;10002;26;10005;26;;;9994.0;0.0
36;19000;INTARIAN_PEPPER_ROOT;49015;8;49013;12;;;49028;9;49029;8;;;49022.0;0.0
36;19100;ASH_COATED_OSMIUM;9988;5;9987;15;;;10004;10;10005;10;;;9996.0;0.0
36;19100;INTARIAN_PEPPER_ROOT;49006;8;49005;25;;;49024;16;49025;10;;;49015.5;0.0
36;19200;ASH_COATED_OSMIUM;9984;29;9983;12;;;10000;14;10002;12;;;9992.5;0.0
36;19200;INTARIAN_PEPPER_ROOT;49008;8;49007;20;;;49022;24;49025;12;;;49015.0;0.0
36;19300;ASH_COATED_OSMIUM;9989;12;9986;13;9983;15;10005;10;10008;25;10010;13;9997.0;0.0
36;19300;INTARIAN_PEPPER_ROOT;49013;18;49011;11;49008;10;49026;20;49028;9;49029;12;49020.0;0.0
36;19400;ASH_COATED_OSMIUM;9989;13;;;;;10005;12;;;;;9997.0;0.0
36;19400;INTARIAN_PEPPER_ROOT;49017;12;;;;;49029;8;;;;;49023.0;0.0
36;19500;ASH_COATED_OSMIUM;9991;15;9988;14;9986;10;10007;13;10008;12;10010;4;9999.0;0.0
36;19500;INTARIAN_PEPPER_ROOT;49008;9;;;;;49026;8;;;;;49017.0;0.0
36;19600;ASH_COATED_OSMIUM;9987;14;9985;10;9982;24;10003;25;10006;13;10008;15;9995.0;0.0
36;19600;INTARIAN_PEPPER_ROOT;49016;11;49014;12;;;49027;10;49028;10;;;49021.5;0.0
36;19700;ASH_COATED_OSMIUM;9988;12;9987;10;;;10004;13;10005;15;;;9996.5;0.0
36;19700;INTARIAN_PEPPER_ROOT;49011;9;49008;9;49007;11;49028;12;49029;25;49032;10;49020.0;0.0
36;19800;ASH_COATED_OSMIUM;9989;27;9986;13;;;10010;13;10012;12;;;9999.5;0.0
36;19800;INTARIAN_PEPPER_ROOT;49013;12;49012;9;49009;9;49027;22;49028;10;49030;9;49020.0;0.0
36;19900;ASH_COATED_OSMIUM;9988;11;9986;12;9984;11;10007;10;10010;15;10012;14;9998.0;0.0
36;19900;INTARIAN_PEPPER_ROOT;49015;11;;;;;49028;12;;;;;49021.5;0.0
36;20000;ASH_COATED_OSMIUM;9986;11;9984;30;;;10002;13;10004;15;;;9994.0;0.0
36;20000;INTARIAN_PEPPER_ROOT;49013;11;;;;;49024;11;;;;;49019.0;0.0
36;20100;ASH_COATED_OSMIUM;9990;11;9989;14;9987;14;10006;11;10007;12;10010;14;9998.5;0.0
36;20100;INTARIAN_PEPPER_ROOT;49010;9;49009;10;49008;11;49024;10;49026;8;49027;10;49017.0;0.0
36;20200;ASH_COATED_OSMIUM;9985;15;;;;;10001;27;;;;;9993.5;0.0
36;20200;INTARIAN_PEPPER_ROOT;49013;12;49012;9;49010;8;49027;9;49029;9;49032;12;49020.5;0.0
36;20300;ASH_COATED_OSMIUM;9988;15;9986;15;;;10004;26;10006;10;;;9996.0;0.0
36;20300;INTARIAN_PEPPER_ROOT;49012;17;;;;;49026;24;;;;;49019.5;0.0
36;20400;ASH_COATED_OSMIUM;9985;15;9982;11;9981;10;10001;13;10004;12;10006;6;9993.0;0.0
36;20400;INTARIAN_PEPPER_ROOT;49021;8;49018;10;49016;19;49023;8;49026;24;49029;10;49022.5;0.0
36;20500;ASH_COATED_OSMIUM;9990;12;;;;;10006;10;;;;;9998.5;0.0
36;20500;INTARIAN_PEPPER_ROOT;49016;10;;;;;49030;3;;;;;49023.0;0.0
36;20600;ASH_COATED_OSMIUM;9988;10;9986;26;;;10004;10;10006;15;;;9996.5;0.0
36;20600;INTARIAN_PEPPER_ROOT;49017;22;;;;;49029;9;;;;;49023.0;0.0
36;20700;ASH_COATED_OSMIUM;9980;11;;;;;9999;12;;;;;9989.5;0.0
36;20700;INTARIAN_PEPPER_ROOT;49016;12;;;;;49028;8;;;;;49022.0;0.0
36;20800;ASH_COATED_OSMIUM;9984;20;9983;10;;;10000;14;10003;3;;;9992.0;0.0
36;20800;INTARIAN_PEPPER_ROOT;49017;8;49016;9;49015;12;49028;12;49030;11;49031;10;49023.0;0.0
36;20900;ASH_COATED_OSMIUM;9987;11;9986;15;;;10003;12;10004;10;;;9995.5;0.0
36;20900;INTARIAN_PEPPER_ROOT;49014;9;;;;;49025;24;;;;;49019.5;0.0
36;21000;ASH_COATED_OSMIUM;9990;4;;;;;10006;12;;;;;9998.5;0.0
36;21000;INTARIAN_PEPPER_ROOT;49013;9;49010;8;;;49026;11;49029;12;;;49020.0;0.0
36;21100;ASH_COATED_OSMIUM;9985;11;9982;11;9979;13;10001;22;10002;13;10005;11;9993.5;0.0
36;21100;INTARIAN_PEPPER_ROOT;49015;9;;;;;49028;8;;;;;49021.5;0.0
36;21200;ASH_COATED_OSMIUM;9989;15;9987;11;;;10005;14;10008;11;;;9997.0;0.0
36;21200;INTARIAN_PEPPER_ROOT;49019;9;49016;10;;;49032;16;49035;10;;;49026.0;0.0
36;21300;ASH_COATED_OSMIUM;9998;11;9997;15;;;10014;12;10016;21;;;10006.0;0.0
36;21300;INTARIAN_PEPPER_ROOT;49014;11;49011;11;49009;9;49028;12;49030;25;49033;17;49021.5;0.0
36;21400;ASH_COATED_OSMIUM;9998;29;9996;11;9995;15;10014;10;10017;12;10018;14;10006.5;0.0
36;21400;INTARIAN_PEPPER_ROOT;49014;16;;;;;49028;12;;;;;49021.5;0.0
36;21500;ASH_COATED_OSMIUM;9999;11;9996;14;;;10015;24;10016;14;;;10007.5;0.0
36;21500;INTARIAN_PEPPER_ROOT;49019;10;49016;12;;;49031;10;49032;17;;;49025.0;0.0
36;21600;ASH_COATED_OSMIUM;9992;13;;;;;10010;28;;;;;10001.5;0.0
36;21600;INTARIAN_PEPPER_ROOT;49016;11;;;;;49032;9;;;;;49024.5;0.0
36;21700;ASH_COATED_OSMIUM;9991;11;9988;12;9985;30;10007;14;10009;15;10012;13;9999.0;0.0
36;21700;INTARIAN_PEPPER_ROOT;49013;8;49010;8;49007;9;49030;11;49033;12;49035;8;49022.0;0.0
36;21800;ASH_COATED_OSMIUM;9990;29;;;;;10006;14;;;;;9998.0;0.0
36;21800;INTARIAN_PEPPER_ROOT;49011;9;49010;8;;;49027;8;49029;9;;;49019.5;0.0
36;21900;ASH_COATED_OSMIUM;9987;10;;;;;10003;12;;;;;9995.5;0.0
36;21900;INTARIAN_PEPPER_ROOT;49017;10;49014;11;49011;10;49029;18;49031;4;49034;11;49023.0;0.0
36;22000;ASH_COATED_OSMIUM;9992;14;9989;12;9987;15;10003;29;10005;13;10007;11;9997.5;0.0
36;22000;INTARIAN_PEPPER_ROOT;49016;8;;;;;49030;8;;;;;49023.5;0.0
36;22100;ASH_COATED_OSMIUM;9986;14;9984;29;;;10002;10;10005;10;;;9994.5;0.0
36;22100;INTARIAN_PEPPER_ROOT;49012;12;49011;11;;;49027;9;49028;12;;;49020.0;0.0
36;22200;ASH_COATED_OSMIUM;9986;28;;;;;9997;14;;;;;9992.0;0.0
36;22200;INTARIAN_PEPPER_ROOT;49017;11;49014;12;;;49033;9;49034;8;;;49025.0;0.0
36;22300;ASH_COATED_OSMIUM;9987;14;9984;25;;;10006;15;10007;13;;;9996.5;0.0
36;22300;INTARIAN_PEPPER_ROOT;49014;17;49013;18;;;49029;22;49031;9;;;49021.5;0.0
36;22400;ASH_COATED_OSMIUM;9986;12;9983;21;;;10002;12;10003;15;;;9994.5;0.0
36;22400;INTARIAN_PEPPER_ROOT;49013;9;49011;8;;;49027;8;49029;12;;;49020.0;0.0
36;22500;ASH_COATED_OSMIUM;9988;13;9986;11;9985;10;10006;15;10009;13;10010;15;9997.0;0.0
36;22500;INTARIAN_PEPPER_ROOT;49016;9;49013;12;;;49031;21;49033;8;;;49024.0;0.0
36;22600;ASH_COATED_OSMIUM;9991;11;9988;12;;;10004;28;10007;26;;;9997.5;0.0
36;22600;INTARIAN_PEPPER_ROOT;49013;21;49012;11;;;49026;12;49028;10;;;49020.0;0.0
36;22700;ASH_COATED_OSMIUM;9990;12;9987;12;9984;21;10009;29;10011;10;10014;12;9999.5;0.0
36;22700;INTARIAN_PEPPER_ROOT;49016;9;;;;;49027;8;;;;;49022.0;0.0
36;22800;ASH_COATED_OSMIUM;9989;12;9987;13;;;10005;10;10008;22;;;9997.0;0.0
36;22800;INTARIAN_PEPPER_ROOT;49017;20;;;;;49032;15;;;;;49025.0;0.0
36;22900;ASH_COATED_OSMIUM;9994;24;9992;11;;;10013;13;10014;22;;;10004.0;0.0
36;22900;INTARIAN_PEPPER_ROOT;49016;10;49013;15;;;49028;10;49031;9;;;49022.0;0.0
36;23000;ASH_COATED_OSMIUM;10001;13;10000;12;;;10017;13;10018;15;;;10009.5;0.0
36;23000;INTARIAN_PEPPER_ROOT;49012;9;49011;10;;;49029;3;49030;9;;;49021.0;0.0
36;23100;ASH_COATED_OSMIUM;9999;13;9997;15;;;10018;11;10019;4;;;10009.0;0.0
36;23100;INTARIAN_PEPPER_ROOT;49015;17;49013;16;49012;10;49028;9;49031;8;49034;12;49022.0;0.0
36;23200;ASH_COATED_OSMIUM;9997;15;9994;29;9992;10;10016;14;10018;15;10020;11;10007.0;0.0
36;23200;INTARIAN_PEPPER_ROOT;49016;24;49015;8;49013;11;49027;12;49028;8;49029;12;49021.5;0.0
36;23300;ASH_COATED_OSMIUM;9998;11;9997;11;9994;12;10014;14;10015;13;10018;12;10006.0;0.0
36;23300;INTARIAN_PEPPER_ROOT;49019;9;;;;;49030;25;;;;;49025.0;0.0
36;23400;ASH_COATED_OSMIUM;9996;12;9995;11;;;10012;10;10015;14;;;10004.0;0.0
36;23400;INTARIAN_PEPPER_ROOT;49018;12;;;;;49030;18;;;;;49024.5;0.0
36;23500;ASH_COATED_OSMIUM;9996;25;9994;13;9991;11;10012;14;10013;26;10014;11;10004.5;0.0
36;23500;INTARIAN_PEPPER_ROOT;49018;8;49017;9;;;49032;11;49034;10;;;49025.5;0.0
36;23600;ASH_COATED_OSMIUM;9998;15;9997;15;9994;15;10016;14;10019;20;10022;11;10007.5;0.0
36;23600;INTARIAN_PEPPER_ROOT;49015;18;;;;;49031;9;;;;;49023.0;0.0
36;23700;ASH_COATED_OSMIUM;9994;14;9991;14;;;10010;13;10012;20;;;10002.0;0.0
36;23700;INTARIAN_PEPPER_ROOT;49019;11;49017;20;49014;8;49032;8;49035;10;49036;10;49025.5;0.0
36;23800;ASH_COATED_OSMIUM;9993;22;9991;29;9989;10;10011;11;10014;12;10015;20;10002.5;0.0
36;23800;INTARIAN_PEPPER_ROOT;49016;11;49015;11;;;49028;17;49030;11;;;49022.5;0.0
36;23900;ASH_COATED_OSMIUM;9992;5;9990;25;;;10008;13;10010;15;;;10000.0;0.0
36;23900;INTARIAN_PEPPER_ROOT;49015;11;49014;12;49012;7;49027;10;49030;3;49031;9;49021.0;0.0
36;24000;ASH_COATED_OSMIUM;9993;4;;;;;10009;14;;;;;10001.5;0.0
36;24000;INTARIAN_PEPPER_ROOT;49017;10;;;;;49030;10;;;;;49024.0;0.0
36;24100;ASH_COATED_OSMIUM;9995;20;;;;;10011;29;;;;;10003.5;0.0
36;24100;INTARIAN_PEPPER_ROOT;49010;11;;;;;49025;8;;;;;49018.0;0.0
36;24200;ASH_COATED_OSMIUM;9993;14;9990;25;9988;12;10011;13;10013;10;10014;14;10002.0;0.0
36;24200;INTARIAN_PEPPER_ROOT;49020;11;49019;10;;;49032;9;49033;9;;;49026.5;0.0
36;24300;ASH_COATED_OSMIUM;9994;29;;;;;10010;12;;;;;10002.5;0.0
36;24300;INTARIAN_PEPPER_ROOT;49019;23;49017;12;;;49031;9;49034;8;;;49025.5;0.0
36;24400;ASH_COATED_OSMIUM;9988;13;;;;;10006;10;;;;;9997.0;0.0
36;24400;INTARIAN_PEPPER_ROOT;49021;12;49018;9;49015;15;49035;10;49038;23;49040;24;49028.0;0.0
36;24500;ASH_COATED_OSMIUM;9988;12;;;;;10007;10;;;;;9997.5;0.0
36;24500;INTARIAN_PEPPER_ROOT;49017;9;;;;;49033;10;;;;;49025.5;0.0
36;24600;ASH_COATED_OSMIUM;9982;10;9979;14;9976;22;9998;13;9999;10;10002;15;9990.5;0.0
36;24600;INTARIAN_PEPPER_ROOT;49021;11;49020;10;49018;9;49033;11;49034;12;49036;8;49027.0;0.0
36;24700;ASH_COATED_OSMIUM;9986;10;9984;20;;;10002;20;10003;10;;;9994.0;0.0
36;24700;INTARIAN_PEPPER_ROOT;49015;12;;;;;49028;11;;;;;49022.0;0.0
36;24800;ASH_COATED_OSMIUM;9986;11;9984;13;;;10005;14;10007;12;;;9995.5;0.0
36;24800;INTARIAN_PEPPER_ROOT;49021;10;49019;8;;;49033;12;49036;11;;;49027.5;0.0
36;24900;ASH_COATED_OSMIUM;9991;28;9990;2;9988;5;9996;21;9998;10;10000;15;9994.0;0.0
36;24900;INTARIAN_PEPPER_ROOT;49016;9;49014;23;49011;9;49036;12;49039;11;49041;25;49026.0;0.0
36;25000;ASH_COATED_OSMIUM;9988;14;9986;13;;;10004;14;10007;9;;;9996.0;0.0
36;25000;INTARIAN_PEPPER_ROOT;49017;10;;;;;49031;9;;;;;49024.5;0.0
36;25100;ASH_COATED_OSMIUM;9984;13;9982;5;9979;15;9997;15;9999;20;10001;10;9990.5;0.0
36;25100;INTARIAN_PEPPER_ROOT;49018;9;;;;;49033;10;;;;;49025.5;0.0
36;25200;ASH_COATED_OSMIUM;9985;10;9983;12;9982;13;10001;15;10004;15;10005;11;9993.0;0.0
36;25200;INTARIAN_PEPPER_ROOT;49020;24;49018;10;49016;16;49033;17;49036;11;49037;10;49027.0;0.0
36;25300;ASH_COATED_OSMIUM;9984;15;9981;14;;;10002;10;10003;11;;;9993.0;0.0
36;25300;INTARIAN_PEPPER_ROOT;49015;8;;;;;49031;12;;;;;49023.5;0.0
36;25400;ASH_COATED_OSMIUM;9987;12;9986;15;9984;23;10003;12;10006;10;10009;14;9995.5;0.0
36;25400;INTARIAN_PEPPER_ROOT;49022;23;49020;11;;;49034;8;49036;19;;;49028.0;0.0
36;25500;ASH_COATED_OSMIUM;9995;13;;;;;10006;14;;;;;10001.0;0.0
36;25500;INTARIAN_PEPPER_ROOT;49019;8;49016;10;;;49034;8;49036;11;;;49026.5;0.0
36;25600;ASH_COATED_OSMIUM;9987;10;;;;;10006;15;;;;;9996.5;0.0
36;25600;INTARIAN_PEPPER_ROOT;49021;8;;;;;49033;11;;;;;49027.5;0.0
36;25700;ASH_COATED_OSMIUM;9986;12;9985;15;;;10004;14;10007;13;;;9995.5;0.0
36;25700;INTARIAN_PEPPER_ROOT;49018;9;49017;12;;;49030;10;49032;9;;;49024.5;0.0
36;25800;ASH_COATED_OSMIUM;9985;15;9982;10;9980;11;10001;10;10003;11;10005;11;9993.0;0.0
36;25800;INTARIAN_PEPPER_ROOT;49022;11;49019;9;49017;24;49029;12;49030;19;49033;11;49025.5;0.0
36;25900;ASH_COATED_OSMIUM;9980;14;9978;11;;;9996;11;9997;10;;;9988.0;0.0
36;25900;INTARIAN_PEPPER_ROOT;49023;11;49022;25;;;49036;9;49038;12;;;49029.5;0.0
36;26000;ASH_COATED_OSMIUM;9987;14;;;;;10005;12;;;;;9996.5;0.0
36;26000;INTARIAN_PEPPER_ROOT;49016;10;49013;11;49010;8;49030;9;49033;10;49035;11;49023.5;0.0
36;26100;ASH_COATED_OSMIUM;9990;29;;;;;10006;15;;;;;9998.0;0.0
36;26100;INTARIAN_PEPPER_ROOT;49019;9;;;;;49028;11;;;;;49024.0;0.0
36;26200;ASH_COATED_OSMIUM;9982;12;9981;12;9980;13;9998;13;9999;11;10001;15;9990.5;0.0
36;26200;INTARIAN_PEPPER_ROOT;49022;12;;;;;49025;17;;;;;49023.5;0.0
36;26300;ASH_COATED_OSMIUM;9991;11;9990;11;;;10007;14;10008;14;;;9999.5;0.0
36;26300;INTARIAN_PEPPER_ROOT;49019;8;49017;22;49015;9;49034;12;49036;12;49039;9;49027.0;0.0
36;26400;ASH_COATED_OSMIUM;9994;11;9993;12;9991;14;10010;15;10011;22;10012;14;10002.5;0.0
36;26400;INTARIAN_PEPPER_ROOT;49018;8;;;;;49030;10;;;;;49024.5;0.0
36;26500;ASH_COATED_OSMIUM;9995;14;;;;;10014;22;;;;;10004.5;0.0
36;26500;INTARIAN_PEPPER_ROOT;49023;12;49020;8;49019;12;49028;12;49030;22;49031;12;49025.5;0.0
36;26600;ASH_COATED_OSMIUM;9995;12;9993;23;9990;27;10011;28;10013;12;10016;24;10003.0;0.0
36;26600;INTARIAN_PEPPER_ROOT;49017;8;;;;;49034;10;;;;;49026.0;0.0
36;26700;ASH_COATED_OSMIUM;10001;15;;;;;10019;15;;;;;10010.5;0.0
36;26700;INTARIAN_PEPPER_ROOT;49025;8;49023;20;49021;10;49037;8;49040;9;49041;10;49031.5;0.0
36;26800;ASH_COATED_OSMIUM;10000;12;;;;;10016;11;;;;;10008.0;0.0
36;26800;INTARIAN_PEPPER_ROOT;49020;10;49019;12;;;49032;21;49033;20;;;49026.5;0.0
36;26900;ASH_COATED_OSMIUM;9998;23;9997;14;;;10014;15;10017;10;;;10006.5;0.0
36;26900;INTARIAN_PEPPER_ROOT;49019;8;;;;;49032;11;;;;;49025.5;0.0
36;27000;ASH_COATED_OSMIUM;9995;15;9992;2;9991;11;10014;10;10015;15;10016;13;10005.0;0.0
36;27000;INTARIAN_PEPPER_ROOT;49021;11;49019;10;;;49034;15;49035;12;;;49027.5;0.0
36;27100;ASH_COATED_OSMIUM;9998;14;9996;14;;;10014;11;10015;15;;;10006.0;0.0
36;27100;INTARIAN_PEPPER_ROOT;49019;11;49018;12;;;49030;20;49032;12;;;49025.0;0.0
36;27200;ASH_COATED_OSMIUM;9997;12;9994;15;9991;13;10013;10;10014;27;10016;15;10005.5;0.0
36;27200;INTARIAN_PEPPER_ROOT;49020;10;49018;11;49017;10;49033;25;49035;11;49038;7;49027.0;0.0
36;27300;ASH_COATED_OSMIUM;9999;14;9997;30;;;10015;15;10016;10;;;10007.0;0.0
36;27300;INTARIAN_PEPPER_ROOT;49024;11;;;;;49037;23;;;;;49031.0;0.0
36;27400;ASH_COATED_OSMIUM;9994;12;9993;8;9990;12;10010;21;10013;20;10016;12;10002.5;0.0
36;27400;INTARIAN_PEPPER_ROOT;49017;8;;;;;49031;9;;;;;49024.5;0.0
36;27500;ASH_COATED_OSMIUM;9998;15;9997;14;9996;15;10017;15;10020;14;10021;13;10007.5;0.0
36;27500;INTARIAN_PEPPER_ROOT;49018;8;49016;12;49014;8;49031;11;49033;12;49036;10;49025.0;0.0
36;27600;ASH_COATED_OSMIUM;9998;10;9997;11;;;10016;12;10019;30;;;10007.0;0.0
36;27600;INTARIAN_PEPPER_ROOT;49017;8;49014;9;;;49031;10;49033;9;;;49024.0;0.0
36;27700;ASH_COATED_OSMIUM;9999;29;9996;13;;;10015;12;10016;25;;;10007.5;0.0
36;27700;INTARIAN_PEPPER_ROOT;49022;23;49021;19;49019;9;49036;10;49038;9;49040;11;49029.0;0.0
36;27800;ASH_COATED_OSMIUM;9991;12;9989;13;9988;14;10007;15;10009;13;10011;27;9999.5;0.0
36;27800;INTARIAN_PEPPER_ROOT;49024;12;49021;9;;;49037;8;49039;10;;;49030.5;0.0
36;27900;ASH_COATED_OSMIUM;9998;14;9997;13;9996;15;10017;14;10018;14;10020;4;10007.5;0.0
36;27900;INTARIAN_PEPPER_ROOT;49020;9;49018;9;;;49032;11;49034;8;;;49026.5;0.0
36;28000;ASH_COATED_OSMIUM;9999;11;9997;21;;;10009;12;10010;10;;;10004.0;0.0
36;28000;INTARIAN_PEPPER_ROOT;49017;12;;;;;49033;10;;;;;49025.0;0.0
36;28100;ASH_COATED_OSMIUM;9992;12;9990;13;;;10008;11;10010;6;;;10000.0;0.0
36;28100;INTARIAN_PEPPER_ROOT;49024;8;49022;12;49019;9;49037;10;49039;8;49042;20;49030.5;0.0
36;28200;ASH_COATED_OSMIUM;9992;11;;;;;10008;15;;;;;10000.0;0.0
36;28200;INTARIAN_PEPPER_ROOT;49026;8;49023;12;;;49038;12;49039;23;;;49032.5;0.0
36;28300;ASH_COATED_OSMIUM;9994;10;;;;;10010;12;;;;;10002.5;0.0
36;28300;INTARIAN_PEPPER_ROOT;49024;9;49023;18;;;49036;19;49037;9;;;49030.0;0.0
36;28400;ASH_COATED_OSMIUM;9994;14;9992;10;;;10010;13;10012;21;;;10002.5;0.0
36;28400;INTARIAN_PEPPER_ROOT;49022;10;49021;25;49019;20;49036;23;49038;12;49039;9;49029.0;0.0
36;28500;ASH_COATED_OSMIUM;9992;12;9991;15;;;10008;10;10011;15;;;10000.0;0.0
36;28500;INTARIAN_PEPPER_ROOT;49021;10;49018;8;;;49033;12;49034;8;;;49027.5;0.0
36;28600;ASH_COATED_OSMIUM;9995;15;9992;15;;;10011;14;10014;11;;;10003.0;0.0
36;28600;INTARIAN_PEPPER_ROOT;49022;16;49019;11;;;49035;21;49037;20;;;49029.0;0.0
36;28700;ASH_COATED_OSMIUM;9990;10;9988;24;9986;13;10001;11;10002;15;10003;26;9996.0;0.0
36;28700;INTARIAN_PEPPER_ROOT;49020;9;;;;;49032;20;;;;;49026.5;0.0
36;28800;ASH_COATED_OSMIUM;9986;14;9985;12;;;10002;15;10005;14;;;9994.0;0.0
36;28800;INTARIAN_PEPPER_ROOT;49022;10;49020;9;;;49033;8;49034;10;;;49028.0;0.0
36;28900;ASH_COATED_OSMIUM;9983;2;9980;14;;;9999;13;10001;14;;;9991.0;0.0
36;28900;INTARIAN_PEPPER_ROOT;49019;25;49017;12;49016;8;49031;8;49033;12;49035;8;49025.5;0.0
36;29000;ASH_COATED_OSMIUM;9980;11;9979;10;9976;12;10001;10;10003;15;10004;12;9991.0;0.0
36;29000;INTARIAN_PEPPER_ROOT;49021;11;49019;11;;;49034;8;49035;9;;;49028.0;0.0
36;29100;ASH_COATED_OSMIUM;9992;12;;;;;10008;13;;;;;10000.5;0.0
36;29100;INTARIAN_PEPPER_ROOT;49024;19;49023;8;;;49027;8;49029;10;;;49025.5;0.0
36;29200;ASH_COATED_OSMIUM;9991;15;;;;;10007;13;;;;;9999.5;0.0
36;29200;INTARIAN_PEPPER_ROOT;49022;9;49019;11;49017;9;49033;9;49035;9;49036;11;49028.0;0.0
36;29300;ASH_COATED_OSMIUM;9991;14;;;;;10007;15;;;;;9999.0;0.0
36;29300;INTARIAN_PEPPER_ROOT;49022;12;;;;;49035;8;;;;;49028.5;0.0
36;29400;ASH_COATED_OSMIUM;9992;15;9991;25;9988;22;10008;13;10010;13;10013;10;10000.0;0.0
36;29400;INTARIAN_PEPPER_ROOT;49023;9;49021;23;49019;9;49035;11;49037;9;49039;12;49029.0;0.0
36;29500;ASH_COATED_OSMIUM;9988;13;9987;14;;;10001;20;10004;14;;;9995.0;0.0
36;29500;INTARIAN_PEPPER_ROOT;49024;19;49022;10;;;49035;9;49038;12;;;49030.0;0.0
36;29600;ASH_COATED_OSMIUM;9989;12;;;;;10001;15;;;;;9995.5;0.0
36;29600;INTARIAN_PEPPER_ROOT;49018;10;;;;;49035;11;;;;;49027.0;0.0
36;29700;ASH_COATED_OSMIUM;9987;14;9984;11;;;10005;14;10008;27;;;9996.0;0.0
36;29700;INTARIAN_PEPPER_ROOT;49025;9;49024;21;;;49037;10;49040;12;;;49031.5;0.0
36;29800;ASH_COATED_OSMIUM;9992;11;9991;15;;;10008;11;10009;15;;;10000.5;0.0
36;29800;INTARIAN_PEPPER_ROOT;49023;16;49020;8;;;49036;9;49037;8;;;49030.0;0.0
36;29900;ASH_COATED_OSMIUM;9987;29;;;;;10003;13;;;;;9995.5;0.0
36;29900;INTARIAN_PEPPER_ROOT;49025;16;49023;8;49021;12;49036;12;49039;12;49042;10;49030.5;0.0
36;30000;ASH_COATED_OSMIUM;9993;12;9991;5;9988;3;9999;10;10000;23;10003;13;9996.5;0.0
36;30000;INTARIAN_PEPPER_ROOT;49029;22;49026;9;;;49041;10;49043;3;;;49035.0;0.0
36;30100;ASH_COATED_OSMIUM;9990;14;;;;;10006;14;;;;;9998.5;0.0
36;30100;INTARIAN_PEPPER_ROOT;49025;9;49023;11;49022;10;49042;10;49044;8;49046;12;49033.5;0.0
36;30200;ASH_COATED_OSMIUM;9990;13;;;;;10006;15;;;;;9998.5;0.0
36;30200;INTARIAN_PEPPER_ROOT;49022;25;49021;10;;;49035;9;49038;11;;;49029.0;0.0
36;30300;ASH_COATED_OSMIUM;9985;11;;;;;10004;26;;;;;9994.5;0.0
36;30300;INTARIAN_PEPPER_ROOT;49020;10;49018;8;;;49037;11;49040;9;;;49028.5;0.0
36;30400;ASH_COATED_OSMIUM;9985;13;9983;10;9982;14;10001;14;10002;14;10003;14;9993.0;0.0
36;30400;INTARIAN_PEPPER_ROOT;49020;10;49018;9;49016;12;49035;8;49037;8;49040;8;49027.5;0.0
36;30500;ASH_COATED_OSMIUM;9985;14;9982;12;9979;6;10003;15;10006;13;10008;15;9994.0;0.0
36;30500;INTARIAN_PEPPER_ROOT;49023;10;49021;23;;;49039;9;49042;10;;;49031.0;0.0
36;30600;ASH_COATED_OSMIUM;9985;10;9984;15;9983;14;10004;14;10005;15;10007;23;9994.5;0.0
36;30600;INTARIAN_PEPPER_ROOT;49023;18;;;;;49037;12;;;;;49030.5;0.0
36;30700;ASH_COATED_OSMIUM;9997;11;9995;15;9994;15;10003;4;10005;28;10008;13;10000.0;0.0
36;30700;INTARIAN_PEPPER_ROOT;49024;22;49023;21;;;49035;8;49037;12;;;49029.5;0.0
36;30800;ASH_COATED_OSMIUM;9993;12;;;;;10005;15;;;;;9999.0;0.0
36;30800;INTARIAN_PEPPER_ROOT;49022;12;49020;12;;;49037;25;49040;11;;;49029.5;0.0
36;30900;ASH_COATED_OSMIUM;9989;12;9987;14;9986;26;10007;13;10008;12;10009;13;9998.5;0.0
36;30900;INTARIAN_PEPPER_ROOT;49026;10;;;;;49039;16;;;;;49033.0;0.0
36;31000;ASH_COATED_OSMIUM;9991;12;9988;25;;;10007;5;10009;14;;;9999.0;0.0
36;31000;INTARIAN_PEPPER_ROOT;49025;8;49024;9;49022;10;49037;10;49040;22;49043;9;49031.5;0.0
36;31100;ASH_COATED_OSMIUM;9988;15;;;;;10004;5;;;;;9996.5;0.0
36;31100;INTARIAN_PEPPER_ROOT;49024;9;49022;9;;;49040;10;49042;11;;;49032.5;0.0
36;31200;ASH_COATED_OSMIUM;9987;13;9986;12;;;10005;10;10008;14;;;9996.5;0.0
36;31200;INTARIAN_PEPPER_ROOT;49025;9;49022;10;;;49037;8;49040;12;;;49031.0;0.0
36;31300;ASH_COATED_OSMIUM;9989;8;;;;;10005;20;;;;;9997.0;0.0
36;31300;INTARIAN_PEPPER_ROOT;49021;12;;;;;49034;11;;;;;49027.5;0.0
36;31400;ASH_COATED_OSMIUM;9992;15;;;;;10011;10;;;;;10002.0;0.0
36;31400;INTARIAN_PEPPER_ROOT;49023;10;49021;9;;;49037;11;49038;12;;;49030.0;0.0
36;31500;ASH_COATED_OSMIUM;10002;20;10000;12;;;10018;11;10020;11;;;10010.0;0.0
36;31500;INTARIAN_PEPPER_ROOT;49021;11;49020;9;;;49040;9;49041;21;;;49030.5;0.0
36;31600;ASH_COATED_OSMIUM;9999;10;9996;8;9994;10;10015;12;10017;10;10018;14;10007.5;0.0
36;31600;INTARIAN_PEPPER_ROOT;49024;9;;;;;49037;11;;;;;49031.0;0.0
36;31700;ASH_COATED_OSMIUM;9994;10;9992;2;;;10013;15;10016;12;;;10004.0;0.0
36;31700;INTARIAN_PEPPER_ROOT;49027;9;49026;11;;;49038;9;49040;9;;;49033.0;0.0
36;31800;ASH_COATED_OSMIUM;10001;15;10000;13;;;10020;15;10021;14;;;10010.5;0.0
36;31800;INTARIAN_PEPPER_ROOT;49021;8;49019;9;;;49032;11;49033;12;;;49027.0;0.0
36;31900;ASH_COATED_OSMIUM;9992;27;;;;;10008;14;;;;;10000.5;0.0
36;31900;INTARIAN_PEPPER_ROOT;49019;9;49018;11;49015;8;49036;9;49038;8;49040;10;49027.5;0.0
36;32000;ASH_COATED_OSMIUM;9994;25;;;;;10010;10;;;;;10002.0;0.0
36;32000;INTARIAN_PEPPER_ROOT;49030;12;49027;11;;;49043;8;49045;11;;;49037.0;0.0
36;32100;ASH_COATED_OSMIUM;9993;13;;;;;10009;23;;;;;10001.0;0.0
36;32100;INTARIAN_PEPPER_ROOT;49021;18;49018;9;;;49035;16;49037;12;;;49028.5;0.0
36;32200;ASH_COATED_OSMIUM;9990;30;9988;12;9985;11;10006;27;10009;27;10012;15;9998.0;0.0
36;32200;INTARIAN_PEPPER_ROOT;49026;10;49024;11;49021;8;49046;12;49048;8;49051;11;49036.5;0.0
36;32300;ASH_COATED_OSMIUM;9991;15;9989;28;9986;12;10009;12;10011;10;10014;14;10000.0;0.0
36;32300;INTARIAN_PEPPER_ROOT;49024;18;49022;12;49019;22;49040;10;49041;8;49044;8;49032.0;0.0
36;32400;ASH_COATED_OSMIUM;10001;26;;;;;10017;12;;;;;10009.0;0.0
36;32400;INTARIAN_PEPPER_ROOT;49023;11;49020;8;49019;9;49040;9;49041;8;49043;11;49031.5;0.0
36;32500;ASH_COATED_OSMIUM;10007;5;10004;10;;;10017;4;10020;10;;;10012.0;0.0
36;32500;INTARIAN_PEPPER_ROOT;49026;12;;;;;49037;8;;;;;49031.5;0.0
36;32600;ASH_COATED_OSMIUM;9999;12;9998;25;;;10015;14;10018;26;;;10007.0;0.0
36;32600;INTARIAN_PEPPER_ROOT;49032;23;;;;;49044;15;;;;;49038.5;0.0
36;32700;ASH_COATED_OSMIUM;9998;12;;;;;10014;11;;;;;10006.5;0.0
36;32700;INTARIAN_PEPPER_ROOT;49029;10;;;;;49041;10;;;;;49035.5;0.0
36;32800;ASH_COATED_OSMIUM;9993;15;9992;12;;;10014;23;10015;12;;;10004.0;0.0
36;32800;INTARIAN_PEPPER_ROOT;49029;20;49026;19;49024;12;49044;9;49045;10;49047;9;49036.5;0.0
36;32900;ASH_COATED_OSMIUM;9996;15;9993;12;;;10012;10;10015;10;;;10004.5;0.0
36;32900;INTARIAN_PEPPER_ROOT;49026;9;;;;;49043;9;;;;;49035.0;0.0
36;33000;ASH_COATED_OSMIUM;9992;26;9990;14;9988;12;10008;11;10009;11;10012;15;10000.5;0.0
36;33000;INTARIAN_PEPPER_ROOT;49030;12;49029;12;;;49037;25;49040;8;;;49033.5;0.0
36;33100;ASH_COATED_OSMIUM;9999;29;9997;24;;;10009;13;10010;10;;;10004.5;0.0
36;33100;INTARIAN_PEPPER_ROOT;49026;22;49023;22;49022;12;49037;8;49038;10;49039;11;49031.5;0.0
36;33200;ASH_COATED_OSMIUM;9997;11;;;;;10008;15;;;;;10003.0;0.0
36;33200;INTARIAN_PEPPER_ROOT;49026;9;49025;10;49024;9;49039;24;49041;8;49044;8;49032.5;0.0
36;33300;ASH_COATED_OSMIUM;10001;11;10000;14;;;10008;11;10010;14;;;10005.0;0.0
36;33300;INTARIAN_PEPPER_ROOT;49025;21;49022;9;;;49041;11;49044;19;;;49033.0;0.0
36;33400;ASH_COATED_OSMIUM;9995;2;9993;14;;;10011;3;10014;11;;;10003.5;0.0
36;33400;INTARIAN_PEPPER_ROOT;49031;24;;;;;49037;10;;;;;49034.0;0.0
36;33500;ASH_COATED_OSMIUM;9992;15;;;;;10010;13;;;;;10001.0;0.0
36;33500;INTARIAN_PEPPER_ROOT;49027;12;49025;11;;;49039;12;49041;8;;;49033.5;0.0
36;33600;ASH_COATED_OSMIUM;9989;13;9986;11;;;10008;10;10011;2;;;9998.5;0.0
36;33600;INTARIAN_PEPPER_ROOT;49028;8;49027;8;;;49042;11;49044;11;;;49035.0;0.0
36;33700;ASH_COATED_OSMIUM;9982;12;;;;;10001;28;;;;;9991.5;0.0
36;33700;INTARIAN_PEPPER_ROOT;49022;20;;;;;49036;10;;;;;49029.5;0.0
36;33800;ASH_COATED_OSMIUM;9985;10;9982;14;;;10001;13;10004;11;;;9993.0;0.0
36;33800;INTARIAN_PEPPER_ROOT;49028;12;;;;;49040;21;;;;;49034.5;0.0
36;33900;ASH_COATED_OSMIUM;9993;14;9990;22;;;10011;4;10012;12;;;10002.5;0.0
36;33900;INTARIAN_PEPPER_ROOT;49029;9;49027;16;49025;9;49042;12;49044;10;49046;9;49036.0;0.0
36;34000;ASH_COATED_OSMIUM;9996;15;9993;11;;;10005;12;10006;25;;;10001.0;0.0
36;34000;INTARIAN_PEPPER_ROOT;49026;10;;;;;49043;8;;;;;49035.0;0.0
36;34100;ASH_COATED_OSMIUM;9994;13;;;;;10010;10;;;;;10002.5;0.0
36;34100;INTARIAN_PEPPER_ROOT;49027;12;49024;9;49021;10;49041;15;49042;12;49043;11;49034.5;0.0
36;34200;ASH_COATED_OSMIUM;9999;4;9998;15;;;10018;10;10019;29;;;10008.5;0.0
36;34200;INTARIAN_PEPPER_ROOT;49026;9;49025;8;49022;19;49038;9;49040;8;49043;10;49032.0;0.0
36;34300;ASH_COATED_OSMIUM;10005;12;10002;13;9999;11;10024;14;10026;10;10028;11;10014.5;0.0
36;34300;INTARIAN_PEPPER_ROOT;49025;10;49024;8;;;49045;10;49046;19;;;49035.5;0.0
36;34400;ASH_COATED_OSMIUM;10009;14;10006;10;10003;13;10025;15;10026;11;10029;14;10017.5;0.0
36;34400;INTARIAN_PEPPER_ROOT;49029;12;;;;;49041;8;;;;;49035.5;0.0
36;34500;ASH_COATED_OSMIUM;10005;29;;;;;10023;10;;;;;10014.5;0.0
36;34500;INTARIAN_PEPPER_ROOT;49025;10;49023;11;;;49042;12;49044;11;;;49033.5;0.0
36;34600;ASH_COATED_OSMIUM;9997;13;;;;;10013;11;;;;;10005.5;0.0
36;34600;INTARIAN_PEPPER_ROOT;49027;8;49024;19;;;49043;11;49046;8;;;49035.0;0.0
36;34700;ASH_COATED_OSMIUM;9994;22;9992;14;;;10010;11;10013;11;;;10002.0;0.0
36;34700;INTARIAN_PEPPER_ROOT;49031;11;49028;10;49027;8;49043;8;49045;11;49048;12;49037.0;0.0
36;34800;ASH_COATED_OSMIUM;9992;10;;;;;10008;10;;;;;10000.5;0.0
36;34800;INTARIAN_PEPPER_ROOT;49023;12;49022;10;;;49040;9;49042;9;;;49032.0;0.0
36;34900;ASH_COATED_OSMIUM;9993;12;;;;;10009;15;;;;;10001.5;0.0
36;34900;INTARIAN_PEPPER_ROOT;49029;9;49028;23;;;49044;25;49045;12;;;49037.0;0.0
36;35000;ASH_COATED_OSMIUM;9996;11;9993;13;9991;13;10012;25;10015;12;10018;10;10004.0;0.0
36;35000;INTARIAN_PEPPER_ROOT;49027;8;49025;10;;;49041;12;49044;9;;;49034.5;0.0
36;35100;ASH_COATED_OSMIUM;9992;15;9991;13;;;10010;12;10011;11;;;10001.0;0.0
36;35100;INTARIAN_PEPPER_ROOT;49029;10;;;;;49042;12;;;;;49036.0;0.0
36;35200;ASH_COATED_OSMIUM;9991;12;9990;13;;;10010;13;10012;29;;;10001.0;0.0
36;35200;INTARIAN_PEPPER_ROOT;49024;11;49021;8;;;49042;8;49043;9;;;49033.0;0.0
36;35300;ASH_COATED_OSMIUM;9990;15;9989;14;9987;15;10006;12;10008;12;10010;13;9998.0;0.0
36;35300;INTARIAN_PEPPER_ROOT;49031;10;;;;;49045;15;;;;;49038.0;0.0
36;35400;ASH_COATED_OSMIUM;9995;10;9993;11;9991;12;10011;12;10013;12;10016;14;10003.0;0.0
36;35400;INTARIAN_PEPPER_ROOT;49027;8;;;;;49040;8;;;;;49033.5;0.0
36;35500;ASH_COATED_OSMIUM;9995;2;9993;13;9991;11;10011;14;10012;13;10015;11;10003.0;0.0
36;35500;INTARIAN_PEPPER_ROOT;49028;9;49027;12;;;49041;12;49044;8;;;49034.5;0.0
36;35600;ASH_COATED_OSMIUM;9999;11;9997;29;9994;13;10015;13;10018;11;10019;12;10007.5;0.0
36;35600;INTARIAN_PEPPER_ROOT;49031;12;49030;10;;;49043;11;49046;8;;;49037.5;0.0
36;35700;ASH_COATED_OSMIUM;9999;13;9998;21;9995;25;10015;14;10016;11;10017;15;10007.5;0.0
36;35700;INTARIAN_PEPPER_ROOT;49028;8;;;;;49040;9;;;;;49034.5;0.0
36;35800;ASH_COATED_OSMIUM;10002;13;10001;13;10000;13;10018;14;10020;14;10022;11;10010.5;0.0
36;35800;INTARIAN_PEPPER_ROOT;49027;8;;;;;49040;12;;;;;49034.0;0.0
36;35900;ASH_COATED_OSMIUM;9999;13;9997;24;;;10018;14;10021;13;;;10009.0;0.0
36;35900;INTARIAN_PEPPER_ROOT;49031;9;49030;11;;;49044;11;49046;12;;;49038.0;0.0
36;36000;ASH_COATED_OSMIUM;9993;10;9991;21;;;10009;10;10010;10;;;10001.0;0.0
36;36000;INTARIAN_PEPPER_ROOT;49031;20;;;;;49045;8;;;;;49038.5;0.0
36;36100;ASH_COATED_OSMIUM;9992;13;;;;;10008;27;;;;;10000.5;0.0
36;36100;INTARIAN_PEPPER_ROOT;49031;10;49029;25;;;49043;10;49044;8;;;49037.5;0.0
36;36200;ASH_COATED_OSMIUM;9990;23;9987;13;9984;12;10009;14;10012;14;10013;11;9999.5;0.0
36;36200;INTARIAN_PEPPER_ROOT;49030;10;49029;12;49028;11;49042;8;49044;10;49047;8;49036.5;0.0
36;36300;ASH_COATED_OSMIUM;9995;12;9993;14;;;10011;21;10014;12;;;10003.0;0.0
36;36300;INTARIAN_PEPPER_ROOT;49032;10;49029;9;49026;9;49040;12;49043;15;49046;22;49036.5;0.0
36;36400;ASH_COATED_OSMIUM;9993;11;9992;21;;;10009;11;10011;11;;;10001.0;0.0
36;36400;INTARIAN_PEPPER_ROOT;49030;10;49028;10;;;49043;11;49046;8;;;49037.0;0.0
36;36500;ASH_COATED_OSMIUM;9996;15;;;;;10012;21;;;;;10004.5;0.0
36;36500;INTARIAN_PEPPER_ROOT;49031;12;;;;;49045;9;;;;;49038.5;0.0
36;36600;ASH_COATED_OSMIUM;9994;14;;;;;10010;15;;;;;10002.5;0.0
36;36600;INTARIAN_PEPPER_ROOT;49029;7;49028;12;49026;10;49043;12;49044;19;49047;10;49036.5;0.0
36;36700;ASH_COATED_OSMIUM;9992;10;9991;10;;;10008;13;10009;10;;;10000.5;0.0
36;36700;INTARIAN_PEPPER_ROOT;49032;10;;;;;49049;11;;;;;49041.0;0.0
36;36800;ASH_COATED_OSMIUM;9993;13;9991;20;;;10009;10;10012;11;;;10001.5;0.0
36;36800;INTARIAN_PEPPER_ROOT;49030;9;49027;12;49024;10;49043;8;49044;10;49046;9;49037.0;0.0
36;36900;ASH_COATED_OSMIUM;9995;13;;;;;10011;13;;;;;10003.5;0.0
36;36900;INTARIAN_PEPPER_ROOT;49029;8;49026;8;;;49041;12;49043;8;;;49035.0;0.0
36;37000;ASH_COATED_OSMIUM;9996;21;;;;;10008;14;;;;;10002.5;0.0
36;37000;INTARIAN_PEPPER_ROOT;49031;17;;;;;49044;10;;;;;49038.0;0.0
36;37100;ASH_COATED_OSMIUM;9996;9;9994;25;;;10015;20;10016;14;;;10005.5;0.0
36;37100;INTARIAN_PEPPER_ROOT;49034;12;;;;;49036;23;;;;;49035.5;0.0
36;37200;ASH_COATED_OSMIUM;9995;14;9992;21;;;10013;13;10014;15;;;10004.5;0.0
36;37200;INTARIAN_PEPPER_ROOT;49030;12;49028;10;;;49041;10;49042;12;;;49036.0;0.0
36;37300;ASH_COATED_OSMIUM;9991;12;;;;;10009;20;;;;;10000.0;0.0
36;37300;INTARIAN_PEPPER_ROOT;49029;9;49028;8;;;49042;12;49043;8;;;49035.5;0.0
36;37400;ASH_COATED_OSMIUM;9990;14;9989;27;9986;26;10008;15;10009;5;10012;14;9999.0;0.0
36;37400;INTARIAN_PEPPER_ROOT;49031;11;49029;12;;;49047;11;49050;12;;;49039.0;0.0
36;37500;ASH_COATED_OSMIUM;9994;10;9993;15;;;10012;13;10013;11;;;10003.0;0.0
36;37500;INTARIAN_PEPPER_ROOT;49032;9;49029;9;49026;11;49046;11;49049;10;49052;12;49039.0;0.0
36;37600;ASH_COATED_OSMIUM;9996;13;;;;;10012;11;;;;;10004.0;0.0
36;37600;INTARIAN_PEPPER_ROOT;49031;8;;;;;49044;20;;;;;49038.0;0.0
36;37700;ASH_COATED_OSMIUM;9996;12;;;;;10012;11;;;;;10004.0;0.0
36;37700;INTARIAN_PEPPER_ROOT;49030;12;49027;9;;;49043;10;49045;9;;;49037.0;0.0
36;37800;ASH_COATED_OSMIUM;9987;12;;;;;10003;11;;;;;9995.0;0.0
36;37800;INTARIAN_PEPPER_ROOT;49031;12;49029;10;49026;10;49043;11;49046;9;49048;11;49037.5;0.0
36;37900;ASH_COATED_OSMIUM;9987;6;9986;10;;;10003;11;10005;23;;;9995.0;0.0
36;37900;INTARIAN_PEPPER_ROOT;49030;9;49027;10;;;49041;8;49042;9;;;49035.5;0.0
36;38000;ASH_COATED_OSMIUM;9989;11;;;;;10008;22;;;;;9999.0;0.0
36;38000;INTARIAN_PEPPER_ROOT;49031;8;49030;8;49029;9;49046;12;49049;10;49051;11;49039.0;0.0
36;38100;ASH_COATED_OSMIUM;9995;12;9992;15;;;10011;15;10013;14;;;10003.0;0.0
36;38100;INTARIAN_PEPPER_ROOT;49030;8;49027;11;49024;10;49042;9;49043;8;49046;9;49036.5;0.0
36;38200;ASH_COATED_OSMIUM;9998;13;9995;10;;;10017;12;10019;10;;;10007.5;0.0
36;38200;INTARIAN_PEPPER_ROOT;49032;10;49031;11;;;49044;10;49046;12;;;49038.5;0.0
36;38300;ASH_COATED_OSMIUM;10004;15;10002;14;10001;26;10020;12;10023;14;10024;29;10012.0;0.0
36;38300;INTARIAN_PEPPER_ROOT;49033;21;49030;11;;;49046;11;49048;8;;;49039.5;0.0
36;38400;ASH_COATED_OSMIUM;10004;10;10002;14;;;10020;14;10021;4;;;10012.0;0.0
36;38400;INTARIAN_PEPPER_ROOT;49037;11;49034;15;;;49040;12;49042;10;;;49038.5;0.0
36;38500;ASH_COATED_OSMIUM;10011;12;10008;11;10007;12;10021;10;10024;28;10027;14;10016.0;0.0
36;38500;INTARIAN_PEPPER_ROOT;49029;12;49028;9;49026;10;49043;12;49045;9;49046;22;49036.5;0.0
36;38600;ASH_COATED_OSMIUM;9998;11;;;;;10014;20;;;;;10006.5;0.0
36;38600;INTARIAN_PEPPER_ROOT;49035;19;49033;8;49030;10;49049;15;49051;9;49053;11;49042.5;0.0
36;38700;ASH_COATED_OSMIUM;9993;12;9990;13;;;10011;13;10012;13;;;10002.5;0.0
36;38700;INTARIAN_PEPPER_ROOT;49028;20;49025;11;;;49041;8;49043;8;;;49035.0;0.0
36;38800;ASH_COATED_OSMIUM;9990;12;9988;14;9986;15;10006;11;10008;13;10010;11;9998.5;0.0
36;38800;INTARIAN_PEPPER_ROOT;49031;5;49029;10;;;49047;9;49050;8;;;49039.0;0.0
36;38900;ASH_COATED_OSMIUM;9989;11;9987;12;9985;14;10005;12;10007;11;10008;14;9997.0;0.0
36;38900;INTARIAN_PEPPER_ROOT;49038;9;49036;10;;;49047;20;49048;9;;;49042.5;0.0
36;39000;ASH_COATED_OSMIUM;9985;9;9984;26;9982;20;10001;10;10002;12;10003;13;9993.0;0.0
36;39000;INTARIAN_PEPPER_ROOT;49032;9;49031;10;;;49046;9;49049;8;;;49039.5;0.0
36;39100;ASH_COATED_OSMIUM;9985;15;9984;14;;;10001;13;10003;10;;;9993.5;0.0
36;39100;INTARIAN_PEPPER_ROOT;49027;12;49024;12;;;49041;10;49042;3;;;49034.0;0.0
36;39200;ASH_COATED_OSMIUM;9985;11;;;;;10001;13;;;;;9993.5;0.0
36;39200;INTARIAN_PEPPER_ROOT;49033;9;;;;;49044;10;;;;;49038.5;0.0
36;39300;ASH_COATED_OSMIUM;9984;13;9981;12;;;10000;15;10002;14;;;9992.0;0.0
36;39300;INTARIAN_PEPPER_ROOT;49030;11;;;;;49042;11;;;;;49036.5;0.0
36;39400;ASH_COATED_OSMIUM;9982;10;;;;;9998;27;;;;;9990.0;0.0
36;39400;INTARIAN_PEPPER_ROOT;49034;11;49033;11;;;49047;21;49050;11;;;49041.0;0.0
36;39500;ASH_COATED_OSMIUM;9984;9;;;;;10000;22;;;;;9992.5;0.0
36;39500;INTARIAN_PEPPER_ROOT;49033;8;49031;12;49029;11;49046;10;49048;11;49050;24;49040.0;0.0
36;39600;ASH_COATED_OSMIUM;9983;15;9981;15;9979;12;10001;14;10003;20;10006;12;9992.0;0.0
36;39600;INTARIAN_PEPPER_ROOT;49033;11;;;;;49049;3;;;;;49041.5;0.0
36;39700;ASH_COATED_OSMIUM;9982;13;9979;29;9977;12;9998;15;9999;12;10002;15;9990.5;0.0
36;39700;INTARIAN_PEPPER_ROOT;49039;24;49036;9;49034;20;49042;8;49045;8;49048;9;49040.5;0.0
36;39800;ASH_COATED_OSMIUM;9984;14;;;;;10000;22;;;;;9992.5;0.0
36;39800;INTARIAN_PEPPER_ROOT;49031;16;49030;8;;;49043;20;49046;12;;;49037.0;0.0
36;39900;ASH_COATED_OSMIUM;9985;14;9984;12;9982;13;10006;14;10009;5;10011;13;9995.5;0.0
36;39900;INTARIAN_PEPPER_ROOT;49035;9;;;;;49049;8;;;;;49042.0;0.0
36;40000;ASH_COATED_OSMIUM;9995;11;;;;;10011;30;;;;;10003.5;0.0
36;40000;INTARIAN_PEPPER_ROOT;49036;8;49033;12;;;49047;10;49049;11;;;49041.5;0.0
36;40100;ASH_COATED_OSMIUM;9990;10;;;;;10009;24;;;;;10000.0;0.0
36;40100;INTARIAN_PEPPER_ROOT;49034;8;;;;;49047;9;;;;;49040.5;0.0
36;40200;ASH_COATED_OSMIUM;9995;14;9994;30;;;10011;15;10012;10;;;10003.5;0.0
36;40200;INTARIAN_PEPPER_ROOT;49030;12;49029;19;;;49043;19;49044;11;;;49037.0;0.0
36;40300;ASH_COATED_OSMIUM;9999;30;9998;13;;;10015;30;10018;11;;;10007.5;0.0
36;40300;INTARIAN_PEPPER_ROOT;49032;10;49029;9;49026;8;49045;8;49048;8;49051;11;49038.5;0.0
36;40400;ASH_COATED_OSMIUM;9996;11;9995;13;;;10012;14;10014;27;;;10004.5;0.0
36;40400;INTARIAN_PEPPER_ROOT;49033;11;49030;9;;;49046;12;49049;8;;;49039.5;0.0
36;40500;ASH_COATED_OSMIUM;9999;15;9996;14;9994;6;10012;15;10014;13;10016;14;10005.5;0.0
36;40500;INTARIAN_PEPPER_ROOT;49036;19;;;;;49048;10;;;;;49042.0;0.0
36;40600;ASH_COATED_OSMIUM;9994;12;9993;15;;;10010;15;10012;11;;;10002.5;0.0
36;40600;INTARIAN_PEPPER_ROOT;49033;8;49031;21;;;49048;8;49051;9;;;49040.5;0.0
36;40700;ASH_COATED_OSMIUM;9989;13;9986;10;;;10007;12;10008;14;;;9998.5;0.0
36;40700;INTARIAN_PEPPER_ROOT;49034;11;;;;;49046;9;;;;;49040.0;0.0
36;40800;ASH_COATED_OSMIUM;9993;15;9992;12;;;10012;10;10014;22;;;10003.0;0.0
36;40800;INTARIAN_PEPPER_ROOT;49036;9;49035;9;;;49048;3;49050;9;;;49042.5;0.0
36;40900;ASH_COATED_OSMIUM;9999;13;;;;;10015;14;;;;;10007.0;0.0
36;40900;INTARIAN_PEPPER_ROOT;49033;11;49031;24;;;49047;8;49049;9;;;49040.5;0.0
36;41000;ASH_COATED_OSMIUM;9995;14;9993;13;9991;10;10011;14;10012;10;10015;21;10003.0;0.0
36;41000;INTARIAN_PEPPER_ROOT;49038;12;;;;;49046;20;;;;;49042.5;0.0
36;41100;ASH_COATED_OSMIUM;9991;13;;;;;10007;15;;;;;9999.5;0.0
36;41100;INTARIAN_PEPPER_ROOT;49035;11;49034;12;49033;11;49046;8;49049;10;49050;8;49041.0;0.0
36;41200;ASH_COATED_OSMIUM;9991;10;;;;;10010;15;;;;;10001.0;0.0
36;41200;INTARIAN_PEPPER_ROOT;49038;21;49035;10;;;49049;11;49050;9;;;49043.5;0.0
36;41300;ASH_COATED_OSMIUM;9991;6;9990;28;;;10010;10;10013;20;;;10000.5;0.0
36;41300;INTARIAN_PEPPER_ROOT;49035;12;;;;;49048;8;;;;;49042.0;0.0
36;41400;ASH_COATED_OSMIUM;9994;12;9993;27;;;10015;10;10017;15;;;10005.0;0.0
36;41400;INTARIAN_PEPPER_ROOT;49040;9;49038;15;;;49042;10;49045;15;;;49041.0;0.0
36;41500;ASH_COATED_OSMIUM;9994;2;9991;14;9990;2;10013;12;10014;13;10016;12;10003.5;0.0
36;41500;INTARIAN_PEPPER_ROOT;49031;8;;;;;49048;10;;;;;49040.0;0.0
36;41600;ASH_COATED_OSMIUM;9993;24;9992;10;;;10012;10;10014;26;;;10002.5;0.0
36;41600;INTARIAN_PEPPER_ROOT;49039;9;49036;12;;;49052;10;49055;16;;;49045.5;0.0
36;41700;ASH_COATED_OSMIUM;9995;10;9993;15;;;10006;22;10007;14;;;10001.0;0.0
36;41700;INTARIAN_PEPPER_ROOT;49035;10;49034;21;;;49047;9;49049;10;;;49041.0;0.0
36;41800;ASH_COATED_OSMIUM;9983;12;9982;6;;;9999;13;10002;27;;;9991.0;0.0
36;41800;INTARIAN_PEPPER_ROOT;49035;12;49034;8;;;49050;10;49053;10;;;49043.0;0.0
36;41900;ASH_COATED_OSMIUM;9989;12;;;;;10005;10;;;;;9997.5;0.0
36;41900;INTARIAN_PEPPER_ROOT;49037;9;49036;21;49033;11;49049;12;49050;12;49053;10;49043.5;0.0
36;42000;ASH_COATED_OSMIUM;9992;14;;;;;10008;12;;;;;10000.0;0.0
36;42000;INTARIAN_PEPPER_ROOT;49037;12;49035;10;49032;8;49050;15;49051;10;49052;12;49044.0;0.0
36;42100;ASH_COATED_OSMIUM;9992;13;;;;;10008;12;;;;;10000.5;0.0
36;42100;INTARIAN_PEPPER_ROOT;49039;8;49036;11;;;49052;15;49055;9;;;49045.5;0.0
36;42200;ASH_COATED_OSMIUM;9997;11;9996;23;;;10013;12;10014;12;;;10005.0;0.0
36;42200;INTARIAN_PEPPER_ROOT;49029;9;49026;11;49024;8;49043;9;49046;9;49048;9;49036.0;0.0
36;42300;ASH_COATED_OSMIUM;9994;14;9991;14;9990;10;10010;10;10013;12;10016;12;10002.0;0.0
36;42300;INTARIAN_PEPPER_ROOT;49032;11;;;;;49044;9;;;;;49038.0;0.0
36;42400;ASH_COATED_OSMIUM;9992;13;;;;;10008;13;;;;;10000.0;0.0
36;42400;INTARIAN_PEPPER_ROOT;49035;11;49033;12;49031;9;49050;24;49053;10;49056;10;49043.0;0.0
36;42500;ASH_COATED_OSMIUM;9989;13;;;;;10005;10;;;;;9997.5;0.0
36;42500;INTARIAN_PEPPER_ROOT;49038;11;49037;8;;;49050;12;49052;11;;;49044.5;0.0
36;42600;ASH_COATED_OSMIUM;9988;10;9987;15;;;10001;15;10002;14;;;9994.5;0.0
36;42600;INTARIAN_PEPPER_ROOT;49037;8;49036;12;49035;10;49050;8;49052;12;49053;8;49044.0;0.0
36;42700;ASH_COATED_OSMIUM;9989;10;9986;13;;;10005;22;10007;11;;;9997.0;0.0
36;42700;INTARIAN_PEPPER_ROOT;49038;19;49036;12;;;49052;9;49055;8;;;49045.0;0.0
36;42800;ASH_COATED_OSMIUM;9989;13;9988;25;;;10007;10;10010;12;;;9998.5;0.0
36;42800;INTARIAN_PEPPER_ROOT;49033;12;;;;;49048;11;;;;;49040.5;0.0
36;42900;ASH_COATED_OSMIUM;9988;14;9985;13;9982;30;10004;15;10005;15;10008;10;9996.5;0.0
36;42900;INTARIAN_PEPPER_ROOT;49039;8;;;;;49051;10;;;;;49045.0;0.0
36;43000;ASH_COATED_OSMIUM;9990;10;;;;;10006;11;;;;;9998.0;0.0
36;43000;INTARIAN_PEPPER_ROOT;49038;11;49035;11;49034;20;49054;12;49056;10;49059;10;49046.0;0.0
36;43100;ASH_COATED_OSMIUM;9995;11;9994;12;;;10011;13;10012;11;;;10003.5;0.0
36;43100;INTARIAN_PEPPER_ROOT;49034;9;49032;12;49030;7;49049;11;49052;8;49054;8;49041.5;0.0
36;43200;ASH_COATED_OSMIUM;9988;12;;;;;10004;29;;;;;9996.5;0.0
36;43200;INTARIAN_PEPPER_ROOT;49032;8;49030;12;;;49049;16;49050;8;;;49041.0;0.0
36;43300;ASH_COATED_OSMIUM;9984;14;9982;10;9979;15;10003;10;10004;12;10006;15;9994.0;0.0
36;43300;INTARIAN_PEPPER_ROOT;49031;11;;;;;49045;20;;;;;49038.5;0.0
36;43400;ASH_COATED_OSMIUM;9986;14;;;;;10002;13;;;;;9994.0;0.0
36;43400;INTARIAN_PEPPER_ROOT;49036;17;49033;8;;;49047;11;49050;11;;;49041.5;0.0
36;43500;ASH_COATED_OSMIUM;9991;10;;;;;9998;4;;;;;9995.0;0.0
36;43500;INTARIAN_PEPPER_ROOT;49032;9;49030;9;49027;22;49048;10;49049;9;49052;11;49040.0;0.0
36;43600;ASH_COATED_OSMIUM;9993;14;;;;;10009;25;;;;;10001.0;0.0
36;43600;INTARIAN_PEPPER_ROOT;49039;8;49038;10;;;49050;9;49053;10;;;49044.5;0.0
36;43700;ASH_COATED_OSMIUM;9995;13;;;;;10011;15;;;;;10003.0;0.0
36;43700;INTARIAN_PEPPER_ROOT;49035;9;49033;11;;;49051;18;49053;10;;;49043.0;0.0
36;43800;ASH_COATED_OSMIUM;9994;20;9993;29;;;10010;13;10011;13;;;10002.0;0.0
36;43800;INTARIAN_PEPPER_ROOT;49040;12;49037;11;49035;22;49053;9;49054;8;49056;21;49046.5;0.0
36;43900;ASH_COATED_OSMIUM;9988;13;;;;;10009;10;;;;;9999.0;0.0
36;43900;INTARIAN_PEPPER_ROOT;49040;9;49037;9;;;49054;10;49056;12;;;49047.0;0.0
36;44000;ASH_COATED_OSMIUM;9995;22;9992;12;;;10011;14;10012;15;;;10003.0;0.0
36;44000;INTARIAN_PEPPER_ROOT;49041;8;;;;;49055;11;;;;;49048.0;0.0
36;44100;ASH_COATED_OSMIUM;9996;10;9994;14;;;10012;29;10014;13;;;10004.5;0.0
36;44100;INTARIAN_PEPPER_ROOT;49035;21;49032;11;;;49051;8;49054;8;;;49043.5;0.0
36;44200;ASH_COATED_OSMIUM;9996;12;;;;;10014;12;;;;;10005.0;0.0
36;44200;INTARIAN_PEPPER_ROOT;49037;11;49034;9;;;49052;10;49053;11;;;49045.0;0.0
36;44300;ASH_COATED_OSMIUM;9999;14;9996;13;;;10009;14;10012;28;;;10004.0;0.0
36;44300;INTARIAN_PEPPER_ROOT;49037;9;49036;23;49033;11;49049;8;49050;10;49052;9;49043.0;0.0
36;44400;ASH_COATED_OSMIUM;9999;14;9998;14;9995;11;10015;13;10016;27;10019;7;10007.5;0.0
36;44400;INTARIAN_PEPPER_ROOT;49034;9;49032;12;49031;12;49046;12;49048;12;49049;12;49040.5;0.0
36;44500;ASH_COATED_OSMIUM;9998;10;;;;;10014;15;;;;;10006.5;0.0
36;44500;INTARIAN_PEPPER_ROOT;49039;8;49037;22;49034;12;49051;11;49053;12;49056;15;49045.0;0.0
36;44600;ASH_COATED_OSMIUM;9990;28;9988;13;;;10008;6;10011;15;;;9999.5;0.0
36;44600;INTARIAN_PEPPER_ROOT;49034;10;49031;16;49028;17;49047;9;49050;11;49053;12;49040.5;0.0
36;44700;ASH_COATED_OSMIUM;9986;12;9983;11;9982;12;10005;15;10008;15;10009;13;9995.5;0.0
36;44700;INTARIAN_PEPPER_ROOT;49037;17;49036;8;;;49049;11;49051;11;;;49043.0;0.0
36;44800;ASH_COATED_OSMIUM;9992;14;;;;;10008;22;;;;;10000.5;0.0
36;44800;INTARIAN_PEPPER_ROOT;49040;10;49038;8;49036;10;49054;12;49055;10;49057;20;49047.5;0.0
36;44900;ASH_COATED_OSMIUM;9992;13;9989;14;9987;15;10008;14;10009;11;10010;12;10000.0;0.0
36;44900;INTARIAN_PEPPER_ROOT;49038;10;;;;;49049;11;;;;;49044.0;0.0
36;45000;ASH_COATED_OSMIUM;9992;14;;;;;10008;4;;;;;10000.0;0.0
36;45000;INTARIAN_PEPPER_ROOT;49038;12;49035;11;49033;12;49050;9;49051;10;49053;9;49044.5;0.0
36;45100;ASH_COATED_OSMIUM;9988;15;9985;11;;;10004;15;10006;12;;;9996.5;0.0
36;45100;INTARIAN_PEPPER_ROOT;49040;4;49039;11;49037;10;49052;8;49055;16;49058;15;49046.0;0.0
36;45200;ASH_COATED_OSMIUM;9988;13;9986;11;;;10006;11;10008;13;;;9997.5;0.0
36;45200;INTARIAN_PEPPER_ROOT;49038;9;49035;4;;;49051;21;49054;12;;;49045.0;0.0
36;45300;ASH_COATED_OSMIUM;9991;15;9988;10;9986;10;10007;11;10008;14;10011;15;9999.0;0.0
36;45300;INTARIAN_PEPPER_ROOT;49041;12;;;;;49052;11;;;;;49046.5;0.0
36;45400;ASH_COATED_OSMIUM;9991;13;;;;;10007;28;;;;;9999.5;0.0
36;45400;INTARIAN_PEPPER_ROOT;49040;8;;;;;49057;8;;;;;49048.5;0.0
36;45500;ASH_COATED_OSMIUM;9986;12;9984;14;9981;12;10002;13;10003;14;10006;14;9994.0;0.0
36;45500;INTARIAN_PEPPER_ROOT;49042;8;;;;;49053;8;;;;;49048.0;0.0
36;45600;ASH_COATED_OSMIUM;9988;14;;;;;10007;12;;;;;9997.5;0.0
36;45600;INTARIAN_PEPPER_ROOT;49040;12;49039;12;49038;9;49053;10;49054;10;49057;10;49047.0;0.0
36;45700;ASH_COATED_OSMIUM;9989;10;9987;14;9986;27;10005;14;10006;11;10007;10;9997.5;0.0
36;45700;INTARIAN_PEPPER_ROOT;49038;8;49037;19;;;49052;9;49055;9;;;49045.0;0.0
36;45800;ASH_COATED_OSMIUM;9985;9;9982;22;;;10001;13;10003;15;;;9993.5;0.0
36;45800;INTARIAN_PEPPER_ROOT;49040;10;49039;9;;;49054;11;49056;10;;;49047.5;0.0
36;45900;ASH_COATED_OSMIUM;9988;10;9985;14;9983;5;10004;11;10006;13;10009;10;9996.0;0.0
36;45900;INTARIAN_PEPPER_ROOT;49041;11;49038;10;49035;21;49052;19;49054;8;49056;11;49046.5;0.0
36;46000;ASH_COATED_OSMIUM;9989;12;9987;14;9986;11;10008;15;10011;15;10013;10;9999.0;0.0
36;46000;INTARIAN_PEPPER_ROOT;49038;10;;;;;49052;12;;;;;49045.0;0.0
36;46100;ASH_COATED_OSMIUM;9998;10;9996;3;9995;10;10014;13;10015;15;10016;11;10006.0;0.0
36;46100;INTARIAN_PEPPER_ROOT;49041;3;49039;16;;;49052;8;49054;16;;;49047.0;0.0
36;46200;ASH_COATED_OSMIUM;9994;11;9991;14;9989;15;10013;12;10014;24;10016;12;10003.5;0.0
36;46200;INTARIAN_PEPPER_ROOT;49037;9;;;;;49050;11;;;;;49043.5;0.0
36;46300;ASH_COATED_OSMIUM;9994;14;9993;14;9991;12;10012;12;10013;15;10014;10;10003.0;0.0
36;46300;INTARIAN_PEPPER_ROOT;49037;12;49035;8;;;49051;9;49054;22;;;49044.5;0.0
36;46400;ASH_COATED_OSMIUM;9997;12;9996;14;;;10013;15;10014;3;;;10005.0;0.0
36;46400;INTARIAN_PEPPER_ROOT;49039;12;;;;;49051;22;;;;;49045.5;0.0
36;46500;ASH_COATED_OSMIUM;9998;9;9995;11;9993;12;10004;12;10006;14;10009;12;10001.5;0.0
36;46500;INTARIAN_PEPPER_ROOT;49040;9;;;;;49054;10;;;;;49047.0;0.0
36;46600;ASH_COATED_OSMIUM;9989;29;9987;10;;;10005;3;10008;13;;;9997.5;0.0
36;46600;INTARIAN_PEPPER_ROOT;49038;12;49037;9;49036;12;49055;9;49057;10;49060;23;49046.5;0.0
36;46700;ASH_COATED_OSMIUM;9990;15;9989;11;;;10006;10;10007;15;;;9998.5;0.0
36;46700;INTARIAN_PEPPER_ROOT;49041;9;49040;12;;;49054;10;49055;19;;;49048.0;0.0
36;46800;ASH_COATED_OSMIUM;9989;13;;;;;10005;15;;;;;9997.5;0.0
36;46800;INTARIAN_PEPPER_ROOT;49043;11;49041;10;49038;16;49055;8;49057;10;49058;11;49049.0;0.0
36;46900;ASH_COATED_OSMIUM;9987;11;;;;;10003;14;;;;;9995.0;0.0
36;46900;INTARIAN_PEPPER_ROOT;49043;19;49041;19;;;49055;19;49056;12;;;49049.5;0.0
36;47000;ASH_COATED_OSMIUM;9986;3;;;;;10002;30;;;;;9994.0;0.0
36;47000;INTARIAN_PEPPER_ROOT;49041;10;;;;;49052;8;;;;;49046.5;0.0
36;47100;ASH_COATED_OSMIUM;9989;7;9988;14;;;10005;21;10006;13;;;9997.5;0.0
36;47100;INTARIAN_PEPPER_ROOT;49039;12;;;;;49052;21;;;;;49046.0;0.0
36;47200;ASH_COATED_OSMIUM;9994;10;9993;15;;;10010;13;10012;11;;;10002.5;0.0
36;47200;INTARIAN_PEPPER_ROOT;49039;10;49038;10;49037;22;49055;9;49056;8;49059;12;49047.5;0.0
36;47300;ASH_COATED_OSMIUM;9993;15;9991;12;;;10011;11;10014;28;;;10002.5;0.0
36;47300;INTARIAN_PEPPER_ROOT;49038;25;49037;8;49035;8;49055;11;49057;8;49058;19;49047.0;0.0
36;47400;ASH_COATED_OSMIUM;9995;15;9993;27;;;10014;10;10017;13;;;10004.5;0.0
36;47400;INTARIAN_PEPPER_ROOT;49043;17;49041;22;;;49054;10;49056;9;;;49049.0;0.0
36;47500;ASH_COATED_OSMIUM;9996;27;;;;;10014;14;;;;;10005.5;0.0
36;47500;INTARIAN_PEPPER_ROOT;49041;10;;;;;49052;6;;;;;49047.0;0.0
36;47600;ASH_COATED_OSMIUM;9998;15;9995;20;9994;12;10019;13;10020;28;10023;7;10008.5;0.0
36;47600;INTARIAN_PEPPER_ROOT;49041;11;49039;9;;;49052;11;49055;11;;;49047.0;0.0
36;47700;ASH_COATED_OSMIUM;9999;10;;;;;10018;15;;;;;10008.5;0.0
36;47700;INTARIAN_PEPPER_ROOT;49044;21;49041;12;49040;8;49055;11;49058;12;49060;11;49050.0;0.0
36;47800;ASH_COATED_OSMIUM;10000;12;9998;11;;;10010;10;10011;11;;;10005.5;0.0
36;47800;INTARIAN_PEPPER_ROOT;49040;16;49039;17;;;49057;19;49060;8;;;49048.5;0.0
36;47900;ASH_COATED_OSMIUM;9999;12;9996;14;;;10017;13;10018;4;;;10008.0;0.0
36;47900;INTARIAN_PEPPER_ROOT;49039;8;;;;;49056;10;;;;;49047.5;0.0
36;48000;ASH_COATED_OSMIUM;9994;15;9991;14;;;10013;15;10016;11;;;10003.5;0.0
36;48000;INTARIAN_PEPPER_ROOT;49042;11;;;;;49054;12;;;;;49048.5;0.0
36;48100;ASH_COATED_OSMIUM;9996;14;9993;10;9990;14;10012;13;10015;13;10018;14;10004.0;0.0
36;48100;INTARIAN_PEPPER_ROOT;49042;9;49040;12;;;49056;11;49058;11;;;49049.5;0.0
36;48200;ASH_COATED_OSMIUM;9992;27;9989;10;9986;13;10011;20;10012;11;10014;14;10002.0;0.0
36;48200;INTARIAN_PEPPER_ROOT;49038;12;49036;15;49033;20;49054;12;49057;8;49059;18;49046.5;0.0
36;48300;ASH_COATED_OSMIUM;9992;12;9989;14;;;10008;15;10010;12;;;10000.5;0.0
36;48300;INTARIAN_PEPPER_ROOT;49039;9;;;;;49053;10;;;;;49046.5;0.0
36;48400;ASH_COATED_OSMIUM;9994;15;9991;24;;;10003;14;10005;13;;;9999.0;0.0
36;48400;INTARIAN_PEPPER_ROOT;49039;10;49038;17;;;49053;16;49056;10;;;49046.5;0.0
36;48500;ASH_COATED_OSMIUM;9996;11;9994;12;9993;12;10012;11;10013;15;10015;27;10004.5;0.0
36;48500;INTARIAN_PEPPER_ROOT;49047;17;49044;10;;;49060;24;49061;9;;;49053.5;0.0
36;48600;ASH_COATED_OSMIUM;9999;4;9996;15;;;10015;15;10016;14;;;10007.0;0.0
36;48600;INTARIAN_PEPPER_ROOT;49044;11;;;;;49058;9;;;;;49051.5;0.0
36;48700;ASH_COATED_OSMIUM;10002;10;10000;13;;;10020;13;10021;10;;;10011.0;0.0
36;48700;INTARIAN_PEPPER_ROOT;49041;11;;;;;49055;11;;;;;49048.0;0.0
36;48800;ASH_COATED_OSMIUM;9998;23;;;;;10014;14;;;;;10006.5;0.0
36;48800;INTARIAN_PEPPER_ROOT;49041;10;;;;;49055;10;;;;;49048.0;0.0
36;48900;ASH_COATED_OSMIUM;9996;15;9994;12;9991;28;10012;10;10014;10;10015;30;10004.5;0.0
36;48900;INTARIAN_PEPPER_ROOT;49038;9;49037;9;;;49052;11;49055;8;;;49045.5;0.0
36;49000;ASH_COATED_OSMIUM;9997;10;9994;26;9992;12;10013;4;10016;11;10018;14;10005.5;0.0
36;49000;INTARIAN_PEPPER_ROOT;49042;10;;;;;49059;12;;;;;49050.5;0.0
36;49100;ASH_COATED_OSMIUM;9994;13;9991;14;;;10012;12;10013;26;;;10003.0;0.0
36;49100;INTARIAN_PEPPER_ROOT;49046;20;49043;24;;;49059;11;49061;9;;;49052.5;0.0
36;49200;ASH_COATED_OSMIUM;9990;23;;;;;10006;10;;;;;9998.0;0.0
36;49200;INTARIAN_PEPPER_ROOT;49044;12;49043;10;49041;12;49052;10;49055;9;49056;15;49048.0;0.0
36;49300;ASH_COATED_OSMIUM;9996;10;9994;13;9993;14;10012;14;10015;4;10018;10;10004.0;0.0
36;49300;INTARIAN_PEPPER_ROOT;49045;10;49043;12;49041;10;49048;11;49049;10;49050;12;49046.5;0.0
36;49400;ASH_COATED_OSMIUM;9999;14;9998;10;9996;15;10015;13;10018;13;10021;12;10007.0;0.0
36;49400;INTARIAN_PEPPER_ROOT;49041;18;49038;11;49036;11;49054;10;49055;10;49058;8;49048.0;0.0
36;49500;ASH_COATED_OSMIUM;9994;14;9993;14;;;10010;12;10012;11;;;10002.5;0.0
36;49500;INTARIAN_PEPPER_ROOT;49044;12;;;;;49058;11;;;;;49051.0;0.0
36;49600;ASH_COATED_OSMIUM;9989;4;;;;;10005;10;;;;;9997.5;0.0
36;49600;INTARIAN_PEPPER_ROOT;49042;16;;;;;49055;9;;;;;49049.0;0.0
36;49700;ASH_COATED_OSMIUM;9980;10;;;;;9999;13;;;;;9989.5;0.0
36;49700;INTARIAN_PEPPER_ROOT;49042;11;;;;;49054;9;;;;;49048.5;0.0
36;49800;ASH_COATED_OSMIUM;9989;14;9987;14;9986;11;10005;13;10008;13;10009;15;9997.5;0.0
36;49800;INTARIAN_PEPPER_ROOT;49044;12;;;;;49057;25;;;;;49051.0;0.0
36;49900;ASH_COATED_OSMIUM;9993;23;9991;12;9989;13;10003;29;10005;13;10008;11;9998.0;0.0
36;49900;INTARIAN_PEPPER_ROOT;49044;12;49042;12;;;49060;11;49061;8;;;49052.0;0.0
36;50000;ASH_COATED_OSMIUM;9992;11;;;;;10008;15;;;;;10000.5;0.0
36;50000;INTARIAN_PEPPER_ROOT;49043;10;49041;8;;;49060;23;49061;8;;;49051.5;0.0
36;50100;ASH_COATED_OSMIUM;9992;12;;;;;10008;11;;;;;10000.0;0.0
36;50100;INTARIAN_PEPPER_ROOT;49046;8;;;;;49060;9;;;;;49053.5;0.0
36;50200;ASH_COATED_OSMIUM;9997;10;;;;;10013;28;;;;;10005.5;0.0
36;50200;INTARIAN_PEPPER_ROOT;49044;9;;;;;49056;10;;;;;49050.5;0.0
36;50300;ASH_COATED_OSMIUM;9989;15;9986;11;9984;10;10007;29;10010;24;10013;21;9998.5;0.0
36;50300;INTARIAN_PEPPER_ROOT;49043;8;;;;;49056;11;;;;;49050.0;0.0
36;50400;ASH_COATED_OSMIUM;9986;13;9985;12;;;10002;10;10004;12;;;9994.5;0.0
36;50400;INTARIAN_PEPPER_ROOT;49045;8;49042;8;;;49057;12;49058;8;;;49051.0;0.0
36;50500;ASH_COATED_OSMIUM;9980;10;9978;12;;;9998;11;9999;13;;;9989.0;0.0
36;50500;INTARIAN_PEPPER_ROOT;49043;8;49042;22;;;49055;24;49058;8;;;49049.5;0.0
36;50600;ASH_COATED_OSMIUM;9985;13;9983;14;;;10001;11;10003;11;;;9993.5;0.0
36;50600;INTARIAN_PEPPER_ROOT;49043;10;49042;10;49040;12;49056;9;49058;8;49061;15;49050.0;0.0
36;50700;ASH_COATED_OSMIUM;9982;25;9980;10;;;10001;12;10004;12;;;9992.0;0.0
36;50700;INTARIAN_PEPPER_ROOT;49044;12;49042;12;;;49061;10;49063;8;;;49053.0;0.0
36;50800;ASH_COATED_OSMIUM;9987;9;;;;;10003;13;;;;;9995.5;0.0
36;50800;INTARIAN_PEPPER_ROOT;49046;11;;;;;49062;8;;;;;49054.5;0.0
36;50900;ASH_COATED_OSMIUM;9989;11;9986;14;9983;10;10005;11;10006;11;10007;13;9997.0;0.0
36;50900;INTARIAN_PEPPER_ROOT;49043;10;49041;24;49040;11;49059;9;49062;11;49064;10;49051.0;0.0
36;51000;ASH_COATED_OSMIUM;9990;15;;;;;10006;15;;;;;9998.0;0.0
36;51000;INTARIAN_PEPPER_ROOT;49047;9;;;;;49061;10;;;;;49054.0;0.0
36;51100;ASH_COATED_OSMIUM;9994;13;9991;11;;;10010;12;10013;14;;;10002.5;0.0
36;51100;INTARIAN_PEPPER_ROOT;49045;11;49042;12;;;49059;12;49062;8;;;49052.0;0.0
36;51200;ASH_COATED_OSMIUM;9991;11;9989;27;9986;28;10010;14;10011;24;10013;28;10001.0;0.0
36;51200;INTARIAN_PEPPER_ROOT;49045;12;49044;12;49043;11;49057;12;49060;10;49063;8;49051.0;0.0
36;51300;ASH_COATED_OSMIUM;9991;14;9989;10;9986;10;10007;12;10009;13;10010;14;9999.0;0.0
36;51300;INTARIAN_PEPPER_ROOT;49047;11;49044;10;49042;24;49059;11;49061;12;49064;11;49053.5;0.0
36;51400;ASH_COATED_OSMIUM;9994;15;;;;;10012;10;;;;;10003.5;0.0
36;51400;INTARIAN_PEPPER_ROOT;49046;11;;;;;49058;9;;;;;49052.0;0.0
36;51500;ASH_COATED_OSMIUM;9986;11;9985;13;;;10002;13;10004;11;;;9994.5;0.0
36;51500;INTARIAN_PEPPER_ROOT;49045;11;49043;9;;;49057;12;49059;9;;;49051.0;0.0
36;51600;ASH_COATED_OSMIUM;9990;25;9988;15;9985;12;10006;12;10009;10;10012;14;9998.0;0.0
36;51600;INTARIAN_PEPPER_ROOT;49045;8;49044;10;;;49057;12;49060;10;;;49051.0;0.0
36;51700;ASH_COATED_OSMIUM;9990;12;9989;15;;;10006;10;10007;13;;;9998.5;0.0
36;51700;INTARIAN_PEPPER_ROOT;49041;10;49039;18;49038;11;49054;9;49055;11;49056;8;49048.0;0.0
36;51800;ASH_COATED_OSMIUM;9993;11;9990;14;;;10009;10;10011;21;;;10001.5;0.0
36;51800;INTARIAN_PEPPER_ROOT;49042;11;;;;;49055;8;;;;;49049.0;0.0
36;51900;ASH_COATED_OSMIUM;9995;15;;;;;10011;11;;;;;10003.5;0.0
36;51900;INTARIAN_PEPPER_ROOT;49045;11;;;;;49058;12;;;;;49051.5;0.0
36;52000;ASH_COATED_OSMIUM;9988;10;9987;15;;;10009;12;10012;22;;;9998.5;0.0
36;52000;INTARIAN_PEPPER_ROOT;49047;11;49044;15;49043;10;49059;12;49061;9;49062;16;49053.5;0.0
36;52100;ASH_COATED_OSMIUM;9988;15;9987;11;;;10006;13;10007;21;;;9997.0;0.0
36;52100;INTARIAN_PEPPER_ROOT;49047;8;49046;10;49045;8;49058;11;49059;9;49062;8;49052.5;0.0
36;52200;ASH_COATED_OSMIUM;9991;11;9989;15;;;10007;12;10009;13;;;9999.5;0.0
36;52200;INTARIAN_PEPPER_ROOT;49049;17;49048;16;49046;9;49062;8;49065;11;49068;17;49055.5;0.0
36;52300;ASH_COATED_OSMIUM;9989;10;9987;11;;;10005;13;10006;12;;;9997.0;0.0
36;52300;INTARIAN_PEPPER_ROOT;49050;11;49047;8;;;49062;22;49064;3;;;49056.0;0.0
36;52400;ASH_COATED_OSMIUM;9989;10;9988;13;9987;11;10007;12;10008;13;10010;12;9998.5;0.0
36;52400;INTARIAN_PEPPER_ROOT;49047;9;49045;11;49044;12;49062;10;49065;19;49067;9;49054.5;0.0
36;52500;ASH_COATED_OSMIUM;9987;13;9984;13;;;10005;10;10007;27;;;9996.0;0.0
36;52500;INTARIAN_PEPPER_ROOT;49046;9;;;;;49057;10;;;;;49051.5;0.0
36;52600;ASH_COATED_OSMIUM;9984;10;;;;;10003;10;;;;;9994.0;0.0
36;52600;INTARIAN_PEPPER_ROOT;49043;16;;;;;49056;25;;;;;49050.0;0.0
36;52700;ASH_COATED_OSMIUM;9980;12;9977;25;9974;29;9996;12;9997;12;9998;12;9988.0;0.0
36;52700;INTARIAN_PEPPER_ROOT;49044;10;;;;;49057;9;;;;;49050.5;0.0
36;52800;ASH_COATED_OSMIUM;9981;11;9978;13;;;9999;12;10000;21;;;9990.5;0.0
36;52800;INTARIAN_PEPPER_ROOT;49039;10;;;;;49058;9;;;;;49049.0;0.0
36;52900;ASH_COATED_OSMIUM;9988;14;9986;15;;;10006;14;10007;15;;;9997.0;0.0
36;52900;INTARIAN_PEPPER_ROOT;49043;10;;;;;49060;3;;;;;49052.0;0.0
36;53000;ASH_COATED_OSMIUM;9986;21;9983;11;;;10005;14;10007;27;;;9995.5;0.0
36;53000;INTARIAN_PEPPER_ROOT;49044;8;49041;10;;;49058;8;49061;5;;;49051.5;0.0
36;53100;ASH_COATED_OSMIUM;9986;13;9985;13;9984;10;10002;13;10004;11;10005;13;9994.0;0.0
36;53100;INTARIAN_PEPPER_ROOT;49041;9;49040;11;49039;10;49053;9;49055;8;49057;11;49047.0;0.0
36;53200;ASH_COATED_OSMIUM;9991;11;9988;27;9986;11;10007;15;10008;21;10009;11;9999.5;0.0
36;53200;INTARIAN_PEPPER_ROOT;49051;12;49050;12;;;49062;12;49063;11;;;49057.0;0.0
36;53300;ASH_COATED_OSMIUM;9986;24;;;;;10002;12;;;;;9994.0;0.0
36;53300;INTARIAN_PEPPER_ROOT;49046;9;49045;12;;;49063;12;49066;9;;;49054.5;0.0
36;53400;ASH_COATED_OSMIUM;9991;10;9989;14;;;10007;10;10010;10;;;9999.5;0.0
36;53400;INTARIAN_PEPPER_ROOT;49036;18;49034;10;;;49053;15;49055;9;;;49044.5;0.0
36;53500;ASH_COATED_OSMIUM;9991;23;;;;;10007;26;;;;;9999.0;0.0
36;53500;INTARIAN_PEPPER_ROOT;49047;8;49044;11;;;49059;16;49061;11;;;49053.5;0.0
36;53600;ASH_COATED_OSMIUM;9991;12;;;;;10007;6;;;;;9999.5;0.0
36;53600;INTARIAN_PEPPER_ROOT;49049;8;49046;10;;;49062;9;49063;11;;;49055.5;0.0
36;53700;ASH_COATED_OSMIUM;9991;12;;;;;10007;10;;;;;9999.5;0.0
36;53700;INTARIAN_PEPPER_ROOT;49045;8;49043;8;;;49060;11;49061;8;;;49052.5;0.0
36;53800;ASH_COATED_OSMIUM;9997;15;;;;;10013;26;;;;;10005.5;0.0
36;53800;INTARIAN_PEPPER_ROOT;49047;8;49044;12;;;49063;11;49066;9;;;49055.0;0.0
36;53900;ASH_COATED_OSMIUM;9996;12;9995;12;9994;15;10012;15;10015;10;10018;22;10004.0;0.0
36;53900;INTARIAN_PEPPER_ROOT;49041;8;49038;8;;;49061;11;49063;10;;;49051.5;0.0
36;54000;ASH_COATED_OSMIUM;9994;23;;;;;10013;15;;;;;10004.0;0.0
36;54000;INTARIAN_PEPPER_ROOT;49053;11;49051;20;49048;10;49057;9;49058;11;49059;10;49055.0;0.0
36;54100;ASH_COATED_OSMIUM;9996;11;;;;;10012;26;;;;;10004.0;0.0
36;54100;INTARIAN_PEPPER_ROOT;49047;9;;;;;49064;8;;;;;49055.5;0.0
36;54200;ASH_COATED_OSMIUM;9999;11;9996;25;;;10015;13;10017;10;;;10007.0;0.0
36;54200;INTARIAN_PEPPER_ROOT;49050;8;;;;;49062;9;;;;;49056.0;0.0
36;54300;ASH_COATED_OSMIUM;9997;13;9996;13;9993;15;10013;11;10016;12;10017;11;10005.5;0.0
36;54300;INTARIAN_PEPPER_ROOT;49045;9;49044;10;;;49057;8;49060;8;;;49051.5;0.0
36;54400;ASH_COATED_OSMIUM;9992;12;9991;12;9989;13;10011;14;10013;10;10016;21;10001.5;0.0
36;54400;INTARIAN_PEPPER_ROOT;49046;23;49045;12;49042;12;49060;18;49063;11;49064;8;49053.5;0.0
36;54500;ASH_COATED_OSMIUM;9998;11;9996;14;;;10014;10;10016;15;;;10006.5;0.0
36;54500;INTARIAN_PEPPER_ROOT;49053;8;;;;;49065;8;;;;;49059.5;0.0
36;54600;ASH_COATED_OSMIUM;9996;10;;;;;10012;10;;;;;10004.5;0.0
36;54600;INTARIAN_PEPPER_ROOT;49045;10;;;;;49056;20;;;;;49051.0;0.0
36;54700;ASH_COATED_OSMIUM;9997;14;9996;11;9994;14;10013;11;10016;11;10019;15;10005.0;0.0
36;54700;INTARIAN_PEPPER_ROOT;49047;10;49046;22;49043;12;49060;8;49062;9;49064;10;49054.0;0.0
36;54800;ASH_COATED_OSMIUM;9999;13;9998;15;;;10017;26;10019;15;;;10008.5;0.0
36;54800;INTARIAN_PEPPER_ROOT;49046;11;49043;11;;;49059;10;49060;19;;;49052.5;0.0
36;54900;ASH_COATED_OSMIUM;9995;14;9994;13;;;10011;14;10014;22;;;10003.5;0.0
36;54900;INTARIAN_PEPPER_ROOT;49054;12;49053;9;;;49059;11;49061;8;;;49057.0;0.0
36;55000;ASH_COATED_OSMIUM;9997;12;;;;;10016;12;;;;;10006.5;0.0
36;55000;INTARIAN_PEPPER_ROOT;49049;11;;;;;49062;10;;;;;49056.0;0.0
36;55100;ASH_COATED_OSMIUM;9994;22;9991;15;;;10013;11;10016;11;;;10004.0;0.0
36;55100;INTARIAN_PEPPER_ROOT;49053;12;49050;12;;;49066;12;49068;12;;;49060.0;0.0
36;55200;ASH_COATED_OSMIUM;9996;2;9994;3;;;10012;11;10014;11;;;10004.0;0.0
36;55200;INTARIAN_PEPPER_ROOT;49045;12;49043;16;;;49063;8;49065;9;;;49054.5;0.0
36;55300;ASH_COATED_OSMIUM;10002;14;10000;14;;;10007;12;10010;14;;;10005.0;0.0
36;55300;INTARIAN_PEPPER_ROOT;49049;10;49046;11;;;49062;12;49063;9;;;49056.0;0.0
36;55400;ASH_COATED_OSMIUM;9995;13;;;;;10013;12;;;;;10004.5;0.0
36;55400;INTARIAN_PEPPER_ROOT;49051;8;49050;15;49048;9;49063;10;49064;10;49066;10;49057.5;0.0
36;55500;ASH_COATED_OSMIUM;9992;12;9989;11;9988;10;10008;20;10009;22;10011;10;10000.5;0.0
36;55500;INTARIAN_PEPPER_ROOT;49053;11;49052;9;;;49056;9;49058;9;;;49055.0;0.0
36;55600;ASH_COATED_OSMIUM;9990;5;9989;10;;;10008;10;10010;14;;;9999.5;0.0
36;55600;INTARIAN_PEPPER_ROOT;49050;10;;;;;49061;6;;;;;49056.0;0.0
36;55700;ASH_COATED_OSMIUM;9993;15;;;;;10009;27;;;;;10001.0;0.0
36;55700;INTARIAN_PEPPER_ROOT;49047;11;49045;11;;;49059;23;49061;9;;;49053.5;0.0
36;55800;ASH_COATED_OSMIUM;9993;15;9990;10;;;10009;10;10010;15;;;10001.5;0.0
36;55800;INTARIAN_PEPPER_ROOT;49050;11;49048;24;;;49061;12;49062;9;;;49055.5;0.0
36;55900;ASH_COATED_OSMIUM;9991;11;9990;15;9988;12;10010;24;10011;30;10012;15;10001.0;0.0
36;55900;INTARIAN_PEPPER_ROOT;49050;12;49049;12;;;49063;12;49066;11;;;49057.0;0.0
36;56000;ASH_COATED_OSMIUM;9990;13;;;;;10008;13;;;;;9999.0;0.0
36;56000;INTARIAN_PEPPER_ROOT;49052;10;49050;9;49047;12;49065;10;49067;12;49070;11;49058.5;0.0
36;56100;ASH_COATED_OSMIUM;9990;10;9988;11;;;10006;12;10008;11;;;9998.0;0.0
36;56100;INTARIAN_PEPPER_ROOT;49054;8;49051;9;;;49067;19;49070;10;;;49060.5;0.0
36;56200;ASH_COATED_OSMIUM;9989;11;9988;10;9985;10;9999;30;10002;10;10004;14;9994.5;0.0
36;56200;INTARIAN_PEPPER_ROOT;49050;8;49047;9;49045;10;49062;9;49064;8;49065;10;49056.5;0.0
36;56300;ASH_COATED_OSMIUM;9990;12;9988;13;;;10006;15;10009;24;;;9998.5;0.0
36;56300;INTARIAN_PEPPER_ROOT;49051;9;49048;12;49046;9;49064;12;49067;9;49070;23;49057.5;0.0
36;56400;ASH_COATED_OSMIUM;9994;15;9992;12;;;10010;15;10011;22;;;10002.0;0.0
36;56400;INTARIAN_PEPPER_ROOT;49047;19;;;;;49064;9;;;;;49055.5;0.0
36;56500;ASH_COATED_OSMIUM;9991;15;;;;;10007;15;;;;;9999.5;0.0
36;56500;INTARIAN_PEPPER_ROOT;49050;12;49049;19;;;49062;12;49063;10;;;49056.5;0.0
36;56600;ASH_COATED_OSMIUM;9994;11;9993;10;9990;14;10010;10;10012;15;10015;2;10002.0;0.0
36;56600;INTARIAN_PEPPER_ROOT;49052;12;49049;6;49048;12;49066;12;49069;8;49072;9;49059.5;0.0
36;56700;ASH_COATED_OSMIUM;10002;15;10000;13;;;10013;10;10016;15;;;10007.5;0.0
36;56700;INTARIAN_PEPPER_ROOT;49050;8;49048;9;49046;10;49061;10;49062;21;49063;12;49056.0;0.0
36;56800;ASH_COATED_OSMIUM;9998;22;9996;10;9994;15;10016;10;10017;13;10020;10;10007.0;0.0
36;56800;INTARIAN_PEPPER_ROOT;49050;11;49048;8;;;49061;10;49062;9;;;49055.5;0.0
36;56900;ASH_COATED_OSMIUM;10008;13;10006;14;;;10013;11;10014;11;;;10011.0;0.0
36;56900;INTARIAN_PEPPER_ROOT;49052;23;49051;9;;;49065;8;49067;8;;;49059.0;0.0
36;57000;ASH_COATED_OSMIUM;10001;21;;;;;10019;4;;;;;10010.5;0.0
36;57000;INTARIAN_PEPPER_ROOT;49051;10;49049;9;;;49062;18;49065;11;;;49057.0;0.0
36;57100;ASH_COATED_OSMIUM;10000;12;9997;15;;;10018;14;10020;15;;;10009.5;0.0
36;57100;INTARIAN_PEPPER_ROOT;49055;6;49052;12;;;49070;12;49072;10;;;49062.5;0.0
36;57200;ASH_COATED_OSMIUM;9992;13;9990;14;9989;15;10008;15;10009;11;10010;11;10000.5;0.0
36;57200;INTARIAN_PEPPER_ROOT;49050;11;;;;;49063;9;;;;;49057.0;0.0
36;57300;ASH_COATED_OSMIUM;9997;14;;;;;10013;12;;;;;10005.5;0.0
36;57300;INTARIAN_PEPPER_ROOT;49052;12;49051;16;49049;16;49064;12;49066;10;49067;11;49058.0;0.0
36;57400;ASH_COATED_OSMIUM;9996;13;;;;;10012;10;;;;;10004.0;0.0
36;57400;INTARIAN_PEPPER_ROOT;49052;12;49049;9;;;49063;8;49066;16;;;49057.5;0.0
36;57500;ASH_COATED_OSMIUM;9996;5;9995;10;;;10012;27;10015;15;;;10004.0;0.0
36;57500;INTARIAN_PEPPER_ROOT;49048;10;49045;16;49043;9;49063;9;49064;11;49066;12;49055.5;0.0
36;57600;ASH_COATED_OSMIUM;9990;13;9988;26;;;10009;13;10011;15;;;10000.0;0.0
36;57600;INTARIAN_PEPPER_ROOT;49048;10;;;;;49062;11;;;;;49055.5;0.0
36;57700;ASH_COATED_OSMIUM;9988;12;;;;;10004;4;;;;;9996.5;0.0
36;57700;INTARIAN_PEPPER_ROOT;49048;12;49045;10;;;49062;11;49064;8;;;49055.5;0.0
36;57800;ASH_COATED_OSMIUM;9994;12;9992;21;9989;15;10000;11;10001;14;10003;15;9997.0;0.0
36;57800;INTARIAN_PEPPER_ROOT;49046;16;;;;;49059;8;;;;;49052.5;0.0
36;57900;ASH_COATED_OSMIUM;9989;25;9986;15;9984;13;10007;28;10010;11;10012;13;9998.5;0.0
36;57900;INTARIAN_PEPPER_ROOT;49047;10;49045;12;49042;8;49064;9;49066;12;49069;17;49056.0;0.0
36;58000;ASH_COATED_OSMIUM;9993;10;;;;;10011;14;;;;;10002.5;0.0
36;58000;INTARIAN_PEPPER_ROOT;49049;8;49048;10;49047;9;49063;9;49066;8;49067;12;49056.0;0.0
36;58100;ASH_COATED_OSMIUM;9998;13;9995;13;9992;13;10016;21;10018;14;10021;15;10007.0;0.0
36;58100;INTARIAN_PEPPER_ROOT;49052;10;49050;10;;;49063;15;49066;10;;;49058.0;0.0
36;58200;ASH_COATED_OSMIUM;10001;13;10000;15;;;10017;15;10020;12;;;10009.0;0.0
36;58200;INTARIAN_PEPPER_ROOT;49052;11;;;;;49067;7;;;;;49059.5;0.0
36;58300;ASH_COATED_OSMIUM;9997;13;9994;15;;;10013;15;10015;10;;;10005.5;0.0
36;58300;INTARIAN_PEPPER_ROOT;49054;10;49051;9;49050;24;49069;24;49071;10;49073;8;49062.0;0.0
36;58400;ASH_COATED_OSMIUM;9997;12;;;;;10013;14;;;;;10005.5;0.0
36;58400;INTARIAN_PEPPER_ROOT;49051;11;49048;9;49046;8;49065;16;49068;11;49071;11;49058.5;0.0
36;58500;ASH_COATED_OSMIUM;9988;11;9986;11;;;10007;15;10008;12;;;9997.5;0.0
36;58500;INTARIAN_PEPPER_ROOT;49053;9;49052;8;;;49069;9;49070;10;;;49061.0;0.0
36;58600;ASH_COATED_OSMIUM;9994;10;9991;25;9988;10;10012;15;10015;14;10018;15;10003.0;0.0
36;58600;INTARIAN_PEPPER_ROOT;49053;12;;;;;49067;12;;;;;49060.5;0.0
36;58700;ASH_COATED_OSMIUM;10000;15;9999;22;;;10016;26;10019;15;;;10008.5;0.0
36;58700;INTARIAN_PEPPER_ROOT;49052;9;49049;11;49047;15;49063;12;49065;12;49066;10;49057.5;0.0
36;58800;ASH_COATED_OSMIUM;10006;27;10003;13;10002;13;10011;13;10012;14;10014;14;10008.5;0.0
36;58800;INTARIAN_PEPPER_ROOT;49049;11;;;;;49061;21;;;;;49055.5;0.0
36;58900;ASH_COATED_OSMIUM;9996;13;9995;14;9993;13;10015;28;10017;13;10019;28;10006.0;0.0
36;58900;INTARIAN_PEPPER_ROOT;49051;9;49048;8;;;49064;7;49067;12;;;49057.5;0.0
36;59000;ASH_COATED_OSMIUM;10000;15;;;;;10019;11;;;;;10009.5;0.0
36;59000;INTARIAN_PEPPER_ROOT;49051;8;;;;;49063;8;;;;;49057.0;0.0
36;59100;ASH_COATED_OSMIUM;9999;10;9998;28;9996;15;10015;11;10018;10;10019;11;10007.5;0.0
36;59100;INTARIAN_PEPPER_ROOT;49053;16;;;;;49066;10;;;;;49059.5;0.0
36;59200;ASH_COATED_OSMIUM;9999;15;9997;13;;;10015;11;10016;22;;;10007.0;0.0
36;59200;INTARIAN_PEPPER_ROOT;49053;8;49051;9;;;49066;12;49069;10;;;49059.5;0.0
36;59300;ASH_COATED_OSMIUM;10000;10;;;;;10016;28;;;;;10008.5;0.0
36;59300;INTARIAN_PEPPER_ROOT;49055;9;;;;;49071;12;;;;;49063.5;0.0
36;59400;ASH_COATED_OSMIUM;10005;14;10003;15;;;10021;28;10023;11;;;10013.5;0.0
36;59400;INTARIAN_PEPPER_ROOT;49058;9;49055;12;;;49060;10;49061;17;;;49059.0;0.0
36;59500;ASH_COATED_OSMIUM;9999;11;9997;11;;;10015;20;10016;27;;;10007.5;0.0
36;59500;INTARIAN_PEPPER_ROOT;49057;10;49055;8;;;49065;23;49067;9;;;49061.0;0.0
36;59600;ASH_COATED_OSMIUM;9997;15;9994;15;;;10013;15;10015;12;;;10005.5;0.0
36;59600;INTARIAN_PEPPER_ROOT;49053;11;49050;12;49048;11;49067;9;49068;4;49070;18;49060.0;0.0
36;59700;ASH_COATED_OSMIUM;9995;11;9994;26;9991;13;10011;11;10014;29;10015;13;10003.0;0.0
36;59700;INTARIAN_PEPPER_ROOT;49053;3;;;;;49066;9;;;;;49060.0;0.0
36;59800;ASH_COATED_OSMIUM;9989;15;9988;10;;;10005;13;10008;13;;;9997.5;0.0
36;59800;INTARIAN_PEPPER_ROOT;49054;11;49053;8;;;49067;17;49068;9;;;49060.5;0.0
36;59900;ASH_COATED_OSMIUM;9993;10;9992;13;9989;13;10012;11;10014;11;10017;14;10002.5;0.0
36;59900;INTARIAN_PEPPER_ROOT;49058;10;;;;;49069;11;;;;;49063.5;0.0
36;60000;ASH_COATED_OSMIUM;9991;11;9990;15;9988;11;10009;11;10012;13;10013;5;10000.5;0.0
36;60000;INTARIAN_PEPPER_ROOT;49056;9;49054;12;49051;25;49069;10;49070;8;49071;15;49062.5;0.0
36;60100;ASH_COATED_OSMIUM;9991;15;9988;11;;;10007;15;10009;15;;;9999.5;0.0
36;60100;INTARIAN_PEPPER_ROOT;49056;9;49054;17;;;49069;17;49071;9;;;49062.5;0.0
36;60200;ASH_COATED_OSMIUM;9992;10;9990;15;9988;14;10008;11;10009;13;10012;15;10000.5;0.0
36;60200;INTARIAN_PEPPER_ROOT;49056;12;49055;12;;;49067;12;49070;11;;;49061.5;0.0
36;60300;ASH_COATED_OSMIUM;9990;15;9987;13;;;10006;3;10009;14;;;9998.0;0.0
36;60300;INTARIAN_PEPPER_ROOT;49054;11;;;;;49066;11;;;;;49060.0;0.0
36;60400;ASH_COATED_OSMIUM;9988;15;9985;15;;;10004;15;10006;10;;;9996.5;0.0
36;60400;INTARIAN_PEPPER_ROOT;49052;11;;;;;49069;9;;;;;49060.5;0.0
36;60500;ASH_COATED_OSMIUM;9984;14;;;;;10003;13;;;;;9993.5;0.0
36;60500;INTARIAN_PEPPER_ROOT;49053;11;49050;10;;;49066;9;49067;10;;;49060.0;0.0
36;60600;ASH_COATED_OSMIUM;9988;23;9987;11;;;9998;10;9999;10;;;9993.0;0.0
36;60600;INTARIAN_PEPPER_ROOT;49056;8;49053;9;49052;10;49069;10;49072;9;49073;12;49062.5;0.0
36;60700;ASH_COATED_OSMIUM;9985;12;9984;14;;;10001;14;10004;15;;;9993.5;0.0
36;60700;INTARIAN_PEPPER_ROOT;49052;6;49049;11;;;49068;12;49071;22;;;49060.0;0.0
36;60800;ASH_COATED_OSMIUM;9987;27;9986;14;;;10003;11;10005;13;;;9995.5;0.0
36;60800;INTARIAN_PEPPER_ROOT;49056;8;49053;10;;;49069;9;49070;10;;;49063.0;0.0
36;60900;ASH_COATED_OSMIUM;9989;11;;;;;10007;11;;;;;9998.0;0.0
36;60900;INTARIAN_PEPPER_ROOT;49053;17;49051;24;49050;11;49061;8;49064;10;49066;12;49057.5;0.0
36;61000;ASH_COATED_OSMIUM;9995;11;9993;26;9990;15;10011;10;10013;20;10014;14;10003.0;0.0
36;61000;INTARIAN_PEPPER_ROOT;49060;8;;;;;49071;12;;;;;49066.0;0.0
36;61100;ASH_COATED_OSMIUM;9995;11;9993;14;;;10013;11;10014;11;;;10004.5;0.0
36;61100;INTARIAN_PEPPER_ROOT;49058;12;49055;19;;;49074;11;49076;11;;;49066.0;0.0
36;61200;ASH_COATED_OSMIUM;9989;10;9987;15;;;10005;13;10008;13;;;9997.5;0.0
36;61200;INTARIAN_PEPPER_ROOT;49058;10;49055;11;;;49069;12;49070;17;;;49063.5;0.0
36;61300;ASH_COATED_OSMIUM;9994;11;9992;13;9990;30;10012;15;10013;24;10014;14;10003.0;0.0
36;61300;INTARIAN_PEPPER_ROOT;49054;11;49051;8;;;49069;10;49071;8;;;49062.0;0.0
36;61400;ASH_COATED_OSMIUM;9995;11;;;;;10011;15;;;;;10003.5;0.0
36;61400;INTARIAN_PEPPER_ROOT;49050;8;49049;8;;;49063;8;49066;9;;;49057.0;0.0
36;61500;ASH_COATED_OSMIUM;10001;21;10000;15;;;10017;12;10018;12;;;10009.0;0.0
36;61500;INTARIAN_PEPPER_ROOT;49059;22;49058;9;;;49071;11;49073;8;;;49065.5;0.0
36;61600;ASH_COATED_OSMIUM;9997;15;;;;;10013;15;;;;;10005.5;0.0
36;61600;INTARIAN_PEPPER_ROOT;49057;11;49054;12;;;49069;11;49072;11;;;49063.0;0.0
36;61700;ASH_COATED_OSMIUM;9999;23;;;;;10015;14;;;;;10007.0;0.0
36;61700;INTARIAN_PEPPER_ROOT;49055;11;;;;;49068;9;;;;;49062.0;0.0
36;61800;ASH_COATED_OSMIUM;9995;11;9992;10;;;10011;15;10013;15;;;10003.5;0.0
36;61800;INTARIAN_PEPPER_ROOT;49052;10;49050;12;;;49065;19;49066;8;;;49059.0;0.0
36;61900;ASH_COATED_OSMIUM;9996;13;9995;14;;;10006;27;10008;12;;;10001.5;0.0
36;61900;INTARIAN_PEPPER_ROOT;49055;12;49053;19;49050;18;49068;20;49071;8;49074;11;49061.5;0.0
36;62000;ASH_COATED_OSMIUM;9996;11;;;;;10012;14;;;;;10004.0;0.0
36;62000;INTARIAN_PEPPER_ROOT;49052;8;;;;;49066;11;;;;;49059.0;0.0
36;62100;ASH_COATED_OSMIUM;9993;13;9991;10;;;10009;22;10012;10;;;10001.0;0.0
36;62100;INTARIAN_PEPPER_ROOT;49050;11;49049;12;;;49066;15;49068;9;;;49058.5;0.0
36;62200;ASH_COATED_OSMIUM;9990;12;9988;12;;;10008;15;10011;13;;;9999.5;0.0
36;62200;INTARIAN_PEPPER_ROOT;49050;12;;;;;49067;11;;;;;49058.5;0.0
36;62300;ASH_COATED_OSMIUM;9989;27;;;;;10005;13;;;;;9997.5;0.0
36;62300;INTARIAN_PEPPER_ROOT;49057;8;49056;8;;;49071;12;49072;8;;;49064.0;0.0
36;62400;ASH_COATED_OSMIUM;9989;13;9988;14;;;10005;15;10008;13;;;9997.0;0.0
36;62400;INTARIAN_PEPPER_ROOT;49060;10;;;;;49071;11;;;;;49065.5;0.0
36;62500;ASH_COATED_OSMIUM;9988;12;9987;14;;;10006;12;10007;15;;;9997.0;0.0
36;62500;INTARIAN_PEPPER_ROOT;49054;25;49053;9;49050;10;49067;15;49069;10;49071;12;49060.5;0.0
36;62600;ASH_COATED_OSMIUM;9994;12;9992;3;9990;13;10010;12;10011;14;10014;11;10002.5;0.0
36;62600;INTARIAN_PEPPER_ROOT;49059;12;49058;10;49057;11;49070;12;49072;12;49074;10;49065.0;0.0
36;62700;ASH_COATED_OSMIUM;9994;25;;;;;10010;2;;;;;10002.0;0.0
36;62700;INTARIAN_PEPPER_ROOT;49061;18;49059;11;;;49063;8;49066;10;;;49062.0;0.0
36;62800;ASH_COATED_OSMIUM;9996;10;9995;13;;;10015;13;10016;14;;;10006.0;0.0
36;62800;INTARIAN_PEPPER_ROOT;49059;9;;;;;49070;8;;;;;49064.5;0.0
36;62900;ASH_COATED_OSMIUM;9996;10;9995;11;;;10012;12;10013;15;;;10004.0;0.0
36;62900;INTARIAN_PEPPER_ROOT;49052;18;49049;8;49048;12;49069;11;49071;9;49074;12;49060.5;0.0
36;63000;ASH_COATED_OSMIUM;9995;11;9993;14;;;10014;10;10015;13;;;10005.0;0.0
36;63000;INTARIAN_PEPPER_ROOT;49053;24;49050;10;;;49065;11;49068;8;;;49059.5;0.0
36;63100;ASH_COATED_OSMIUM;9993;13;9990;11;;;10014;12;10016;10;;;10004.0;0.0
36;63100;INTARIAN_PEPPER_ROOT;49057;12;49056;11;;;49068;9;49070;11;;;49063.0;0.0
36;63200;ASH_COATED_OSMIUM;9990;14;9988;15;9987;15;10008;13;10010;14;10012;11;9999.0;0.0
36;63200;INTARIAN_PEPPER_ROOT;49061;11;;;;;49075;11;;;;;49068.0;0.0
36;63300;ASH_COATED_OSMIUM;9990;10;;;;;10000;10;;;;;9995.0;0.0
36;63300;INTARIAN_PEPPER_ROOT;49057;12;49055;23;49052;10;49077;8;49080;9;49082;12;49067.5;0.0
36;63400;ASH_COATED_OSMIUM;9983;10;9982;10;9979;13;10001;13;10003;10;10004;12;9992.0;0.0
36;63400;INTARIAN_PEPPER_ROOT;49060;9;49059;8;;;49072;9;49074;19;;;49066.0;0.0
36;63500;ASH_COATED_OSMIUM;9988;23;9986;3;9983;30;10004;15;10006;14;10009;11;9996.0;0.0
36;63500;INTARIAN_PEPPER_ROOT;49053;11;;;;;49066;10;;;;;49060.0;0.0
36;63600;ASH_COATED_OSMIUM;9987;15;;;;;10005;13;;;;;9996.5;0.0
36;63600;INTARIAN_PEPPER_ROOT;49056;18;;;;;49069;10;;;;;49063.0;0.0
36;63700;ASH_COATED_OSMIUM;9996;15;;;;;10012;5;;;;;10004.0;0.0
36;63700;INTARIAN_PEPPER_ROOT;49059;11;49057;12;;;49071;8;49074;11;;;49065.0;0.0
36;63800;ASH_COATED_OSMIUM;9988;12;9987;12;9986;11;10007;13;10010;12;10013;15;9997.5;0.0
36;63800;INTARIAN_PEPPER_ROOT;49057;19;49056;12;49053;11;49071;12;49072;8;49074;9;49064.5;0.0
36;63900;ASH_COATED_OSMIUM;9993;10;9991;12;;;10011;13;10012;13;;;10002.5;0.0
36;63900;INTARIAN_PEPPER_ROOT;49060;12;49058;11;;;49071;9;49073;12;;;49066.0;0.0
