day;timestamp;product;bid_price_1;bid_volume_1;bid_price_2;bid_volume_2;bid_price_3;bid_volume_3;ask_price_1;ask_volume_1;ask_price_2;ask_volume_2;ask_price_3;ask_volume_3;mid_price;profit_and_loss
22;0;ASH_COATED_OSMIUM;9998;25;;;;;10017;12;;;;;10007.5;0.0
22;0;INTARIAN_PEPPER_ROOT;34992;12;34990;9;;;35006;9;35008;10;;;34999.5;0.0
22;100;ASH_COATED_OSMIUM;9997;14;9996;10;9994;14;10016;15;10019;13;10022;12;10006.5;0.0
22;100;INTARIAN_PEPPER_ROOT;34990;18;34988;9;34986;12;35007;11;35009;25;35012;10;34998.5;0.0
22;200;ASH_COATED_OSMIUM;9994;11;9993;12;;;10010;4;10011;10;;;10002.5;0.0
22;200;INTARIAN_PEPPER_ROOT;34991;12;;;;;35004;10;;;;;34997.5;0.0
22;300;ASH_COATED_OSMIUM;9988;14;;;;;10007;26;;;;;9997.5;0.0
22;300;INTARIAN_PEPPER_ROOT;34992;10;;;;;35003;12;;;;;34998.0;0.0
22;400;ASH_COATED_OSMIUM;9988;15;9987;14;;;10004;10;10007;15;;;9996.0;0.0
22;400;INTARIAN_PEPPER_ROOT;34990;12;34988;12;34987;12;35003;9;35006;15;35009;10;34996.5;0.0
22;500;ASH_COATED_OSMIUM;9984;30;9983;3;;;10003;2;10005;15;;;9994.0;0.0
22;500;INTARIAN_PEPPER_ROOT;34991;8;;;;;35005;10;;;;;34998.0;0.0
22;600;ASH_COATED_OSMIUM;9986;13;;;;;10002;11;;;;;9994.5;0.0
22;600;INTARIAN_PEPPER_ROOT;34999;21;;;;;35012;7;;;;;35006.0;0.0
22;700;ASH_COATED_OSMIUM;9991;21;9990;11;9989;14;10009;12;10011;10;10013;12;10000.5;0.0
22;700;INTARIAN_PEPPER_ROOT;34999;8;34998;11;;;35011;10;35012;20;;;35005.0;0.0
22;800;ASH_COATED_OSMIUM;9999;10;9998;13;;;10015;11;10018;10;;;10007.0;0.0
22;800;INTARIAN_PEPPER_ROOT;34993;12;34990;8;;;35007;8;35010;11;;;35000.0;0.0
22;900;ASH_COATED_OSMIUM;9993;11;9992;27;;;10009;13;10011;11;;;10001.5;0.0
22;900;INTARIAN_PEPPER_ROOT;34994;9;;;;;35011;12;;;;;35003.0;0.0
22;1000;ASH_COATED_OSMIUM;9990;15;9987;12;;;10006;10;10007;11;;;9998.5;0.0
22;1000;INTARIAN_PEPPER_ROOT;34993;8;34991;12;;;35009;9;35012;9;;;35001.5;0.0
22;1100;ASH_COATED_OSMIUM;9989;12;;;;;10005;27;;;;;9997.0;0.0
22;1100;INTARIAN_PEPPER_ROOT;34996;11;34993;9;34992;11;35007;6;35008;11;35010;10;35001.5;0.0
22;1200;ASH_COATED_OSMIUM;9986;11;;;;;10004;14;;;;;9995.5;0.0
22;1200;INTARIAN_PEPPER_ROOT;34997;8;34994;9;;;35009;8;35010;8;;;35003.5;0.0
22;1300;ASH_COATED_OSMIUM;9983;12;9982;10;;;10001;14;10002;6;;;9992.0;0.0
22;1300;INTARIAN_PEPPER_ROOT;34996;12;34995;11;;;35013;15;35014;8;;;35004.5;0.0
22;1400;ASH_COATED_OSMIUM;9987;11;9984;13;9982;6;10006;14;10009;11;10011;13;9996.5;0.0
22;1400;INTARIAN_PEPPER_ROOT;34993;12;;;;;35007;17;;;;;35000.5;0.0
22;1500;ASH_COATED_OSMIUM;9989;12;;;;;10000;10;;;;;9994.5;0.0
22;1500;INTARIAN_PEPPER_ROOT;34997;24;;;;;35008;10;;;;;35003.0;0.0
22;1600;ASH_COATED_OSMIUM;9987;10;;;;;10006;15;;;;;9996.5;0.0
22;1600;INTARIAN_PEPPER_ROOT;34996;9;34995;10;;;35008;9;35009;11;;;35002.5;0.0
22;1700;ASH_COATED_OSMIUM;9991;15;;;;;10007;4;;;;;9999.0;0.0
22;1700;INTARIAN_PEPPER_ROOT;34996;9;34995;9;34992;11;35009;10;35011;8;35014;12;35002.5;0.0
22;1800;ASH_COATED_OSMIUM;9992;14;;;;;10008;11;;;;;10000.0;0.0
22;1800;INTARIAN_PEPPER_ROOT;34994;12;34993;15;34992;24;35011;10;35013;8;35015;17;35002.5;0.0
22;1900;ASH_COATED_OSMIUM;9993;27;9991;15;;;10012;10;10015;14;;;10002.5;0.0
22;1900;INTARIAN_PEPPER_ROOT;34998;22;;;;;35011;8;;;;;35004.5;0.0
22;2000;ASH_COATED_OSMIUM;9987;15;;;;;10003;12;;;;;9995.0;0.0
22;2000;INTARIAN_PEPPER_ROOT;34995;12;;;;;35007;12;;;;;35001.5;0.0
22;2100;ASH_COATED_OSMIUM;9990;10;;;;;10006;14;;;;;9998.0;0.0
22;2100;INTARIAN_PEPPER_ROOT;34997;21;;;;;35009;10;;;;;35003.5;0.0
22;2200;ASH_COATED_OSMIUM;9989;11;9988;15;;;10005;10;10008;11;;;9997.5;0.0
22;2200;INTARIAN_PEPPER_ROOT;34994;9;34993;22;;;35007;11;35010;10;;;35001.0;0.0
22;2300;ASH_COATED_OSMIUM;9991;14;;;;;10007;27;;;;;9999.0;0.0
22;2300;INTARIAN_PEPPER_ROOT;34996;8;34993;8;;;35010;8;35011;12;;;35003.0;0.0
22;2400;ASH_COATED_OSMIUM;9990;21;;;;;10006;12;;;;;9998.0;0.0
22;2400;INTARIAN_PEPPER_ROOT;34993;11;34990;8;34987;9;35007;12;35010;8;35012;10;35000.0;0.0
22;2500;ASH_COATED_OSMIUM;9990;12;;;;;10006;13;;;;;9998.0;0.0
22;2500;INTARIAN_PEPPER_ROOT;34996;9;34993;11;34990;19;35010;11;35011;10;35014;9;35003.0;0.0
22;2600;ASH_COATED_OSMIUM;9989;11;9987;12;9986;14;10005;14;10008;13;10011;12;9997.0;0.0
22;2600;INTARIAN_PEPPER_ROOT;34998;9;34996;10;34993;8;35011;11;35012;12;35014;18;35004.5;0.0
22;2700;ASH_COATED_OSMIUM;9989;14;;;;;10008;13;;;;;9999.0;0.0
22;2700;INTARIAN_PEPPER_ROOT;34996;12;;;;;35009;9;;;;;35002.5;0.0
22;2800;ASH_COATED_OSMIUM;9991;10;9989;12;9986;13;10010;12;10011;10;10014;11;10001.0;0.0
22;2800;INTARIAN_PEPPER_ROOT;34992;10;34989;11;34988;12;35012;23;35015;8;35017;8;35002.0;0.0
22;2900;ASH_COATED_OSMIUM;9989;10;9988;15;;;10005;12;10008;12;;;9997.0;0.0
22;2900;INTARIAN_PEPPER_ROOT;34996;12;34994;10;;;35010;17;35011;25;;;35003.5;0.0
22;3000;ASH_COATED_OSMIUM;9984;11;9983;10;;;10003;11;10006;12;;;9993.5;0.0
22;3000;INTARIAN_PEPPER_ROOT;34996;8;;;;;35009;8;;;;;35002.5;0.0
22;3100;ASH_COATED_OSMIUM;9989;13;;;;;10005;13;;;;;9997.5;0.0
22;3100;INTARIAN_PEPPER_ROOT;35000;12;34999;9;;;35013;10;35015;11;;;35006.5;0.0
22;3200;ASH_COATED_OSMIUM;9998;13;;;;;10010;15;;;;;10004.0;0.0
22;3200;INTARIAN_PEPPER_ROOT;34997;12;;;;;35009;11;;;;;35003.0;0.0
22;3300;ASH_COATED_OSMIUM;9997;20;;;;;10013;11;;;;;10005.0;0.0
22;3300;INTARIAN_PEPPER_ROOT;34995;11;34994;8;34991;9;35008;9;35010;10;35011;21;35002.0;0.0
22;3400;ASH_COATED_OSMIUM;9994;15;;;;;10010;13;;;;;10002.5;0.0
22;3400;INTARIAN_PEPPER_ROOT;34998;8;;;;;35011;12;;;;;35004.5;0.0
22;3500;ASH_COATED_OSMIUM;9994;14;9991;11;9990;4;10010;14;10011;11;10012;13;10002.5;0.0
22;3500;INTARIAN_PEPPER_ROOT;34998;9;;;;;35010;9;;;;;35004.0;0.0
22;3600;ASH_COATED_OSMIUM;9992;12;;;;;10008;10;;;;;10000.0;0.0
22;3600;INTARIAN_PEPPER_ROOT;34995;11;34992;11;;;35009;21;35011;11;;;35002.0;0.0
22;3700;ASH_COATED_OSMIUM;9995;10;9992;26;;;10011;11;10014;10;;;10003.0;0.0
22;3700;INTARIAN_PEPPER_ROOT;34999;10;34998;12;34996;9;35013;12;35014;11;35017;10;35006.0;0.0
22;3800;ASH_COATED_OSMIUM;9989;26;9988;10;;;10007;11;10010;12;;;9998.0;0.0
22;3800;INTARIAN_PEPPER_ROOT;34995;10;34994;10;;;35008;10;35011;25;;;35001.5;0.0
22;3900;ASH_COATED_OSMIUM;9986;5;;;;;10002;14;;;;;9994.0;0.0
22;3900;INTARIAN_PEPPER_ROOT;34996;10;34994;9;34992;3;35013;20;35016;8;35017;11;35004.5;0.0
22;4000;ASH_COATED_OSMIUM;9986;10;9983;12;9980;10;10002;10;10004;15;10006;13;9994.5;0.0
22;4000;INTARIAN_PEPPER_ROOT;35003;9;35000;10;;;35014;12;35017;20;;;35009.0;0.0
22;4100;ASH_COATED_OSMIUM;9990;13;;;;;10006;13;;;;;9998.0;0.0
22;4100;INTARIAN_PEPPER_ROOT;34997;24;34994;9;;;35010;18;35011;11;;;35004.0;0.0
22;4200;ASH_COATED_OSMIUM;9991;14;;;;;10007;10;;;;;9999.0;0.0
22;4200;INTARIAN_PEPPER_ROOT;35000;11;;;;;35014;25;;;;;35007.0;0.0
22;4300;ASH_COATED_OSMIUM;9990;14;;;;;10009;14;;;;;9999.5;0.0
22;4300;INTARIAN_PEPPER_ROOT;34997;22;34995;9;;;35011;12;35013;12;;;35004.5;0.0
22;4400;ASH_COATED_OSMIUM;9990;14;;;;;10006;13;;;;;9998.5;0.0
22;4400;INTARIAN_PEPPER_ROOT;34998;10;34996;9;;;35009;11;35012;10;;;35004.0;0.0
22;4500;ASH_COATED_OSMIUM;9993;13;9991;23;9988;24;10012;14;10015;12;10017;10;10003.0;0.0
22;4500;INTARIAN_PEPPER_ROOT;35001;17;;;;;35013;20;;;;;35007.5;0.0
22;4600;ASH_COATED_OSMIUM;9994;13;;;;;10010;14;;;;;10002.5;0.0
22;4600;INTARIAN_PEPPER_ROOT;34994;8;;;;;35008;9;;;;;35001.0;0.0
22;4700;ASH_COATED_OSMIUM;9994;14;9992;15;9991;10;10010;14;10013;13;10015;11;10002.5;0.0
22;4700;INTARIAN_PEPPER_ROOT;34995;8;;;;;35012;25;;;;;35004.0;0.0
22;4800;ASH_COATED_OSMIUM;9993;6;9991;25;;;10011;11;10012;2;;;10002.5;0.0
22;4800;INTARIAN_PEPPER_ROOT;34995;20;;;;;35010;22;;;;;35003.0;0.0
22;4900;ASH_COATED_OSMIUM;9994;14;9991;10;9989;12;10010;11;10012;15;10015;13;10002.5;0.0
22;4900;INTARIAN_PEPPER_ROOT;35000;8;;;;;35013;9;;;;;35006.5;0.0
22;5000;ASH_COATED_OSMIUM;9993;25;;;;;10009;11;;;;;10001.5;0.0
22;5000;INTARIAN_PEPPER_ROOT;35002;11;;;;;35016;10;;;;;35009.0;0.0
22;5100;ASH_COATED_OSMIUM;10000;10;9999;12;;;10016;13;10018;13;;;10008.0;0.0
22;5100;INTARIAN_PEPPER_ROOT;34997;15;34994;21;;;35010;10;35011;16;;;35003.5;0.0
22;5200;ASH_COATED_OSMIUM;9993;13;9991;10;;;10009;21;10010;3;;;10001.5;0.0
22;5200;INTARIAN_PEPPER_ROOT;34998;9;34996;8;;;35011;16;35012;10;;;35004.5;0.0
22;5300;ASH_COATED_OSMIUM;9997;12;9994;10;9992;14;10007;11;10010;15;10012;25;10002.5;0.0
22;5300;INTARIAN_PEPPER_ROOT;35000;9;34997;10;34994;8;35012;12;35014;8;35015;18;35006.5;0.0
22;5400;ASH_COATED_OSMIUM;9994;15;9991;15;;;10010;21;10013;13;;;10002.5;0.0
22;5400;INTARIAN_PEPPER_ROOT;34999;12;;;;;35012;7;;;;;35005.5;0.0
22;5500;ASH_COATED_OSMIUM;9996;10;;;;;10012;11;;;;;10004.5;0.0
22;5500;INTARIAN_PEPPER_ROOT;35000;11;34998;10;;;35012;8;35014;12;;;35006.0;0.0
22;5600;ASH_COATED_OSMIUM;9998;27;9995;12;9993;15;10014;11;10017;15;10020;25;10006.5;0.0
22;5600;INTARIAN_PEPPER_ROOT;34997;11;;;;;35010;10;;;;;35004.0;0.0
22;5700;ASH_COATED_OSMIUM;9991;12;;;;;10007;14;;;;;9999.5;0.0
22;5700;INTARIAN_PEPPER_ROOT;34999;12;34997;8;34996;8;35011;8;35014;12;35017;10;35005.0;0.0
22;5800;ASH_COATED_OSMIUM;9994;24;9993;4;;;10010;10;10012;11;;;10002.0;0.0
22;5800;INTARIAN_PEPPER_ROOT;35000;11;;;;;35013;12;;;;;35007.0;0.0
22;5900;ASH_COATED_OSMIUM;9993;14;9990;14;9987;15;10009;15;10010;12;10012;29;10001.0;0.0
22;5900;INTARIAN_PEPPER_ROOT;35000;12;34999;10;34997;10;35013;15;35015;8;35018;8;35006.5;0.0
22;6000;ASH_COATED_OSMIUM;9998;12;9996;28;9994;24;10014;11;10015;10;10018;20;10006.0;0.0
22;6000;INTARIAN_PEPPER_ROOT;34999;8;;;;;35013;20;;;;;35006.5;0.0
22;6100;ASH_COATED_OSMIUM;9994;14;;;;;10010;15;;;;;10002.5;0.0
22;6100;INTARIAN_PEPPER_ROOT;35001;15;35000;8;34997;11;35005;10;35008;12;35009;19;35003.5;0.0
22;6200;ASH_COATED_OSMIUM;9991;5;9989;15;9988;10;10007;11;10008;11;10010;15;9999.5;0.0
22;6200;INTARIAN_PEPPER_ROOT;34998;18;34996;9;34994;10;35014;23;35016;12;35018;8;35006.0;0.0
22;6300;ASH_COATED_OSMIUM;9998;10;9997;10;9996;10;10014;26;10017;11;10020;11;10006.5;0.0
22;6300;INTARIAN_PEPPER_ROOT;34994;9;;;;;35006;23;;;;;35000.5;0.0
22;6400;ASH_COATED_OSMIUM;9996;13;9993;15;9992;29;10012;26;10014;14;10017;14;10004.0;0.0
22;6400;INTARIAN_PEPPER_ROOT;34997;10;;;;;35009;9;;;;;35003.5;0.0
22;6500;ASH_COATED_OSMIUM;9988;13;9986;15;9984;10;10007;15;10008;12;10010;14;9997.5;0.0
22;6500;INTARIAN_PEPPER_ROOT;35000;8;;;;;35013;25;;;;;35007.0;0.0
22;6600;ASH_COATED_OSMIUM;9986;15;;;;;10002;15;;;;;9994.0;0.0
22;6600;INTARIAN_PEPPER_ROOT;35000;10;34998;9;;;35016;10;35017;8;;;35008.0;0.0
22;6700;ASH_COATED_OSMIUM;9983;11;9981;12;;;9999;27;10001;27;;;9991.0;0.0
22;6700;INTARIAN_PEPPER_ROOT;34998;11;;;;;35012;9;;;;;35005.0;0.0
22;6800;ASH_COATED_OSMIUM;9990;11;9989;14;;;10006;14;10007;10;;;9998.0;0.0
22;6800;INTARIAN_PEPPER_ROOT;35000;10;34999;12;;;35013;15;35016;10;;;35007.0;0.0
22;6900;ASH_COATED_OSMIUM;9994;15;9991;30;9990;15;10010;11;10013;10;10015;21;10002.0;0.0
22;6900;INTARIAN_PEPPER_ROOT;35003;9;35000;20;;;35016;12;35017;8;;;35010.0;0.0
22;7000;ASH_COATED_OSMIUM;9993;14;9991;23;;;10009;10;10010;10;;;10001.0;0.0
22;7000;INTARIAN_PEPPER_ROOT;35002;10;34999;8;;;35016;10;35017;25;;;35009.5;0.0
22;7100;ASH_COATED_OSMIUM;9990;12;9987;11;9984;13;10006;30;10007;13;10009;15;9998.5;0.0
22;7100;INTARIAN_PEPPER_ROOT;35003;12;35001;9;;;35015;9;35016;10;;;35009.0;0.0
22;7200;ASH_COATED_OSMIUM;9987;23;9985;13;;;10003;11;10004;11;;;9995.0;0.0
22;7200;INTARIAN_PEPPER_ROOT;35003;11;;;;;35015;24;;;;;35009.0;0.0
22;7300;ASH_COATED_OSMIUM;9990;13;9988;13;;;10006;12;10007;15;;;9998.0;0.0
22;7300;INTARIAN_PEPPER_ROOT;35004;4;35002;8;34999;12;35016;12;35017;10;35020;12;35010.5;0.0
22;7400;ASH_COATED_OSMIUM;9994;5;9993;11;;;10010;12;10013;13;;;10002.5;0.0
22;7400;INTARIAN_PEPPER_ROOT;34996;20;34994;12;;;35015;9;35016;10;;;35005.5;0.0
22;7500;ASH_COATED_OSMIUM;9994;12;9992;13;9991;15;10010;13;10012;10;10015;12;10002.5;0.0
22;7500;INTARIAN_PEPPER_ROOT;34998;11;;;;;35011;9;;;;;35004.5;0.0
22;7600;ASH_COATED_OSMIUM;9989;13;9987;14;;;10005;12;10007;11;;;9997.0;0.0
22;7600;INTARIAN_PEPPER_ROOT;34999;9;34997;12;;;35012;11;35013;10;;;35006.0;0.0
22;7700;ASH_COATED_OSMIUM;9989;10;9986;13;9983;11;10005;13;10007;28;10010;24;9997.5;0.0
22;7700;INTARIAN_PEPPER_ROOT;35004;11;35001;8;35000;12;35015;4;35016;12;35019;9;35010.0;0.0
22;7800;ASH_COATED_OSMIUM;9990;15;9988;10;;;10008;12;10009;10;;;9999.0;0.0
22;7800;INTARIAN_PEPPER_ROOT;35003;22;;;;;35015;9;;;;;35009.5;0.0
22;7900;ASH_COATED_OSMIUM;9992;11;9989;14;;;10010;30;10011;20;;;10001.0;0.0
22;7900;INTARIAN_PEPPER_ROOT;35003;10;35002;9;;;35017;11;35018;10;;;35010.5;0.0
22;8000;ASH_COATED_OSMIUM;9993;14;;;;;10012;10;;;;;10002.5;0.0
22;8000;INTARIAN_PEPPER_ROOT;35005;11;35004;11;;;35009;8;35011;11;;;35007.0;0.0
22;8100;ASH_COATED_OSMIUM;9993;27;9990;14;;;10009;14;10011;15;;;10001.0;0.0
22;8100;INTARIAN_PEPPER_ROOT;35001;10;34999;15;;;35012;9;35013;12;;;35007.0;0.0
22;8200;ASH_COATED_OSMIUM;9993;30;;;;;10012;10;;;;;10003.0;0.0
22;8200;INTARIAN_PEPPER_ROOT;34998;11;34996;8;34994;9;35010;9;35013;25;35014;9;35004.5;0.0
22;8300;ASH_COATED_OSMIUM;9991;14;;;;;10007;2;;;;;9999.5;0.0
22;8300;INTARIAN_PEPPER_ROOT;35002;10;34999;8;;;35013;8;35014;12;;;35007.5;0.0
22;8400;ASH_COATED_OSMIUM;9994;12;9992;15;;;10010;10;10012;15;;;10002.5;0.0
22;8400;INTARIAN_PEPPER_ROOT;35001;11;35000;8;34999;15;35014;11;35015;12;35016;12;35007.5;0.0
22;8500;ASH_COATED_OSMIUM;9989;10;9988;11;9986;15;10007;13;10008;12;10010;15;9998.0;0.0
22;8500;INTARIAN_PEPPER_ROOT;34998;12;34995;8;34992;11;35012;19;35015;8;35016;9;35005.5;0.0
22;8600;ASH_COATED_OSMIUM;9985;15;9982;24;9979;23;10001;11;10002;13;10003;15;9993.5;0.0
22;8600;INTARIAN_PEPPER_ROOT;35004;12;35001;23;34998;8;35016;11;35019;9;35022;8;35010.0;0.0
22;8700;ASH_COATED_OSMIUM;9982;15;9981;14;;;9998;13;10001;11;;;9990.5;0.0
22;8700;INTARIAN_PEPPER_ROOT;35001;10;34999;10;;;35014;11;35015;11;;;35008.0;0.0
22;8800;ASH_COATED_OSMIUM;9987;13;9986;10;;;10003;30;10004;12;;;9995.0;0.0
22;8800;INTARIAN_PEPPER_ROOT;35004;17;35001;10;35000;9;35015;10;35017;10;35019;11;35010.0;0.0
22;8900;ASH_COATED_OSMIUM;9982;15;9980;29;9977;11;9998;10;10000;14;10003;12;9990.5;0.0
22;8900;INTARIAN_PEPPER_ROOT;35002;19;;;;;35014;9;;;;;35008.5;0.0
22;9000;ASH_COATED_OSMIUM;9982;20;9981;15;;;9998;14;10000;24;;;9990.0;0.0
22;9000;INTARIAN_PEPPER_ROOT;35000;10;34998;11;34996;8;35016;7;35018;8;35019;12;35008.5;0.0
22;9100;ASH_COATED_OSMIUM;9983;20;9982;15;;;9999;11;10000;11;;;9991.5;0.0
22;9100;INTARIAN_PEPPER_ROOT;35002;10;35001;8;34999;12;35015;11;35018;8;35021;11;35009.0;0.0
22;9200;ASH_COATED_OSMIUM;9984;26;9981;14;;;10000;15;10003;14;;;9992.5;0.0
22;9200;INTARIAN_PEPPER_ROOT;35006;11;35004;19;35003;19;35019;9;35020;9;35021;21;35012.5;0.0
22;9300;ASH_COATED_OSMIUM;9984;14;9983;15;9981;24;10003;11;10006;14;10007;13;9993.5;0.0
22;9300;INTARIAN_PEPPER_ROOT;35000;16;;;;;35015;12;;;;;35007.5;0.0
22;9400;ASH_COATED_OSMIUM;9986;11;9984;10;9983;20;10002;27;10003;14;10004;25;9994.5;0.0
22;9400;INTARIAN_PEPPER_ROOT;35002;9;35001;10;35000;11;35020;25;35022;8;35024;21;35011.0;0.0
22;9500;ASH_COATED_OSMIUM;9989;11;;;;;10007;14;;;;;9998.0;0.0
22;9500;INTARIAN_PEPPER_ROOT;35003;11;35002;11;;;35015;12;35018;11;;;35009.5;0.0
22;9600;ASH_COATED_OSMIUM;9989;12;9987;11;9985;15;10005;13;10007;10;10010;11;9997.5;0.0
22;9600;INTARIAN_PEPPER_ROOT;35004;24;;;;;35016;12;;;;;35010.5;0.0
22;9700;ASH_COATED_OSMIUM;9989;14;9986;12;9985;11;10005;24;10006;13;10009;11;9997.0;0.0
22;9700;INTARIAN_PEPPER_ROOT;35002;18;35001;10;34998;11;35018;10;35021;11;35024;8;35010.5;0.0
22;9800;ASH_COATED_OSMIUM;9990;10;9988;20;9985;13;10006;11;10007;11;10009;15;9998.5;0.0
22;9800;INTARIAN_PEPPER_ROOT;35003;12;35002;22;;;35017;10;35018;9;;;35010.0;0.0
22;9900;ASH_COATED_OSMIUM;9993;22;9992;2;9990;20;10009;11;10012;13;10014;15;10001.0;0.0
22;9900;INTARIAN_PEPPER_ROOT;35003;8;35000;8;;;35016;9;35017;11;;;35009.5;0.0
22;10000;ASH_COATED_OSMIUM;9985;13;9982;14;;;10003;12;10006;15;;;9994.0;0.0
22;10000;INTARIAN_PEPPER_ROOT;35001;9;;;;;35013;6;;;;;35007.5;0.0
22;10100;ASH_COATED_OSMIUM;9989;21;9987;5;9986;13;10005;12;10008;10;10011;26;9997.0;0.0
22;10100;INTARIAN_PEPPER_ROOT;35000;5;;;;;35016;10;;;;;35008.0;0.0
22;10200;ASH_COATED_OSMIUM;9987;14;9985;15;9984;4;10003;13;10004;10;10005;14;9995.5;0.0
22;10200;INTARIAN_PEPPER_ROOT;35007;12;;;;;35023;15;;;;;35015.0;0.0
22;10300;ASH_COATED_OSMIUM;9986;11;9985;11;;;10002;8;10005;12;;;9994.5;0.0
22;10300;INTARIAN_PEPPER_ROOT;35005;8;35002;6;35000;12;35019;8;35021;20;35022;6;35012.0;0.0
22;10400;ASH_COATED_OSMIUM;9979;12;9977;12;;;9995;11;9997;15;;;9987.5;0.0
22;10400;INTARIAN_PEPPER_ROOT;35000;11;34998;9;;;35014;8;35015;8;;;35007.0;0.0
22;10500;ASH_COATED_OSMIUM;9981;10;9978;13;;;9997;14;10000;11;;;9989.5;0.0
22;10500;INTARIAN_PEPPER_ROOT;35006;12;;;;;35018;15;;;;;35012.0;0.0
22;10600;ASH_COATED_OSMIUM;9983;12;;;;;9999;15;;;;;9991.0;0.0
22;10600;INTARIAN_PEPPER_ROOT;34999;8;34998;12;;;35016;9;35019;18;;;35008.0;0.0
22;10700;ASH_COATED_OSMIUM;9983;15;9982;10;;;10001;13;10003;15;;;9992.0;0.0
22;10700;INTARIAN_PEPPER_ROOT;35004;8;35001;16;34999;17;35018;24;35021;17;35022;11;35011.0;0.0
22;10800;ASH_COATED_OSMIUM;9994;15;9992;12;;;10004;13;10006;14;;;9999.0;0.0
22;10800;INTARIAN_PEPPER_ROOT;35000;11;;;;;35015;9;;;;;35008.0;0.0
22;10900;ASH_COATED_OSMIUM;9991;22;9988;12;;;10007;10;10009;21;;;9999.0;0.0
22;10900;INTARIAN_PEPPER_ROOT;35003;9;35002;12;35001;8;35015;25;35017;11;35020;12;35009.0;0.0
22;11000;ASH_COATED_OSMIUM;9998;23;;;;;10014;14;;;;;10006.5;0.0
22;11000;INTARIAN_PEPPER_ROOT;35006;18;;;;;35019;9;;;;;35013.0;0.0
22;11100;ASH_COATED_OSMIUM;9997;28;9995;11;9992;14;10013;14;10016;13;10018;10;10005.5;0.0
22;11100;INTARIAN_PEPPER_ROOT;35002;12;34999;12;34998;12;35016;10;35018;10;35021;12;35009.0;0.0
22;11200;ASH_COATED_OSMIUM;10000;13;9999;8;9996;15;10018;13;10019;21;10020;13;10009.5;0.0
22;11200;INTARIAN_PEPPER_ROOT;35003;12;;;;;35015;9;;;;;35009.5;0.0
22;11300;ASH_COATED_OSMIUM;9996;22;9994;11;9992;10;10015;15;10018;10;10020;20;10006.0;0.0
22;11300;INTARIAN_PEPPER_ROOT;35003;8;35001;11;;;35017;8;35018;11;;;35010.5;0.0
22;11400;ASH_COATED_OSMIUM;9999;20;9997;13;9994;30;10007;14;10010;13;10012;28;10003.0;0.0
22;11400;INTARIAN_PEPPER_ROOT;35006;12;;;;;35018;9;;;;;35012.0;0.0
22;11500;ASH_COATED_OSMIUM;9989;29;9986;29;9984;14;10005;12;10008;15;10009;14;9997.0;0.0
22;11500;INTARIAN_PEPPER_ROOT;35006;12;35003;8;35000;10;35019;12;35020;11;35022;11;35013.0;0.0
22;11600;ASH_COATED_OSMIUM;9992;2;;;;;10010;15;;;;;10001.0;0.0
22;11600;INTARIAN_PEPPER_ROOT;35004;9;35001;10;;;35017;8;35018;9;;;35011.0;0.0
22;11700;ASH_COATED_OSMIUM;9995;10;;;;;10011;11;;;;;10003.0;0.0
22;11700;INTARIAN_PEPPER_ROOT;35006;19;35005;12;35003;8;35018;8;35020;8;35021;21;35012.5;0.0
22;11800;ASH_COATED_OSMIUM;9999;12;9997;12;;;10015;10;10018;11;;;10007.5;0.0
22;11800;INTARIAN_PEPPER_ROOT;35006;11;;;;;35018;9;;;;;35012.5;0.0
22;11900;ASH_COATED_OSMIUM;9994;12;;;;;10012;15;;;;;10003.5;0.0
22;11900;INTARIAN_PEPPER_ROOT;35007;11;35006;22;35004;8;35022;12;35025;6;35026;12;35014.5;0.0
22;12000;ASH_COATED_OSMIUM;9987;13;9985;14;;;10003;15;10004;24;;;9995.0;0.0
22;12000;INTARIAN_PEPPER_ROOT;35005;10;;;;;35017;17;;;;;35011.5;0.0
22;12100;ASH_COATED_OSMIUM;9992;15;9991;11;9988;15;10008;10;10010;10;10013;13;10000.5;0.0
22;12100;INTARIAN_PEPPER_ROOT;35006;8;35004;11;35003;9;35018;11;35020;9;35023;9;35012.5;0.0
22;12200;ASH_COATED_OSMIUM;9990;11;;;;;10011;20;;;;;10001.0;0.0
22;12200;INTARIAN_PEPPER_ROOT;35002;11;35000;12;;;35015;22;35018;8;;;35008.5;0.0
22;12300;ASH_COATED_OSMIUM;9996;11;9994;14;9992;11;10012;13;10014;14;10017;13;10004.0;0.0
22;12300;INTARIAN_PEPPER_ROOT;35007;10;35006;24;35005;11;35020;12;35021;9;35022;18;35013.5;0.0
22;12400;ASH_COATED_OSMIUM;9994;13;9991;10;9989;14;10010;26;10011;14;10012;13;10002.5;0.0
22;12400;INTARIAN_PEPPER_ROOT;35006;9;;;;;35015;12;;;;;35011.0;0.0
22;12500;ASH_COATED_OSMIUM;9985;13;;;;;10001;15;;;;;9993.5;0.0
22;12500;INTARIAN_PEPPER_ROOT;35005;12;35003;8;35001;8;35019;19;35022;11;35023;8;35012.0;0.0
22;12600;ASH_COATED_OSMIUM;9984;11;;;;;10000;12;;;;;9992.5;0.0
22;12600;INTARIAN_PEPPER_ROOT;35004;16;35003;12;;;35017;9;35019;12;;;35011.0;0.0
22;12700;ASH_COATED_OSMIUM;9993;11;;;;;10009;15;;;;;10001.0;0.0
22;12700;INTARIAN_PEPPER_ROOT;35005;23;35003;9;;;35022;8;35023;11;;;35013.5;0.0
22;12800;ASH_COATED_OSMIUM;9997;10;9994;14;;;10013;12;10016;10;;;10005.0;0.0
22;12800;INTARIAN_PEPPER_ROOT;35009;21;35007;22;35006;9;35020;11;35022;9;35025;22;35015.0;0.0
22;12900;ASH_COATED_OSMIUM;10000;13;;;;;10006;14;;;;;10003.0;0.0
22;12900;INTARIAN_PEPPER_ROOT;35008;19;35007;8;;;35021;10;35023;18;;;35014.5;0.0
22;13000;ASH_COATED_OSMIUM;9998;15;9997;11;;;10017;14;10020;13;;;10007.5;0.0
22;13000;INTARIAN_PEPPER_ROOT;35007;11;;;;;35019;8;;;;;35013.5;0.0
22;13100;ASH_COATED_OSMIUM;9998;29;9996;11;9993;10;10017;11;10019;10;10020;14;10008.0;0.0
22;13100;INTARIAN_PEPPER_ROOT;35007;12;;;;;35021;8;;;;;35014.0;0.0
22;13200;ASH_COATED_OSMIUM;10002;15;;;;;10021;10;;;;;10012.0;0.0
22;13200;INTARIAN_PEPPER_ROOT;35011;8;35009;10;;;35023;19;35024;9;;;35017.5;0.0
22;13300;ASH_COATED_OSMIUM;10001;12;9998;11;9996;11;10020;29;10021;11;10024;14;10010.5;0.0
22;13300;INTARIAN_PEPPER_ROOT;35004;9;;;;;35020;10;;;;;35012.0;0.0
22;13400;ASH_COATED_OSMIUM;10003;15;10001;14;;;10019;14;10021;13;;;10011.0;0.0
22;13400;INTARIAN_PEPPER_ROOT;35010;10;;;;;35021;10;;;;;35016.0;0.0
22;13500;ASH_COATED_OSMIUM;10005;14;10004;2;10002;11;10018;15;10019;10;10020;12;10012.0;0.0
22;13500;INTARIAN_PEPPER_ROOT;35008;12;35005;9;;;35021;16;35023;9;;;35014.5;0.0
22;13600;ASH_COATED_OSMIUM;10004;13;;;;;10020;12;;;;;10012.0;0.0
22;13600;INTARIAN_PEPPER_ROOT;35009;11;35008;22;;;35018;8;35021;11;;;35014.0;0.0
22;13700;ASH_COATED_OSMIUM;10005;12;10003;15;;;10021;10;10022;11;;;10013.5;0.0
22;13700;INTARIAN_PEPPER_ROOT;35007;10;35005;10;;;35019;8;35020;9;;;35013.5;0.0
22;13800;ASH_COATED_OSMIUM;9999;26;;;;;10018;2;;;;;10009.0;0.0
22;13800;INTARIAN_PEPPER_ROOT;35006;12;;;;;35021;9;;;;;35014.0;0.0
22;13900;ASH_COATED_OSMIUM;9997;15;9995;12;;;10013;12;10014;10;;;10005.5;0.0
22;13900;INTARIAN_PEPPER_ROOT;35015;9;35012;20;35011;24;35017;10;35018;10;35020;12;35016.0;0.0
22;14000;ASH_COATED_OSMIUM;10001;11;9998;14;9995;10;10017;10;10019;14;10021;20;10009.5;0.0
22;14000;INTARIAN_PEPPER_ROOT;35007;11;35004;12;;;35021;8;35024;11;;;35014.0;0.0
22;14100;ASH_COATED_OSMIUM;9998;30;;;;;10016;15;;;;;10007.5;0.0
22;14100;INTARIAN_PEPPER_ROOT;35006;11;35004;9;;;35022;11;35025;8;;;35014.0;0.0
22;14200;ASH_COATED_OSMIUM;9994;10;9992;4;9989;13;10010;14;10011;15;10012;10;10002.5;0.0
22;14200;INTARIAN_PEPPER_ROOT;35007;11;35004;11;;;35022;9;35023;8;;;35014.5;0.0
22;14300;ASH_COATED_OSMIUM;10003;25;;;;;10013;13;;;;;10008.0;0.0
22;14300;INTARIAN_PEPPER_ROOT;35007;9;35006;12;35003;9;35020;12;35023;10;35025;10;35013.5;0.0
22;14400;ASH_COATED_OSMIUM;9991;12;;;;;10007;10;;;;;9999.5;0.0
22;14400;INTARIAN_PEPPER_ROOT;35008;16;35006;12;35003;11;35020;12;35021;9;35023;9;35014.5;0.0
22;14500;ASH_COATED_OSMIUM;9993;3;9990;27;;;10009;15;10012;13;;;10001.0;0.0
22;14500;INTARIAN_PEPPER_ROOT;35004;12;35003;9;35000;16;35015;8;35018;12;35021;25;35009.5;0.0
22;14600;ASH_COATED_OSMIUM;9994;12;9991;29;;;10013;10;10014;13;;;10004.0;0.0
22;14600;INTARIAN_PEPPER_ROOT;35014;11;35011;9;;;35017;11;35019;12;;;35016.0;0.0
22;14700;ASH_COATED_OSMIUM;9996;12;9993;13;9990;10;10015;28;10016;10;10019;13;10006.0;0.0
22;14700;INTARIAN_PEPPER_ROOT;35009;9;;;;;35023;8;;;;;35016.0;0.0
22;14800;ASH_COATED_OSMIUM;9998;29;9996;11;9993;10;10014;23;10016;12;10017;15;10006.5;0.0
22;14800;INTARIAN_PEPPER_ROOT;35007;17;;;;;35021;9;;;;;35014.5;0.0
22;14900;ASH_COATED_OSMIUM;9998;11;9997;3;9996;10;10014;25;10015;11;10017;10;10006.0;0.0
22;14900;INTARIAN_PEPPER_ROOT;35003;12;;;;;35019;10;;;;;35011.0;0.0
22;15000;ASH_COATED_OSMIUM;9994;25;;;;;10010;11;;;;;10002.5;0.0
22;15000;INTARIAN_PEPPER_ROOT;35011;10;35008;12;;;35023;10;35025;22;;;35017.5;0.0
22;15100;ASH_COATED_OSMIUM;9992;15;9990;14;9987;15;10008;15;10010;11;10011;11;10000.5;0.0
22;15100;INTARIAN_PEPPER_ROOT;35010;10;35009;8;;;35025;24;35028;16;;;35017.5;0.0
22;15200;ASH_COATED_OSMIUM;9994;14;9991;11;;;10015;14;10016;14;;;10004.5;0.0
22;15200;INTARIAN_PEPPER_ROOT;35007;11;35006;12;;;35020;8;35021;10;;;35014.0;0.0
22;15300;ASH_COATED_OSMIUM;9991;11;;;;;10007;14;;;;;9999.5;0.0
22;15300;INTARIAN_PEPPER_ROOT;35006;12;35004;10;35002;8;35018;8;35019;25;35020;19;35012.5;0.0
22;15400;ASH_COATED_OSMIUM;9993;13;;;;;10012;21;;;;;10002.5;0.0
22;15400;INTARIAN_PEPPER_ROOT;35004;10;35001;10;34998;19;35017;12;35020;10;35021;11;35010.5;0.0
22;15500;ASH_COATED_OSMIUM;9997;12;9995;10;;;10003;25;10006;14;;;10000.0;0.0
22;15500;INTARIAN_PEPPER_ROOT;35009;12;35007;12;;;35021;8;35022;11;;;35015.0;0.0
22;15600;ASH_COATED_OSMIUM;9994;13;;;;;10010;13;;;;;10002.5;0.0
22;15600;INTARIAN_PEPPER_ROOT;35009;12;;;;;35021;16;;;;;35015.5;0.0
22;15700;ASH_COATED_OSMIUM;9994;12;9992;13;;;10010;30;10012;29;;;10002.0;0.0
22;15700;INTARIAN_PEPPER_ROOT;35014;11;;;;;35024;8;;;;;35019.5;0.0
22;15800;ASH_COATED_OSMIUM;9992;13;9990;11;;;10008;10;10011;14;;;10000.0;0.0
22;15800;INTARIAN_PEPPER_ROOT;35008;8;;;;;35024;8;;;;;35016.5;0.0
22;15900;ASH_COATED_OSMIUM;9987;14;9986;12;;;10003;13;10005;25;;;9995.0;0.0
22;15900;INTARIAN_PEPPER_ROOT;35009;8;;;;;35022;9;;;;;35016.0;0.0
22;16000;ASH_COATED_OSMIUM;9988;13;9986;10;9984;13;10004;4;10005;15;10007;12;9996.0;0.0
22;16000;INTARIAN_PEPPER_ROOT;35014;8;;;;;35028;8;;;;;35021.0;0.0
22;16100;ASH_COATED_OSMIUM;9987;10;9986;4;9984;15;10003;14;10006;24;10007;15;9995.5;0.0
22;16100;INTARIAN_PEPPER_ROOT;35011;12;35010;8;;;35023;9;35024;11;;;35017.5;0.0
22;16200;ASH_COATED_OSMIUM;9985;12;9982;14;9979;14;10001;12;10002;15;10004;15;9993.0;0.0
22;16200;INTARIAN_PEPPER_ROOT;35007;18;;;;;35020;18;;;;;35014.0;0.0
22;16300;ASH_COATED_OSMIUM;9988;12;9985;13;;;10006;14;10008;10;;;9997.0;0.0
22;16300;INTARIAN_PEPPER_ROOT;35008;9;35005;11;;;35024;8;35027;10;;;35016.0;0.0
22;16400;ASH_COATED_OSMIUM;9988;4;9985;10;;;10007;13;10008;10;;;9997.5;0.0
22;16400;INTARIAN_PEPPER_ROOT;35009;16;;;;;35021;23;;;;;35015.5;0.0
22;16500;ASH_COATED_OSMIUM;9987;12;;;;;10003;14;;;;;9995.5;0.0
22;16500;INTARIAN_PEPPER_ROOT;35010;9;35009;10;35007;11;35023;8;35024;11;35026;8;35017.0;0.0
22;16600;ASH_COATED_OSMIUM;9980;11;9978;14;;;9999;22;10002;13;;;9989.5;0.0
22;16600;INTARIAN_PEPPER_ROOT;35006;10;35004;10;35002;10;35017;9;35019;8;35020;10;35012.0;0.0
22;16700;ASH_COATED_OSMIUM;9995;13;9992;11;9990;13;10005;25;10008;12;10009;30;10000.0;0.0
22;16700;INTARIAN_PEPPER_ROOT;35013;10;;;;;35027;9;;;;;35020.0;0.0
22;16800;ASH_COATED_OSMIUM;9985;11;9983;14;;;10001;15;10002;27;;;9993.5;0.0
22;16800;INTARIAN_PEPPER_ROOT;35009;8;35007;12;;;35023;19;35025;19;;;35016.5;0.0
22;16900;ASH_COATED_OSMIUM;9985;13;9982;10;;;10003;10;10006;25;;;9994.5;0.0
22;16900;INTARIAN_PEPPER_ROOT;35010;21;35008;8;;;35018;12;35021;15;;;35014.5;0.0
22;17000;ASH_COATED_OSMIUM;9984;11;9983;15;;;10003;11;10005;13;;;9994.0;0.0
22;17000;INTARIAN_PEPPER_ROOT;35012;8;;;;;35027;20;;;;;35020.0;0.0
22;17100;ASH_COATED_OSMIUM;9989;12;9988;29;9987;10;10005;12;10008;28;10010;14;9997.0;0.0
22;17100;INTARIAN_PEPPER_ROOT;35010;23;;;;;35024;12;;;;;35017.0;0.0
22;17200;ASH_COATED_OSMIUM;9990;20;9989;11;9988;26;10006;12;10009;11;10012;30;9998.0;0.0
22;17200;INTARIAN_PEPPER_ROOT;35005;11;35004;12;35002;11;35017;8;35020;10;35023;9;35011.5;0.0
22;17300;ASH_COATED_OSMIUM;9993;30;;;;;10009;15;;;;;10001.5;0.0
22;17300;INTARIAN_PEPPER_ROOT;35013;8;35012;10;35011;24;35026;11;35029;21;35032;12;35020.0;0.0
22;17400;ASH_COATED_OSMIUM;9988;12;9985;14;;;10004;14;10007;28;;;9996.0;0.0
22;17400;INTARIAN_PEPPER_ROOT;35012;10;35011;8;;;35028;11;35030;11;;;35020.5;0.0
22;17500;ASH_COATED_OSMIUM;9993;14;;;;;10009;14;;;;;10001.0;0.0
22;17500;INTARIAN_PEPPER_ROOT;35007;9;35004;11;;;35023;12;35024;11;;;35015.0;0.0
22;17600;ASH_COATED_OSMIUM;9988;12;9986;12;;;10007;11;10008;14;;;9998.0;0.0
22;17600;INTARIAN_PEPPER_ROOT;35010;10;35008;10;;;35022;11;35023;8;;;35016.5;0.0
22;17700;ASH_COATED_OSMIUM;9987;14;9984;13;9981;23;10006;12;10009;23;10012;15;9996.5;0.0
22;17700;INTARIAN_PEPPER_ROOT;35009;11;35006;22;35003;11;35025;12;35026;10;35028;11;35017.0;0.0
22;17800;ASH_COATED_OSMIUM;9987;12;;;;;9999;15;;;;;9993.0;0.0
22;17800;INTARIAN_PEPPER_ROOT;35013;16;;;;;35024;11;;;;;35018.5;0.0
22;17900;ASH_COATED_OSMIUM;9987;11;9984;12;;;10003;14;10006;13;;;9995.5;0.0
22;17900;INTARIAN_PEPPER_ROOT;35008;9;;;;;35022;8;;;;;35015.0;0.0
22;18000;ASH_COATED_OSMIUM;9984;14;9981;11;;;10000;15;10003;10;;;9992.0;0.0
22;18000;INTARIAN_PEPPER_ROOT;35010;9;;;;;35021;10;;;;;35016.0;0.0
22;18100;ASH_COATED_OSMIUM;9980;27;9978;4;9975;15;9999;11;10002;15;10003;12;9989.5;0.0
22;18100;INTARIAN_PEPPER_ROOT;35012;10;35009;11;;;35023;18;35026;10;;;35018.0;0.0
22;18200;ASH_COATED_OSMIUM;9976;24;;;;;9992;14;;;;;9984.5;0.0
22;18200;INTARIAN_PEPPER_ROOT;35011;8;35008;10;;;35028;11;35030;8;;;35020.0;0.0
22;18300;ASH_COATED_OSMIUM;9984;10;;;;;10000;10;;;;;9992.5;0.0
22;18300;INTARIAN_PEPPER_ROOT;35012;9;35010;12;;;35024;10;35025;10;;;35018.5;0.0
22;18400;ASH_COATED_OSMIUM;9985;10;;;;;10004;14;;;;;9994.5;0.0
22;18400;INTARIAN_PEPPER_ROOT;35013;10;;;;;35026;10;;;;;35019.5;0.0
22;18500;ASH_COATED_OSMIUM;9986;14;9983;12;;;10002;15;10005;15;;;9994.0;0.0
22;18500;INTARIAN_PEPPER_ROOT;35012;11;35009;9;;;35029;10;35031;19;;;35020.5;0.0
22;18600;ASH_COATED_OSMIUM;9986;15;;;;;10002;15;;;;;9994.5;0.0
22;18600;INTARIAN_PEPPER_ROOT;35011;8;35008;8;;;35025;11;35027;8;;;35018.0;0.0
22;18700;ASH_COATED_OSMIUM;9989;11;9987;13;;;10005;12;10007;14;;;9997.0;0.0
22;18700;INTARIAN_PEPPER_ROOT;35013;10;35010;12;35008;25;35025;12;35027;10;35028;12;35019.5;0.0
22;18800;ASH_COATED_OSMIUM;9988;11;9986;14;;;10004;10;10007;10;;;9996.0;0.0
22;18800;INTARIAN_PEPPER_ROOT;35012;12;;;;;35025;20;;;;;35019.0;0.0
22;18900;ASH_COATED_OSMIUM;9984;14;9983;15;9980;11;10000;12;10002;13;10005;10;9992.0;0.0
22;18900;INTARIAN_PEPPER_ROOT;35010;8;35008;22;;;35027;10;35028;8;;;35019.0;0.0
22;19000;ASH_COATED_OSMIUM;9985;13;9984;15;9981;13;10004;13;10005;12;10007;15;9995.0;0.0
22;19000;INTARIAN_PEPPER_ROOT;35011;9;;;;;35023;10;;;;;35017.5;0.0
22;19100;ASH_COATED_OSMIUM;9993;12;9992;14;9990;13;10009;30;10010;28;10012;21;10001.5;0.0
22;19100;INTARIAN_PEPPER_ROOT;35012;9;35010;12;;;35027;8;35028;12;;;35020.0;0.0
22;19200;ASH_COATED_OSMIUM;9996;14;;;;;10012;11;;;;;10004.5;0.0
22;19200;INTARIAN_PEPPER_ROOT;35016;15;35015;25;35013;8;35029;9;35032;15;35035;8;35023.0;0.0
22;19300;ASH_COATED_OSMIUM;10003;14;10002;10;;;10024;13;10026;12;;;10013.5;0.0
22;19300;INTARIAN_PEPPER_ROOT;35011;10;;;;;35023;12;;;;;35017.5;0.0
22;19400;ASH_COATED_OSMIUM;10004;28;10003;26;;;10020;13;10022;13;;;10012.5;0.0
22;19400;INTARIAN_PEPPER_ROOT;35010;12;;;;;35024;9;;;;;35017.5;0.0
22;19500;ASH_COATED_OSMIUM;10000;15;9997;13;;;10018;15;10019;5;;;10009.0;0.0
22;19500;INTARIAN_PEPPER_ROOT;35016;15;35014;8;35011;8;35029;10;35030;11;35032;17;35022.5;0.0
22;19600;ASH_COATED_OSMIUM;10004;20;10001;14;9998;11;10020;13;10022;10;10023;15;10012.5;0.0
22;19600;INTARIAN_PEPPER_ROOT;35015;8;;;;;35026;11;;;;;35021.0;0.0
22;19700;ASH_COATED_OSMIUM;9994;11;9992;11;9989;10;10012;12;10013;12;10015;14;10003.5;0.0
22;19700;INTARIAN_PEPPER_ROOT;35015;12;35014;8;;;35030;21;35033;9;;;35023.0;0.0
22;19800;ASH_COATED_OSMIUM;10000;11;;;;;10016;26;;;;;10008.5;0.0
22;19800;INTARIAN_PEPPER_ROOT;35015;9;35013;12;35012;10;35027;11;35030;6;35031;10;35021.5;0.0
22;19900;ASH_COATED_OSMIUM;9993;13;;;;;10009;13;;;;;10001.0;0.0
22;19900;INTARIAN_PEPPER_ROOT;35013;9;35011;10;35008;11;35026;8;35027;19;35030;15;35019.5;0.0
22;20000;ASH_COATED_OSMIUM;9986;12;9983;15;;;10002;12;10005;13;;;9994.0;0.0
22;20000;INTARIAN_PEPPER_ROOT;35011;12;35008;10;;;35031;10;35034;12;;;35021.5;0.0
22;20100;ASH_COATED_OSMIUM;9988;26;9985;15;;;10004;5;10007;12;;;9996.5;0.0
22;20100;INTARIAN_PEPPER_ROOT;35017;10;35016;12;35013;18;35031;19;35032;9;35034;25;35024.0;0.0
22;20200;ASH_COATED_OSMIUM;9985;13;9983;14;9981;10;10001;21;10002;15;10004;11;9993.0;0.0
22;20200;INTARIAN_PEPPER_ROOT;35014;11;35013;10;35011;17;35026;12;35028;12;35031;9;35020.5;0.0
22;20300;ASH_COATED_OSMIUM;9988;14;;;;;10006;12;;;;;9997.5;0.0
22;20300;INTARIAN_PEPPER_ROOT;35013;25;;;;;35021;12;;;;;35017.5;0.0
22;20400;ASH_COATED_OSMIUM;9996;11;9993;12;9992;27;10012;13;10015;10;10017;10;10004.5;0.0
22;20400;INTARIAN_PEPPER_ROOT;35013;9;35011;10;;;35022;12;35024;10;;;35018.0;0.0
22;20500;ASH_COATED_OSMIUM;9999;15;9996;27;9993;10;10015;11;10017;10;10020;12;10007.0;0.0
22;20500;INTARIAN_PEPPER_ROOT;35015;8;35013;8;;;35027;9;35028;25;;;35021.5;0.0
22;20600;ASH_COATED_OSMIUM;9994;23;9993;11;9991;10;10010;30;10011;12;10012;15;10002.0;0.0
22;20600;INTARIAN_PEPPER_ROOT;35012;8;35011;12;;;35028;12;35030;9;;;35020.5;0.0
22;20700;ASH_COATED_OSMIUM;9984;11;9981;12;9980;15;10005;13;10008;14;10009;14;9995.0;0.0
22;20700;INTARIAN_PEPPER_ROOT;35015;11;35012;8;35010;9;35029;8;35031;8;35033;11;35022.5;0.0
22;20800;ASH_COATED_OSMIUM;9988;13;9986;14;;;10007;13;10009;10;;;9998.0;0.0
22;20800;INTARIAN_PEPPER_ROOT;35013;12;35011;10;;;35029;9;35032;18;;;35021.5;0.0
22;20900;ASH_COATED_OSMIUM;9990;14;;;;;10006;11;;;;;9998.0;0.0
22;20900;INTARIAN_PEPPER_ROOT;35013;3;35010;11;35008;9;35029;24;35031;12;35033;12;35021.0;0.0
22;21000;ASH_COATED_OSMIUM;9989;12;;;;;10005;15;;;;;9997.5;0.0
22;21000;INTARIAN_PEPPER_ROOT;35015;10;;;;;35028;8;;;;;35022.0;0.0
22;21100;ASH_COATED_OSMIUM;9989;15;;;;;10005;11;;;;;9997.5;0.0
22;21100;INTARIAN_PEPPER_ROOT;35011;8;35008;8;35006;10;35025;12;35027;17;35028;11;35018.0;0.0
22;21200;ASH_COATED_OSMIUM;9988;12;9985;11;;;10004;10;10007;15;;;9996.0;0.0
22;21200;INTARIAN_PEPPER_ROOT;35012;20;;;;;35024;15;;;;;35018.5;0.0
22;21300;ASH_COATED_OSMIUM;9991;12;;;;;10007;10;;;;;9999.5;0.0
22;21300;INTARIAN_PEPPER_ROOT;35015;11;35013;12;;;35028;12;35029;11;;;35021.5;0.0
22;21400;ASH_COATED_OSMIUM;9993;11;;;;;10009;10;;;;;10001.0;0.0
22;21400;INTARIAN_PEPPER_ROOT;35014;11;35013;15;;;35027;11;35028;10;;;35020.5;0.0
22;21500;ASH_COATED_OSMIUM;9995;13;9994;14;9992;12;10011;10;10014;5;10015;12;10003.0;0.0
22;21500;INTARIAN_PEPPER_ROOT;35015;18;;;;;35028;9;;;;;35021.5;0.0
22;21600;ASH_COATED_OSMIUM;9993;10;9991;15;;;10009;13;10010;11;;;10001.5;0.0
22;21600;INTARIAN_PEPPER_ROOT;35016;9;35013;10;;;35029;12;35032;8;;;35023.0;0.0
22;21700;ASH_COATED_OSMIUM;9995;13;;;;;10011;11;;;;;10003.5;0.0
22;21700;INTARIAN_PEPPER_ROOT;35017;9;35015;8;;;35029;12;35032;10;;;35023.0;0.0
22;21800;ASH_COATED_OSMIUM;9996;26;9994;12;9993;29;10009;10;10011;30;10014;14;10002.5;0.0
22;21800;INTARIAN_PEPPER_ROOT;35017;23;;;;;35031;10;;;;;35024.0;0.0
22;21900;ASH_COATED_OSMIUM;9991;4;9988;14;;;10007;13;10010;15;;;9999.0;0.0
22;21900;INTARIAN_PEPPER_ROOT;35018;11;;;;;35030;10;;;;;35024.0;0.0
22;22000;ASH_COATED_OSMIUM;10000;12;9999;10;;;10009;30;10012;10;;;10004.5;0.0
22;22000;INTARIAN_PEPPER_ROOT;35018;10;35017;10;;;35032;9;35033;8;;;35025.5;0.0
22;22100;ASH_COATED_OSMIUM;10000;10;;;;;10016;15;;;;;10008.5;0.0
22;22100;INTARIAN_PEPPER_ROOT;35016;9;35014;10;;;35030;10;35032;20;;;35023.5;0.0
22;22200;ASH_COATED_OSMIUM;9996;15;9995;20;9994;12;10014;11;10016;27;10018;15;10005.0;0.0
22;22200;INTARIAN_PEPPER_ROOT;35013;10;;;;;35024;11;;;;;35019.0;0.0
22;22300;ASH_COATED_OSMIUM;9993;10;9991;15;9988;11;10011;13;10012;4;10014;14;10002.5;0.0
22;22300;INTARIAN_PEPPER_ROOT;35017;12;35015;10;35014;10;35021;12;35023;21;35026;9;35019.0;0.0
22;22400;ASH_COATED_OSMIUM;9994;13;9991;14;;;10010;11;10012;15;;;10002.0;0.0
22;22400;INTARIAN_PEPPER_ROOT;35011;8;35008;8;;;35026;16;35027;9;;;35018.5;0.0
22;22500;ASH_COATED_OSMIUM;9993;11;9991;15;;;10009;3;10012;14;;;10001.0;0.0
22;22500;INTARIAN_PEPPER_ROOT;35015;8;;;;;35028;8;;;;;35022.0;0.0
22;22600;ASH_COATED_OSMIUM;9996;13;9994;15;;;10012;10;10015;10;;;10004.0;0.0
22;22600;INTARIAN_PEPPER_ROOT;35015;25;;;;;35026;11;;;;;35021.0;0.0
22;22700;ASH_COATED_OSMIUM;10000;12;;;;;10009;26;;;;;10004.5;0.0
22;22700;INTARIAN_PEPPER_ROOT;35021;12;35019;12;;;35035;8;35036;9;;;35028.0;0.0
22;22800;ASH_COATED_OSMIUM;9997;29;9996;12;9994;15;10013;11;10016;10;10018;14;10005.0;0.0
22;22800;INTARIAN_PEPPER_ROOT;35020;8;35017;10;;;35033;9;35034;10;;;35027.0;0.0
22;22900;ASH_COATED_OSMIUM;9993;26;9991;11;9990;26;10011;10;10012;13;10013;22;10002.5;0.0
22;22900;INTARIAN_PEPPER_ROOT;35022;6;35020;12;;;35024;12;35026;10;;;35023.0;0.0
22;23000;ASH_COATED_OSMIUM;9997;10;9996;13;9994;11;10007;14;10009;24;10012;15;10002.0;0.0
22;23000;INTARIAN_PEPPER_ROOT;35013;24;;;;;35027;8;;;;;35020.5;0.0
22;23100;ASH_COATED_OSMIUM;9995;12;;;;;10016;14;;;;;10006.0;0.0
22;23100;INTARIAN_PEPPER_ROOT;35021;15;35018;8;35015;9;35033;10;35035;9;35036;10;35027.0;0.0
22;23200;ASH_COATED_OSMIUM;9993;14;9991;14;;;10009;21;10010;14;;;10001.5;0.0
22;23200;INTARIAN_PEPPER_ROOT;35015;10;35012;25;35011;12;35027;9;35030;20;35031;11;35021.5;0.0
22;23300;ASH_COATED_OSMIUM;9998;14;;;;;10014;10;;;;;10006.5;0.0
22;23300;INTARIAN_PEPPER_ROOT;35011;9;35009;9;;;35028;10;35031;12;;;35020.0;0.0
22;23400;ASH_COATED_OSMIUM;10000;5;;;;;10015;10;;;;;10008.0;0.0
22;23400;INTARIAN_PEPPER_ROOT;35019;11;35018;12;;;35030;12;35033;9;;;35024.5;0.0
22;23500;ASH_COATED_OSMIUM;9997;15;9995;11;;;10013;10;10016;13;;;10005.0;0.0
22;23500;INTARIAN_PEPPER_ROOT;35018;10;35017;18;;;35029;12;35032;12;;;35024.0;0.0
22;23600;ASH_COATED_OSMIUM;9995;15;;;;;10011;30;;;;;10003.5;0.0
22;23600;INTARIAN_PEPPER_ROOT;35016;11;;;;;35029;11;;;;;35023.0;0.0
22;23700;ASH_COATED_OSMIUM;9988;13;9986;14;9983;15;10006;24;10008;10;10009;26;9997.0;0.0
22;23700;INTARIAN_PEPPER_ROOT;35018;15;35016;10;35015;9;35035;23;35037;11;35039;18;35027.0;0.0
22;23800;ASH_COATED_OSMIUM;9993;15;9991;12;;;10002;13;10004;11;;;9998.0;0.0
22;23800;INTARIAN_PEPPER_ROOT;35014;8;;;;;35031;9;;;;;35023.0;0.0
22;23900;ASH_COATED_OSMIUM;9986;12;9984;4;9982;10;10004;28;10007;24;10009;3;9995.5;0.0
22;23900;INTARIAN_PEPPER_ROOT;35014;10;35013;8;35012;10;35032;12;35034;11;35037;15;35023.5;0.0
22;24000;ASH_COATED_OSMIUM;9991;14;9990;14;9988;11;10000;11;10002;15;10005;12;9995.5;0.0
22;24000;INTARIAN_PEPPER_ROOT;35015;8;;;;;35028;10;;;;;35022.0;0.0
22;24100;ASH_COATED_OSMIUM;9990;24;9988;14;;;10006;13;10007;11;;;9998.0;0.0
22;24100;INTARIAN_PEPPER_ROOT;35017;8;35015;24;35012;12;35030;11;35032;11;35035;11;35024.0;0.0
22;24200;ASH_COATED_OSMIUM;9992;11;9991;11;;;10008;14;10010;8;;;10000.5;0.0
22;24200;INTARIAN_PEPPER_ROOT;35021;10;35018;17;35017;12;35032;22;35035;10;35036;11;35027.0;0.0
22;24300;ASH_COATED_OSMIUM;9993;11;9991;10;;;10009;12;10012;15;;;10001.5;0.0
22;24300;INTARIAN_PEPPER_ROOT;35018;10;35015;21;;;35030;12;35031;12;;;35024.5;0.0
22;24400;ASH_COATED_OSMIUM;9990;3;9988;14;;;10006;10;10008;11;;;9998.0;0.0
22;24400;INTARIAN_PEPPER_ROOT;35019;11;;;;;35031;11;;;;;35025.5;0.0
22;24500;ASH_COATED_OSMIUM;9991;13;9990;13;;;10007;13;10010;14;;;9999.5;0.0
22;24500;INTARIAN_PEPPER_ROOT;35016;11;35015;12;;;35028;9;35029;8;;;35022.5;0.0
22;24600;ASH_COATED_OSMIUM;9993;11;;;;;10009;15;;;;;10001.5;0.0
22;24600;INTARIAN_PEPPER_ROOT;35015;8;35012;8;;;35029;8;35030;10;;;35022.5;0.0
22;24700;ASH_COATED_OSMIUM;9991;30;;;;;10007;29;;;;;9999.0;0.0
22;24700;INTARIAN_PEPPER_ROOT;35014;10;35013;10;35012;9;35027;23;35030;5;35032;9;35021.0;0.0
22;24800;ASH_COATED_OSMIUM;9992;11;9989;21;;;10002;14;10004;14;;;9997.5;0.0
22;24800;INTARIAN_PEPPER_ROOT;35020;9;;;;;35032;11;;;;;35026.0;0.0
22;24900;ASH_COATED_OSMIUM;9994;14;9992;10;;;10010;11;10011;21;;;10002.0;0.0
22;24900;INTARIAN_PEPPER_ROOT;35021;11;;;;;35034;8;;;;;35027.5;0.0
22;25000;ASH_COATED_OSMIUM;9989;15;9986;28;;;10005;13;10008;27;;;9997.5;0.0
22;25000;INTARIAN_PEPPER_ROOT;35020;8;35017;9;35016;21;35024;9;35025;10;35028;12;35022.0;0.0
22;25100;ASH_COATED_OSMIUM;9993;10;;;;;10011;30;;;;;10002.0;0.0
22;25100;INTARIAN_PEPPER_ROOT;35019;19;35018;24;;;35030;25;35031;12;;;35025.0;0.0
22;25200;ASH_COATED_OSMIUM;9999;15;9997;15;;;10008;25;10009;11;;;10003.5;0.0
22;25200;INTARIAN_PEPPER_ROOT;35016;22;35014;12;35011;9;35030;12;35033;11;35036;9;35023.5;0.0
22;25300;ASH_COATED_OSMIUM;9994;14;9993;11;;;10005;29;10006;11;;;9999.5;0.0
22;25300;INTARIAN_PEPPER_ROOT;35017;11;35016;10;;;35029;12;35032;12;;;35023.0;0.0
22;25400;ASH_COATED_OSMIUM;9994;13;9992;13;9990;11;10010;11;10011;27;10014;14;10002.5;0.0
22;25400;INTARIAN_PEPPER_ROOT;35018;9;35017;9;35014;11;35031;10;35033;11;35034;12;35025.0;0.0
22;25500;ASH_COATED_OSMIUM;9998;15;9995;2;;;10014;13;10016;10;;;10006.5;0.0
22;25500;INTARIAN_PEPPER_ROOT;35021;20;35019;10;35017;11;35032;12;35034;10;35037;11;35027.0;0.0
22;25600;ASH_COATED_OSMIUM;9995;11;9994;10;;;10011;14;10013;13;;;10003.0;0.0
22;25600;INTARIAN_PEPPER_ROOT;35020;5;35019;9;;;35033;12;35035;10;;;35026.5;0.0
22;25700;ASH_COATED_OSMIUM;9993;6;9992;15;9990;15;10011;12;10012;23;10014;14;10002.0;0.0
22;25700;INTARIAN_PEPPER_ROOT;35015;10;35013;10;35012;12;35028;10;35030;11;35031;9;35022.0;0.0
22;25800;ASH_COATED_OSMIUM;9990;12;;;;;10008;12;;;;;9999.5;0.0
22;25800;INTARIAN_PEPPER_ROOT;35016;10;35013;10;;;35032;16;35035;21;;;35024.0;0.0
22;25900;ASH_COATED_OSMIUM;9994;10;9992;11;9991;12;10003;13;10005;15;10006;14;9998.5;0.0
22;25900;INTARIAN_PEPPER_ROOT;35016;10;35014;11;;;35030;9;35033;11;;;35023.5;0.0
22;26000;ASH_COATED_OSMIUM;9991;21;;;;;10007;13;;;;;9999.0;0.0
22;26000;INTARIAN_PEPPER_ROOT;35019;8;;;;;35032;9;;;;;35026.0;0.0
22;26100;ASH_COATED_OSMIUM;9988;15;9986;10;;;10004;10;10007;10;;;9996.5;0.0
22;26100;INTARIAN_PEPPER_ROOT;35021;9;;;;;35035;21;;;;;35028.0;0.0
22;26200;ASH_COATED_OSMIUM;9987;27;;;;;10003;15;;;;;9995.5;0.0
22;26200;INTARIAN_PEPPER_ROOT;35021;25;35019;12;;;35034;9;35036;12;;;35027.5;0.0
22;26300;ASH_COATED_OSMIUM;9986;29;;;;;10002;28;;;;;9994.5;0.0
22;26300;INTARIAN_PEPPER_ROOT;35022;10;;;;;35033;8;;;;;35028.0;0.0
22;26400;ASH_COATED_OSMIUM;9989;10;9988;12;9986;10;10005;10;10008;13;10009;10;9997.5;0.0
22;26400;INTARIAN_PEPPER_ROOT;35017;16;;;;;35030;15;;;;;35023.5;0.0
22;26500;ASH_COATED_OSMIUM;9984;12;9982;20;9979;26;10000;15;10001;11;10002;13;9992.0;0.0
22;26500;INTARIAN_PEPPER_ROOT;35022;10;;;;;35034;12;;;;;35028.0;0.0
22;26600;ASH_COATED_OSMIUM;9989;15;9987;10;9985;11;10005;26;10006;12;10008;3;9997.0;0.0
22;26600;INTARIAN_PEPPER_ROOT;35019;8;35017;9;;;35031;8;35034;22;;;35025.0;0.0
22;26700;ASH_COATED_OSMIUM;9987;25;9984;12;;;10003;14;10005;22;;;9995.5;0.0
22;26700;INTARIAN_PEPPER_ROOT;35017;6;;;;;35030;10;;;;;35023.5;0.0
22;26800;ASH_COATED_OSMIUM;9989;10;9987;13;;;10005;12;10007;15;;;9997.0;0.0
22;26800;INTARIAN_PEPPER_ROOT;35027;8;;;;;35029;10;;;;;35028.0;0.0
22;26900;ASH_COATED_OSMIUM;9987;7;;;;;10006;13;;;;;9996.5;0.0
22;26900;INTARIAN_PEPPER_ROOT;35018;17;35017;8;;;35034;19;35037;10;;;35026.5;0.0
22;27000;ASH_COATED_OSMIUM;9994;2;;;;;10010;13;;;;;10002.0;0.0
22;27000;INTARIAN_PEPPER_ROOT;35021;10;35019;12;35016;12;35034;21;35037;20;35040;17;35028.0;0.0
22;27100;ASH_COATED_OSMIUM;9991;14;9989;11;;;10007;11;10008;28;;;9999.0;0.0
22;27100;INTARIAN_PEPPER_ROOT;35024;9;35023;12;35022;12;35036;25;35037;9;35040;11;35030.0;0.0
22;27200;ASH_COATED_OSMIUM;9994;13;9991;29;;;10010;11;10013;15;;;10002.0;0.0
22;27200;INTARIAN_PEPPER_ROOT;35020;12;35018;19;35015;10;35032;8;35034;12;35036;10;35026.5;0.0
22;27300;ASH_COATED_OSMIUM;9999;12;9997;10;;;10015;15;10016;15;;;10007.0;0.0
22;27300;INTARIAN_PEPPER_ROOT;35021;11;;;;;35033;12;;;;;35027.5;0.0
22;27400;ASH_COATED_OSMIUM;9996;12;9994;12;9993;12;10014;14;10015;13;10017;13;10005.0;0.0
22;27400;INTARIAN_PEPPER_ROOT;35020;11;;;;;35036;11;;;;;35028.0;0.0
22;27500;ASH_COATED_OSMIUM;9995;13;;;;;10013;13;;;;;10004.5;0.0
22;27500;INTARIAN_PEPPER_ROOT;35022;12;35021;20;;;35036;17;35039;11;;;35029.0;0.0
22;27600;ASH_COATED_OSMIUM;10000;14;9997;13;9995;11;10016;21;10018;14;10020;10;10008.5;0.0
22;27600;INTARIAN_PEPPER_ROOT;35021;11;;;;;35034;19;;;;;35027.5;0.0
22;27700;ASH_COATED_OSMIUM;10004;12;10001;14;;;10022;12;10024;12;;;10013.5;0.0
22;27700;INTARIAN_PEPPER_ROOT;35021;9;35018;11;35015;8;35033;8;35034;8;35035;12;35027.0;0.0
22;27800;ASH_COATED_OSMIUM;10000;22;;;;;10018;12;;;;;10009.0;0.0
22;27800;INTARIAN_PEPPER_ROOT;35021;11;35018;11;35017;12;35032;12;35034;10;35037;17;35027.0;0.0
22;27900;ASH_COATED_OSMIUM;9997;10;9995;20;;;10013;10;10015;11;;;10005.5;0.0
22;27900;INTARIAN_PEPPER_ROOT;35020;12;35017;12;35014;9;35035;11;35036;11;35037;23;35028.0;0.0
22;28000;ASH_COATED_OSMIUM;9999;4;9996;14;9994;26;10015;15;10018;29;10020;10;10007.5;0.0
22;28000;INTARIAN_PEPPER_ROOT;35016;16;;;;;35028;9;;;;;35022.5;0.0
22;28100;ASH_COATED_OSMIUM;10004;5;;;;;10020;23;;;;;10012.5;0.0
22;28100;INTARIAN_PEPPER_ROOT;35023;11;;;;;35037;9;;;;;35030.0;0.0
22;28200;ASH_COATED_OSMIUM;9993;13;9990;14;;;10011;6;10012;22;;;10002.5;0.0
22;28200;INTARIAN_PEPPER_ROOT;35019;12;35016;8;;;35034;24;35035;9;;;35027.0;0.0
22;28300;ASH_COATED_OSMIUM;9988;14;;;;;10007;15;;;;;9998.0;0.0
22;28300;INTARIAN_PEPPER_ROOT;35021;16;35019;8;35018;12;35035;11;35036;9;35039;9;35028.5;0.0
22;28400;ASH_COATED_OSMIUM;9997;11;9994;29;;;10013;15;10016;14;;;10005.5;0.0
22;28400;INTARIAN_PEPPER_ROOT;35027;8;35026;23;35025;8;35038;12;35041;8;35043;17;35032.5;0.0
22;28500;ASH_COATED_OSMIUM;9997;15;9994;14;;;10013;14;10015;11;;;10005.0;0.0
22;28500;INTARIAN_PEPPER_ROOT;35019;10;35016;10;;;35032;11;35034;10;;;35026.0;0.0
22;28600;ASH_COATED_OSMIUM;9990;12;;;;;10006;11;;;;;9998.0;0.0
22;28600;INTARIAN_PEPPER_ROOT;35018;9;35015;8;;;35033;12;35036;12;;;35025.5;0.0
22;28700;ASH_COATED_OSMIUM;9988;13;9986;20;;;10007;11;10008;15;;;9997.5;0.0
22;28700;INTARIAN_PEPPER_ROOT;35019;11;35017;11;35016;9;35030;12;35031;9;35033;10;35025.0;0.0
22;28800;ASH_COATED_OSMIUM;9985;21;;;;;10001;24;;;;;9993.0;0.0
22;28800;INTARIAN_PEPPER_ROOT;35023;11;35022;11;;;35035;8;35038;24;;;35029.5;0.0
22;28900;ASH_COATED_OSMIUM;9980;15;;;;;9999;15;;;;;9990.0;0.0
22;28900;INTARIAN_PEPPER_ROOT;35026;10;35025;12;;;35039;9;35042;11;;;35033.0;0.0
22;29000;ASH_COATED_OSMIUM;9992;11;9989;13;9987;27;10008;13;10009;10;10012;2;10000.5;0.0
22;29000;INTARIAN_PEPPER_ROOT;35016;10;35014;10;35012;12;35033;12;35035;12;35036;11;35025.0;0.0
22;29100;ASH_COATED_OSMIUM;9991;10;9990;25;;;10007;10;10008;11;;;9999.5;0.0
22;29100;INTARIAN_PEPPER_ROOT;35021;18;35020;12;;;35033;23;35034;23;;;35027.5;0.0
22;29200;ASH_COATED_OSMIUM;9984;23;9982;12;;;10002;13;10003;10;;;9993.0;0.0
22;29200;INTARIAN_PEPPER_ROOT;35027;19;35025;10;35024;10;35038;9;35040;8;35041;11;35032.5;0.0
22;29300;ASH_COATED_OSMIUM;9991;27;9988;30;9987;5;10007;30;10010;11;10011;12;9999.5;0.0
22;29300;INTARIAN_PEPPER_ROOT;35025;12;35024;8;;;35037;9;35040;17;;;35031.5;0.0
22;29400;ASH_COATED_OSMIUM;9989;14;9986;13;;;10008;11;10011;13;;;9998.5;0.0
22;29400;INTARIAN_PEPPER_ROOT;35025;9;35023;11;;;35038;11;35041;20;;;35031.5;0.0
22;29500;ASH_COATED_OSMIUM;9986;15;;;;;10005;12;;;;;9995.5;0.0
22;29500;INTARIAN_PEPPER_ROOT;35025;22;35023;8;;;35038;11;35040;11;;;35031.5;0.0
22;29600;ASH_COATED_OSMIUM;9985;20;;;;;10001;13;;;;;9993.5;0.0
22;29600;INTARIAN_PEPPER_ROOT;35025;12;;;;;35032;12;;;;;35029.0;0.0
22;29700;ASH_COATED_OSMIUM;9992;24;9989;10;;;10008;12;10011;13;;;10000.5;0.0
22;29700;INTARIAN_PEPPER_ROOT;35025;18;35024;8;;;35037;24;35039;9;;;35031.5;0.0
22;29800;ASH_COATED_OSMIUM;9993;10;;;;;10009;13;;;;;10001.5;0.0
22;29800;INTARIAN_PEPPER_ROOT;35032;9;35031;16;35030;12;35036;15;35038;11;35039;8;35034.5;0.0
22;29900;ASH_COATED_OSMIUM;9996;15;9994;14;;;10012;29;10015;9;;;10004.0;0.0
22;29900;INTARIAN_PEPPER_ROOT;35023;9;35020;12;35017;8;35035;9;35037;10;35038;8;35029.5;0.0
22;30000;ASH_COATED_OSMIUM;9991;11;9989;14;;;10010;13;10011;15;;;10000.5;0.0
22;30000;INTARIAN_PEPPER_ROOT;35024;9;35021;8;;;35036;17;35039;20;;;35030.0;0.0
22;30100;ASH_COATED_OSMIUM;9996;14;9995;10;9992;15;10012;11;10015;15;10016;20;10004.0;0.0
22;30100;INTARIAN_PEPPER_ROOT;35021;11;35019;23;35016;9;35035;11;35036;12;35037;9;35028.0;0.0
22;30200;ASH_COATED_OSMIUM;9999;11;9998;15;;;10015;13;10016;15;;;10007.5;0.0
22;30200;INTARIAN_PEPPER_ROOT;35023;17;;;;;35036;12;;;;;35029.5;0.0
22;30300;ASH_COATED_OSMIUM;10004;21;10001;15;9999;10;10020;12;10021;10;10023;14;10012.5;0.0
22;30300;INTARIAN_PEPPER_ROOT;35024;12;35021;11;;;35037;9;35039;9;;;35030.5;0.0
22;30400;ASH_COATED_OSMIUM;9999;22;9998;11;;;10015;26;10017;15;;;10007.0;0.0
22;30400;INTARIAN_PEPPER_ROOT;35025;11;35022;12;;;35040;11;35041;10;;;35033.0;0.0
22;30500;ASH_COATED_OSMIUM;9993;14;9990;11;;;10012;14;10013;15;;;10002.5;0.0
22;30500;INTARIAN_PEPPER_ROOT;35028;12;35027;11;35026;9;35039;9;35040;8;35042;8;35033.5;0.0
22;30600;ASH_COATED_OSMIUM;9995;15;9993;11;9990;10;10011;14;10012;21;10015;10;10003.5;0.0
22;30600;INTARIAN_PEPPER_ROOT;35025;9;;;;;35038;9;;;;;35031.5;0.0
22;30700;ASH_COATED_OSMIUM;9991;11;9988;13;;;10007;11;10010;20;;;9999.5;0.0
22;30700;INTARIAN_PEPPER_ROOT;35026;8;35024;12;;;35037;9;35038;25;;;35031.5;0.0
22;30800;ASH_COATED_OSMIUM;9992;11;9989;10;;;10010;14;10012;15;;;10001.0;0.0
22;30800;INTARIAN_PEPPER_ROOT;35029;11;35027;12;;;35031;20;35032;8;;;35030.5;0.0
22;30900;ASH_COATED_OSMIUM;9993;13;;;;;10011;24;;;;;10002.5;0.0
22;30900;INTARIAN_PEPPER_ROOT;35022;10;;;;;35037;24;;;;;35030.0;0.0
22;31000;ASH_COATED_OSMIUM;9995;11;9994;15;9992;14;10013;5;10016;11;10019;10;10004.0;0.0
22;31000;INTARIAN_PEPPER_ROOT;35027;9;35025;8;35022;9;35040;12;35042;10;35043;12;35033.5;0.0
22;31100;ASH_COATED_OSMIUM;9992;15;9991;12;9989;12;10008;12;10011;14;10014;20;10000.5;0.0
22;31100;INTARIAN_PEPPER_ROOT;35021;24;;;;;35035;10;;;;;35028.0;0.0
22;31200;ASH_COATED_OSMIUM;9990;14;;;;;10009;11;;;;;10000.0;0.0
22;31200;INTARIAN_PEPPER_ROOT;35022;18;;;;;35035;10;;;;;35029.0;0.0
22;31300;ASH_COATED_OSMIUM;9997;29;;;;;10003;11;;;;;10000.0;0.0
22;31300;INTARIAN_PEPPER_ROOT;35026;12;35024;9;35023;11;35035;8;35037;8;35040;11;35031.0;0.0
22;31400;ASH_COATED_OSMIUM;9994;11;9992;12;9991;14;10010;13;10011;10;10013;25;10002.0;0.0
22;31400;INTARIAN_PEPPER_ROOT;35024;8;35023;19;;;35035;19;35036;9;;;35029.5;0.0
22;31500;ASH_COATED_OSMIUM;9989;11;9987;30;;;10005;12;10007;10;;;9997.5;0.0
22;31500;INTARIAN_PEPPER_ROOT;35026;12;35024;10;35022;10;35037;10;35038;8;35040;11;35032.0;0.0
22;31600;ASH_COATED_OSMIUM;9986;13;9984;11;;;10004;10;10005;10;;;9995.5;0.0
22;31600;INTARIAN_PEPPER_ROOT;35025;9;35024;23;35021;12;35036;10;35038;10;35039;20;35031.0;0.0
22;31700;ASH_COATED_OSMIUM;9990;10;;;;;10006;15;;;;;9998.0;0.0
22;31700;INTARIAN_PEPPER_ROOT;35024;11;;;;;35038;9;;;;;35031.0;0.0
22;31800;ASH_COATED_OSMIUM;9986;28;9983;14;;;10004;30;10007;12;;;9995.5;0.0
22;31800;INTARIAN_PEPPER_ROOT;35024;11;;;;;35040;11;;;;;35032.0;0.0
22;31900;ASH_COATED_OSMIUM;9991;5;9990;14;;;10007;14;10008;20;;;9999.5;0.0
22;31900;INTARIAN_PEPPER_ROOT;35025;10;35022;10;35020;25;35037;10;35038;8;35039;8;35031.0;0.0
22;32000;ASH_COATED_OSMIUM;9988;14;9985;13;;;10004;10;10007;15;;;9996.0;0.0
22;32000;INTARIAN_PEPPER_ROOT;35027;9;35026;8;35025;9;35040;9;35041;8;35043;8;35034.0;0.0
22;32100;ASH_COATED_OSMIUM;9987;12;9986;11;9985;12;10003;11;10005;12;10006;10;9995.5;0.0
22;32100;INTARIAN_PEPPER_ROOT;35026;8;35025;11;;;35038;8;35041;12;;;35032.0;0.0
22;32200;ASH_COATED_OSMIUM;9984;10;;;;;10000;13;;;;;9992.5;0.0
22;32200;INTARIAN_PEPPER_ROOT;35026;19;35023;10;35020;12;35039;9;35042;24;35043;10;35032.5;0.0
22;32300;ASH_COATED_OSMIUM;9989;14;9987;26;;;10005;12;10006;11;;;9997.0;0.0
22;32300;INTARIAN_PEPPER_ROOT;35029;17;35028;11;35025;9;35042;12;35043;10;35044;18;35035.5;0.0
22;32400;ASH_COATED_OSMIUM;9990;10;;;;;10006;15;;;;;9998.0;0.0
22;32400;INTARIAN_PEPPER_ROOT;35029;12;35026;8;35025;11;35040;10;35042;21;35044;9;35035.0;0.0
22;32500;ASH_COATED_OSMIUM;9994;15;9992;10;9989;28;10010;12;10011;10;10014;13;10002.0;0.0
22;32500;INTARIAN_PEPPER_ROOT;35024;8;35022;9;;;35040;8;35042;9;;;35032.0;0.0
22;32600;ASH_COATED_OSMIUM;9994;14;;;;;10013;11;;;;;10003.5;0.0
22;32600;INTARIAN_PEPPER_ROOT;35027;9;;;;;35040;12;;;;;35034.0;0.0
22;32700;ASH_COATED_OSMIUM;9996;15;9995;14;9992;11;10015;10;10017;14;10019;15;10005.5;0.0
22;32700;INTARIAN_PEPPER_ROOT;35030;12;35028;9;35027;9;35043;20;35046;8;35047;20;35036.5;0.0
22;32800;ASH_COATED_OSMIUM;10001;25;10000;12;9999;14;10017;14;10020;10;10022;13;10009.5;0.0
22;32800;INTARIAN_PEPPER_ROOT;35026;8;;;;;35040;25;;;;;35033.0;0.0
22;32900;ASH_COATED_OSMIUM;9993;12;;;;;10009;10;;;;;10001.5;0.0
22;32900;INTARIAN_PEPPER_ROOT;35025;21;;;;;35038;20;;;;;35032.0;0.0
22;33000;ASH_COATED_OSMIUM;9995;10;9993;15;;;10011;12;10014;11;;;10003.0;0.0
22;33000;INTARIAN_PEPPER_ROOT;35030;11;35029;8;35026;7;35043;12;35046;12;35048;12;35037.0;0.0
22;33100;ASH_COATED_OSMIUM;9994;14;9991;15;9990;10;10010;29;10013;11;10015;12;10002.0;0.0
22;33100;INTARIAN_PEPPER_ROOT;35027;12;;;;;35040;10;;;;;35034.0;0.0
22;33200;ASH_COATED_OSMIUM;9995;11;;;;;10011;12;;;;;10003.0;0.0
22;33200;INTARIAN_PEPPER_ROOT;35023;8;35020;11;;;35037;12;35040;16;;;35030.5;0.0
22;33300;ASH_COATED_OSMIUM;9996;12;;;;;10012;15;;;;;10004.0;0.0
22;33300;INTARIAN_PEPPER_ROOT;35027;12;35024;8;;;35042;10;35043;21;;;35035.0;0.0
22;33400;ASH_COATED_OSMIUM;9989;12;;;;;10005;12;;;;;9997.0;0.0
22;33400;INTARIAN_PEPPER_ROOT;35027;10;35026;11;35024;9;35038;12;35041;11;35043;11;35032.5;0.0
22;33500;ASH_COATED_OSMIUM;9988;15;9986;11;;;10004;15;10006;14;;;9996.0;0.0
22;33500;INTARIAN_PEPPER_ROOT;35026;8;;;;;35042;11;;;;;35034.0;0.0
22;33600;ASH_COATED_OSMIUM;9995;2;9993;10;;;10011;26;10013;14;;;10003.5;0.0
22;33600;INTARIAN_PEPPER_ROOT;35034;8;35032;9;35030;12;35036;16;35039;17;35041;8;35035.5;0.0
22;33700;ASH_COATED_OSMIUM;9999;12;9998;15;9995;12;10015;15;10016;13;10018;13;10007.5;0.0
22;33700;INTARIAN_PEPPER_ROOT;35028;10;;;;;35040;12;;;;;35034.5;0.0
22;33800;ASH_COATED_OSMIUM;9997;11;9995;2;;;10013;4;10014;10;;;10005.0;0.0
22;33800;INTARIAN_PEPPER_ROOT;35024;11;35022;8;;;35037;10;35039;10;;;35030.5;0.0
22;33900;ASH_COATED_OSMIUM;9999;12;9996;13;9994;10;10015;10;10017;10;10019;11;10007.5;0.0
22;33900;INTARIAN_PEPPER_ROOT;35033;8;35031;8;;;35035;9;35036;9;;;35034.5;0.0
22;34000;ASH_COATED_OSMIUM;9997;11;;;;;10013;13;;;;;10005.0;0.0
22;34000;INTARIAN_PEPPER_ROOT;35027;12;35024;9;;;35038;8;35041;9;;;35033.0;0.0
22;34100;ASH_COATED_OSMIUM;9999;14;9996;11;;;10015;12;10016;12;;;10007.0;0.0
22;34100;INTARIAN_PEPPER_ROOT;35026;11;35023;10;;;35038;12;35041;11;;;35032.5;0.0
22;34200;ASH_COATED_OSMIUM;9995;13;9992;12;;;10011;10;10012;7;;;10003.0;0.0
22;34200;INTARIAN_PEPPER_ROOT;35026;15;35023;9;35020;22;35039;8;35042;10;35044;9;35033.0;0.0
22;34300;ASH_COATED_OSMIUM;9995;30;9994;15;;;10011;10;10013;12;;;10003.0;0.0
22;34300;INTARIAN_PEPPER_ROOT;35027;11;35024;8;;;35040;9;35043;9;;;35033.5;0.0
22;34400;ASH_COATED_OSMIUM;9994;11;9993;11;;;10010;14;10011;14;;;10002.0;0.0
22;34400;INTARIAN_PEPPER_ROOT;35031;10;35030;9;35029;9;35044;12;35047;10;35048;10;35037.5;0.0
22;34500;ASH_COATED_OSMIUM;9991;12;9988;15;;;10010;15;10012;10;;;10001.0;0.0
22;34500;INTARIAN_PEPPER_ROOT;35029;10;35026;8;35025;9;35043;10;35046;11;35048;9;35036.0;0.0
22;34600;ASH_COATED_OSMIUM;9986;13;9983;10;;;10004;13;10007;13;;;9995.5;0.0
22;34600;INTARIAN_PEPPER_ROOT;35024;8;35023;12;35022;9;35040;10;35043;12;35045;9;35032.5;0.0
22;34700;ASH_COATED_OSMIUM;9990;14;9988;14;;;10006;13;10008;12;;;9998.0;0.0
22;34700;INTARIAN_PEPPER_ROOT;35021;11;35019;10;;;35038;9;35039;9;;;35029.5;0.0
22;34800;ASH_COATED_OSMIUM;9980;10;9979;13;;;9998;12;9999;12;;;9989.5;0.0
22;34800;INTARIAN_PEPPER_ROOT;35026;8;35023;10;35022;8;35039;11;35042;10;35044;9;35033.0;0.0
22;34900;ASH_COATED_OSMIUM;9984;12;9983;13;;;10003;11;10005;11;;;9994.0;0.0
22;34900;INTARIAN_PEPPER_ROOT;35025;11;;;;;35039;12;;;;;35032.5;0.0
22;35000;ASH_COATED_OSMIUM;9985;11;9983;27;;;10001;21;10004;30;;;9993.0;0.0
22;35000;INTARIAN_PEPPER_ROOT;35032;9;35031;18;;;35037;20;35040;9;;;35035.0;0.0
22;35100;ASH_COATED_OSMIUM;9984;14;;;;;10000;14;;;;;9992.5;0.0
22;35100;INTARIAN_PEPPER_ROOT;35030;12;35027;9;35025;20;35043;8;35044;12;35045;11;35036.5;0.0
22;35200;ASH_COATED_OSMIUM;9980;12;9977;22;9976;26;9996;10;9999;15;10002;11;9988.0;0.0
22;35200;INTARIAN_PEPPER_ROOT;35032;9;35031;9;;;35043;8;35046;12;;;35038.0;0.0
22;35300;ASH_COATED_OSMIUM;9982;14;9981;12;9979;13;10000;13;10001;21;10003;23;9991.0;0.0
22;35300;INTARIAN_PEPPER_ROOT;35025;10;35022;10;35021;11;35039;8;35042;10;35043;9;35032.0;0.0
22;35400;ASH_COATED_OSMIUM;9981;30;9979;12;;;9999;15;10000;13;;;9990.5;0.0
22;35400;INTARIAN_PEPPER_ROOT;35025;16;35022;12;35019;10;35042;12;35044;10;35046;22;35034.0;0.0
22;35500;ASH_COATED_OSMIUM;9987;3;9984;13;9982;13;10003;15;10006;12;10009;10;9995.0;0.0
22;35500;INTARIAN_PEPPER_ROOT;35030;21;;;;;35041;10;;;;;35035.5;0.0
22;35600;ASH_COATED_OSMIUM;9989;14;9988;27;9986;14;10005;11;10008;13;10011;26;9997.5;0.0
22;35600;INTARIAN_PEPPER_ROOT;35030;9;35028;10;;;35043;12;35046;9;;;35037.0;0.0
22;35700;ASH_COATED_OSMIUM;9988;24;9986;11;;;10006;15;10009;15;;;9997.5;0.0
22;35700;INTARIAN_PEPPER_ROOT;35029;9;;;;;35042;9;;;;;35036.0;0.0
22;35800;ASH_COATED_OSMIUM;9987;30;;;;;10003;10;;;;;9995.5;0.0
22;35800;INTARIAN_PEPPER_ROOT;35033;9;35031;8;35029;8;35045;25;35048;8;35051;11;35039.5;0.0
22;35900;ASH_COATED_OSMIUM;9987;13;9985;2;9984;10;10005;12;10008;14;10011;13;9996.0;0.0
22;35900;INTARIAN_PEPPER_ROOT;35027;12;35026;12;35025;10;35041;9;35042;11;35044;9;35034.0;0.0
22;36000;ASH_COATED_OSMIUM;9987;14;;;;;10003;20;;;;;9995.5;0.0
22;36000;INTARIAN_PEPPER_ROOT;35033;12;35032;9;35029;12;35046;8;35049;18;35052;8;35039.5;0.0
22;36100;ASH_COATED_OSMIUM;9989;2;9986;27;9985;14;10005;26;10008;11;10010;21;9997.0;0.0
22;36100;INTARIAN_PEPPER_ROOT;35032;9;35031;22;35028;8;35045;11;35046;8;35048;8;35039.0;0.0
22;36200;ASH_COATED_OSMIUM;9985;11;9984;11;9983;11;10001;20;10004;14;10005;15;9993.5;0.0
22;36200;INTARIAN_PEPPER_ROOT;35028;11;35027;11;35024;18;35041;8;35043;8;35044;10;35035.0;0.0
22;36300;ASH_COATED_OSMIUM;9992;14;;;;;10011;10;;;;;10002.0;0.0
22;36300;INTARIAN_PEPPER_ROOT;35031;11;35029;9;35027;8;35044;12;35047;7;35049;22;35038.0;0.0
22;36400;ASH_COATED_OSMIUM;10002;27;10000;14;9998;23;10008;11;10010;14;10013;12;10005.5;0.0
22;36400;INTARIAN_PEPPER_ROOT;35028;9;35027;16;35026;11;35041;18;35043;10;35046;10;35034.5;0.0
22;36500;ASH_COATED_OSMIUM;9988;12;;;;;10004;10;;;;;9996.5;0.0
22;36500;INTARIAN_PEPPER_ROOT;35032;8;35030;11;;;35045;9;35047;24;;;35039.0;0.0
22;36600;ASH_COATED_OSMIUM;9990;12;;;;;10006;2;;;;;9998.0;0.0
22;36600;INTARIAN_PEPPER_ROOT;35030;10;35027;12;;;35041;12;35043;10;;;35035.5;0.0
22;36700;ASH_COATED_OSMIUM;9982;15;9981;13;;;10001;10;10002;12;;;9992.0;0.0
22;36700;INTARIAN_PEPPER_ROOT;35031;11;35030;10;35028;11;35042;9;35043;11;35046;8;35036.5;0.0
22;36800;ASH_COATED_OSMIUM;9987;14;9986;10;;;10003;12;10006;12;;;9995.0;0.0
22;36800;INTARIAN_PEPPER_ROOT;35031;12;;;;;35045;18;;;;;35038.5;0.0
22;36900;ASH_COATED_OSMIUM;9986;13;;;;;10002;14;;;;;9994.0;0.0
22;36900;INTARIAN_PEPPER_ROOT;35027;9;35024;12;;;35041;11;35044;11;;;35034.0;0.0
22;37000;ASH_COATED_OSMIUM;9985;14;9982;11;9979;13;10001;15;10002;15;10003;23;9993.5;0.0
22;37000;INTARIAN_PEPPER_ROOT;35030;21;;;;;35042;9;;;;;35036.5;0.0
22;37100;ASH_COATED_OSMIUM;9984;28;9983;13;;;10000;10;10002;15;;;9992.5;0.0
22;37100;INTARIAN_PEPPER_ROOT;35033;10;35031;9;;;35047;8;35050;24;;;35040.5;0.0
22;37200;ASH_COATED_OSMIUM;9988;10;9985;10;9984;15;10004;10;10006;10;10008;12;9996.5;0.0
22;37200;INTARIAN_PEPPER_ROOT;35030;9;35028;8;;;35042;12;35045;12;;;35036.5;0.0
22;37300;ASH_COATED_OSMIUM;9991;29;9989;12;;;10007;13;10009;13;;;9999.5;0.0
22;37300;INTARIAN_PEPPER_ROOT;35033;10;;;;;35046;10;;;;;35040.0;0.0
22;37400;ASH_COATED_OSMIUM;9989;15;9988;13;9985;13;10007;11;10010;10;10012;10;9998.5;0.0
22;37400;INTARIAN_PEPPER_ROOT;35032;12;35030;8;35028;24;35044;8;35046;9;35048;20;35038.5;0.0
22;37500;ASH_COATED_OSMIUM;9995;12;9994;21;;;10007;12;10008;15;;;10001.0;0.0
22;37500;INTARIAN_PEPPER_ROOT;35029;12;35028;11;35025;12;35040;12;35043;8;35045;9;35035.0;0.0
22;37600;ASH_COATED_OSMIUM;9991;13;9990;14;9987;14;10007;12;10008;10;10009;11;9999.5;0.0
22;37600;INTARIAN_PEPPER_ROOT;35033;8;;;;;35045;10;;;;;35039.0;0.0
22;37700;ASH_COATED_OSMIUM;9989;28;;;;;10005;4;;;;;9997.5;0.0
22;37700;INTARIAN_PEPPER_ROOT;35034;10;35032;10;;;35045;12;35048;8;;;35040.0;0.0
22;37800;ASH_COATED_OSMIUM;9993;11;9990;12;;;10009;29;10012;11;;;10001.0;0.0
22;37800;INTARIAN_PEPPER_ROOT;35028;8;;;;;35044;8;;;;;35036.0;0.0
22;37900;ASH_COATED_OSMIUM;9994;11;;;;;10013;14;;;;;10004.0;0.0
22;37900;INTARIAN_PEPPER_ROOT;35031;8;;;;;35044;12;;;;;35037.5;0.0
22;38000;ASH_COATED_OSMIUM;9996;12;9995;3;9992;10;10015;11;10016;12;10018;23;10005.5;0.0
22;38000;INTARIAN_PEPPER_ROOT;35029;10;35028;12;35026;12;35046;23;35049;22;35050;10;35038.0;0.0
22;38100;ASH_COATED_OSMIUM;9996;11;;;;;10012;11;;;;;10004.0;0.0
22;38100;INTARIAN_PEPPER_ROOT;35034;8;35033;8;;;35048;9;35050;12;;;35041.5;0.0
22;38200;ASH_COATED_OSMIUM;10001;27;;;;;10019;10;;;;;10010.0;0.0
22;38200;INTARIAN_PEPPER_ROOT;35031;20;35028;18;35025;11;35046;19;35049;16;35050;8;35038.5;0.0
22;38300;ASH_COATED_OSMIUM;9995;12;9993;27;9990;15;10014;12;10015;13;10016;14;10004.5;0.0
22;38300;INTARIAN_PEPPER_ROOT;35029;12;35027;10;35024;8;35041;8;35044;9;35045;8;35035.0;0.0
22;38400;ASH_COATED_OSMIUM;9998;15;9997;13;;;10014;14;10015;15;;;10006.0;0.0
22;38400;INTARIAN_PEPPER_ROOT;35032;9;35029;10;;;35044;19;35046;20;;;35038.5;0.0
22;38500;ASH_COATED_OSMIUM;9989;25;9988;14;;;10008;11;10011;14;;;9998.5;0.0
22;38500;INTARIAN_PEPPER_ROOT;35032;8;35030;10;35028;24;35043;12;35046;10;35049;19;35038.0;0.0
22;38600;ASH_COATED_OSMIUM;9989;11;9986;12;;;10008;14;10009;13;;;9999.0;0.0
22;38600;INTARIAN_PEPPER_ROOT;35034;10;35031;10;;;35046;8;35049;12;;;35040.0;0.0
22;38700;ASH_COATED_OSMIUM;9987;21;9986;28;9985;13;10003;13;10004;13;10005;15;9995.0;0.0
22;38700;INTARIAN_PEPPER_ROOT;35030;10;;;;;35043;11;;;;;35036.5;0.0
22;38800;ASH_COATED_OSMIUM;9983;12;9980;25;9977;15;9999;13;10002;10;10004;11;9991.5;0.0
22;38800;INTARIAN_PEPPER_ROOT;35034;10;35033;11;;;35047;6;35048;11;;;35040.5;0.0
22;38900;ASH_COATED_OSMIUM;9984;5;9982;11;9980;13;10000;12;10001;12;10003;12;9992.0;0.0
22;38900;INTARIAN_PEPPER_ROOT;35029;9;35028;9;;;35040;10;35041;12;;;35034.5;0.0
22;39000;ASH_COATED_OSMIUM;9984;12;9981;29;;;10000;12;10002;11;;;9992.5;0.0
22;39000;INTARIAN_PEPPER_ROOT;35026;20;;;;;35043;8;;;;;35035.0;0.0
22;39100;ASH_COATED_OSMIUM;9985;11;9984;25;;;10001;10;10003;14;;;9993.5;0.0
22;39100;INTARIAN_PEPPER_ROOT;35032;10;35030;10;;;35046;10;35049;25;;;35039.5;0.0
22;39200;ASH_COATED_OSMIUM;9986;3;;;;;10004;13;;;;;9995.5;0.0
22;39200;INTARIAN_PEPPER_ROOT;35031;15;35028;8;35027;24;35044;10;35045;9;35047;10;35038.0;0.0
22;39300;ASH_COATED_OSMIUM;9986;5;9984;23;;;10002;26;10004;13;;;9994.5;0.0
22;39300;INTARIAN_PEPPER_ROOT;35032;20;;;;;35048;12;;;;;35040.5;0.0
22;39400;ASH_COATED_OSMIUM;9988;11;9986;11;;;10004;11;10006;27;;;9996.5;0.0
22;39400;INTARIAN_PEPPER_ROOT;35036;11;35034;24;;;35049;10;35050;11;;;35042.5;0.0
22;39500;ASH_COATED_OSMIUM;9990;14;9988;13;9987;15;10000;12;10001;11;10004;10;9995.5;0.0
22;39500;INTARIAN_PEPPER_ROOT;35031;11;;;;;35044;9;;;;;35037.5;0.0
22;39600;ASH_COATED_OSMIUM;9988;14;9986;14;;;10007;13;10009;13;;;9997.5;0.0
22;39600;INTARIAN_PEPPER_ROOT;35029;11;35027;12;;;35045;10;35046;12;;;35037.0;0.0
22;39700;ASH_COATED_OSMIUM;9989;15;9988;11;9985;12;10005;14;10006;14;10007;12;9997.5;0.0
22;39700;INTARIAN_PEPPER_ROOT;35034;8;35032;25;;;35045;8;35047;12;;;35040.0;0.0
22;39800;ASH_COATED_OSMIUM;9988;15;9986;15;9983;5;10004;14;10007;28;10009;2;9996.5;0.0
22;39800;INTARIAN_PEPPER_ROOT;35031;8;35030;12;35028;10;35043;11;35046;3;35047;10;35037.5;0.0
22;39900;ASH_COATED_OSMIUM;9997;10;9996;13;;;10013;15;10014;21;;;10005.0;0.0
22;39900;INTARIAN_PEPPER_ROOT;35034;11;35033;10;;;35047;17;35050;10;;;35041.0;0.0
22;40000;ASH_COATED_OSMIUM;9994;13;9991;24;;;10010;14;10011;20;;;10002.0;0.0
22;40000;INTARIAN_PEPPER_ROOT;35036;12;35033;10;;;35048;10;35050;8;;;35042.5;0.0
22;40100;ASH_COATED_OSMIUM;9996;23;9994;14;;;10012;15;10015;30;;;10004.0;0.0
22;40100;INTARIAN_PEPPER_ROOT;35034;11;35032;19;35029;12;35047;11;35049;12;35052;10;35041.0;0.0
22;40200;ASH_COATED_OSMIUM;9983;3;9982;10;;;9999;14;10002;10;;;9991.5;0.0
22;40200;INTARIAN_PEPPER_ROOT;35036;9;35034;11;;;35048;10;35049;10;;;35042.0;0.0
22;40300;ASH_COATED_OSMIUM;9992;13;9990;10;;;9998;14;9999;14;;;9995.5;0.0
22;40300;INTARIAN_PEPPER_ROOT;35028;8;35025;24;35023;9;35041;11;35042;17;35043;11;35035.0;0.0
22;40400;ASH_COATED_OSMIUM;9989;13;;;;;10005;15;;;;;9997.0;0.0
22;40400;INTARIAN_PEPPER_ROOT;35032;9;35030;12;;;35049;8;35052;10;;;35041.0;0.0
22;40500;ASH_COATED_OSMIUM;9989;14;9987;14;9985;12;10005;15;10006;13;10008;13;9997.5;0.0
22;40500;INTARIAN_PEPPER_ROOT;35035;12;35033;8;35031;22;35040;19;35042;10;35044;8;35038.0;0.0
22;40600;ASH_COATED_OSMIUM;9992;14;9989;11;9988;15;10011;26;10012;15;10015;12;10001.5;0.0
22;40600;INTARIAN_PEPPER_ROOT;35032;8;;;;;35045;10;;;;;35039.0;0.0
22;40700;ASH_COATED_OSMIUM;9992;12;9990;27;;;10010;13;10013;15;;;10001.0;0.0
22;40700;INTARIAN_PEPPER_ROOT;35034;11;35031;10;;;35047;12;35049;8;;;35041.0;0.0
22;40800;ASH_COATED_OSMIUM;9991;12;;;;;10007;10;;;;;9999.0;0.0
22;40800;INTARIAN_PEPPER_ROOT;35036;11;;;;;35048;9;;;;;35042.5;0.0
22;40900;ASH_COATED_OSMIUM;9989;13;9988;14;9986;25;10007;13;10009;11;10010;10;9998.5;0.0
22;40900;INTARIAN_PEPPER_ROOT;35033;12;35032;8;35029;12;35047;8;35048;9;35051;9;35040.0;0.0
22;41000;ASH_COATED_OSMIUM;9990;14;9989;10;9987;10;10009;12;10012;21;10013;13;9999.5;0.0
22;41000;INTARIAN_PEPPER_ROOT;35031;12;35028;21;;;35044;12;35045;10;;;35038.0;0.0
22;41100;ASH_COATED_OSMIUM;9988;13;9987;15;9985;13;10004;20;10005;13;10006;28;9996.0;0.0
22;41100;INTARIAN_PEPPER_ROOT;35038;9;;;;;35052;9;;;;;35045.5;0.0
22;41200;ASH_COATED_OSMIUM;9993;11;;;;;10011;12;;;;;10002.0;0.0
22;41200;INTARIAN_PEPPER_ROOT;35035;11;;;;;35048;11;;;;;35042.0;0.0
22;41300;ASH_COATED_OSMIUM;9991;5;;;;;10007;15;;;;;9999.0;0.0
22;41300;INTARIAN_PEPPER_ROOT;35036;11;35033;10;;;35048;11;35049;24;;;35042.0;0.0
22;41400;ASH_COATED_OSMIUM;9985;13;;;;;10001;11;;;;;9993.5;0.0
22;41400;INTARIAN_PEPPER_ROOT;35038;9;;;;;35051;8;;;;;35044.5;0.0
22;41500;ASH_COATED_OSMIUM;9984;23;9981;22;;;10000;15;10003;14;;;9992.0;0.0
22;41500;INTARIAN_PEPPER_ROOT;35033;24;35030;11;35029;12;35044;18;35046;11;35047;11;35038.5;0.0
22;41600;ASH_COATED_OSMIUM;9987;11;9984;10;9982;28;10003;11;10005;21;10007;13;9995.5;0.0
22;41600;INTARIAN_PEPPER_ROOT;35035;12;35034;9;;;35046;11;35049;11;;;35041.0;0.0
22;41700;ASH_COATED_OSMIUM;9984;14;9983;10;;;10000;12;10002;14;;;9992.0;0.0
22;41700;INTARIAN_PEPPER_ROOT;35034;9;35031;23;;;35048;9;35049;10;;;35041.5;0.0
22;41800;ASH_COATED_OSMIUM;9982;15;9979;12;;;9998;20;10001;12;;;9990.5;0.0
22;41800;INTARIAN_PEPPER_ROOT;35035;11;35032;10;;;35050;11;35053;12;;;35042.5;0.0
22;41900;ASH_COATED_OSMIUM;9987;14;;;;;10003;21;;;;;9995.5;0.0
22;41900;INTARIAN_PEPPER_ROOT;35035;12;35033;17;;;35038;8;35039;8;;;35037.0;0.0
22;42000;ASH_COATED_OSMIUM;9982;10;9979;14;;;9998;13;10001;14;;;9990.0;0.0
22;42000;INTARIAN_PEPPER_ROOT;35035;8;;;;;35047;10;;;;;35041.5;0.0
22;42100;ASH_COATED_OSMIUM;9982;12;;;;;9998;10;;;;;9990.0;0.0
22;42100;INTARIAN_PEPPER_ROOT;35036;10;35033;10;35030;10;35049;11;35051;8;35053;8;35043.0;0.0
22;42200;ASH_COATED_OSMIUM;9985;13;9982;15;9981;13;10001;12;10002;15;10004;15;9993.0;0.0
22;42200;INTARIAN_PEPPER_ROOT;35034;11;35033;12;;;35048;11;35051;10;;;35041.5;0.0
22;42300;ASH_COATED_OSMIUM;9995;27;;;;;10005;23;;;;;10000.0;0.0
22;42300;INTARIAN_PEPPER_ROOT;35037;12;;;;;35050;8;;;;;35044.0;0.0
22;42400;ASH_COATED_OSMIUM;9992;13;;;;;10011;2;;;;;10001.5;0.0
22;42400;INTARIAN_PEPPER_ROOT;35039;12;35038;20;;;35052;10;35053;9;;;35045.5;0.0
22;42500;ASH_COATED_OSMIUM;10000;12;9997;12;;;10009;11;10011;11;;;10004.5;0.0
22;42500;INTARIAN_PEPPER_ROOT;35038;8;35035;10;;;35051;23;35052;8;;;35045.0;0.0
22;42600;ASH_COATED_OSMIUM;9995;10;;;;;10011;4;;;;;10003.0;0.0
22;42600;INTARIAN_PEPPER_ROOT;35035;20;35032;11;35030;25;35051;12;35054;10;35057;6;35043.0;0.0
22;42700;ASH_COATED_OSMIUM;9997;12;9996;14;;;10006;10;10008;22;;;10001.5;0.0
22;42700;INTARIAN_PEPPER_ROOT;35038;10;;;;;35051;8;;;;;35044.5;0.0
22;42800;ASH_COATED_OSMIUM;9993;15;9991;15;;;10012;15;10015;10;;;10003.0;0.0
22;42800;INTARIAN_PEPPER_ROOT;35041;9;;;;;35044;11;;;;;35042.5;0.0
22;42900;ASH_COATED_OSMIUM;10000;10;9997;12;;;10011;13;10013;3;;;10005.5;0.0
22;42900;INTARIAN_PEPPER_ROOT;35032;9;;;;;35052;11;;;;;35042.0;0.0
22;43000;ASH_COATED_OSMIUM;9996;10;9995;3;9992;20;10012;21;10013;10;10016;15;10004.5;0.0
22;43000;INTARIAN_PEPPER_ROOT;35036;10;35033;12;;;35048;11;35051;12;;;35042.0;0.0
22;43100;ASH_COATED_OSMIUM;9980;13;9978;10;9977;2;10001;11;10002;12;10003;13;9991.0;0.0
22;43100;INTARIAN_PEPPER_ROOT;35037;12;35034;12;;;35051;16;35053;9;;;35044.5;0.0
22;43200;ASH_COATED_OSMIUM;9987;10;9986;10;9985;5;9997;10;9999;14;10000;30;9992.5;0.0
22;43200;INTARIAN_PEPPER_ROOT;35034;9;35032;11;;;35049;8;35051;10;;;35041.5;0.0
22;43300;ASH_COATED_OSMIUM;9987;29;9985;14;9984;13;9997;10;9998;11;9999;13;9992.0;0.0
22;43300;INTARIAN_PEPPER_ROOT;35039;11;;;;;35050;25;;;;;35045.0;0.0
22;43400;ASH_COATED_OSMIUM;9986;14;9984;10;;;10004;12;10006;11;;;9995.0;0.0
22;43400;INTARIAN_PEPPER_ROOT;35038;15;;;;;35050;10;;;;;35044.0;0.0
22;43500;ASH_COATED_OSMIUM;9986;10;9983;13;9980;24;10002;28;10004;15;10006;15;9994.5;0.0
22;43500;INTARIAN_PEPPER_ROOT;35035;8;;;;;35047;9;;;;;35041.0;0.0
22;43600;ASH_COATED_OSMIUM;9984;15;9983;11;;;10000;13;10001;15;;;9992.0;0.0
22;43600;INTARIAN_PEPPER_ROOT;35039;12;35038;9;;;35052;9;35055;9;;;35046.0;0.0
22;43700;ASH_COATED_OSMIUM;9986;11;9984;10;;;10005;15;10006;28;;;9996.0;0.0
22;43700;INTARIAN_PEPPER_ROOT;35041;16;35038;11;;;35053;9;35054;8;;;35047.5;0.0
22;43800;ASH_COATED_OSMIUM;9986;10;;;;;10005;13;;;;;9996.0;0.0
22;43800;INTARIAN_PEPPER_ROOT;35037;9;35035;10;;;35053;10;35055;25;;;35045.0;0.0
22;43900;ASH_COATED_OSMIUM;10000;12;9998;10;;;10007;11;10009;12;;;10003.5;0.0
22;43900;INTARIAN_PEPPER_ROOT;35036;25;35035;16;;;35054;8;35056;11;;;35045.0;0.0
22;44000;ASH_COATED_OSMIUM;9998;12;9996;10;;;10007;11;10008;30;;;10002.5;0.0
22;44000;INTARIAN_PEPPER_ROOT;35037;8;35036;8;;;35053;12;35054;9;;;35045.0;0.0
22;44100;ASH_COATED_OSMIUM;9997;14;9996;12;9994;15;10016;14;10017;10;10018;12;10007.0;0.0
22;44100;INTARIAN_PEPPER_ROOT;35036;9;35035;8;;;35053;9;35054;8;;;35045.0;0.0
22;44200;ASH_COATED_OSMIUM;10005;13;10004;10;;;10021;11;10022;13;;;10013.5;0.0
22;44200;INTARIAN_PEPPER_ROOT;35037;12;;;;;35053;24;;;;;35045.0;0.0
22;44300;ASH_COATED_OSMIUM;9995;11;9994;9;9991;15;10011;13;10014;14;10017;14;10003.0;0.0
22;44300;INTARIAN_PEPPER_ROOT;35035;22;35034;12;;;35050;9;35051;10;;;35042.5;0.0
22;44400;ASH_COATED_OSMIUM;9994;10;9991;14;9990;12;10010;12;10012;10;10015;10;10002.5;0.0
22;44400;INTARIAN_PEPPER_ROOT;35039;9;35036;12;;;35050;10;35052;11;;;35044.5;0.0
22;44500;ASH_COATED_OSMIUM;9993;12;9992;13;;;10009;13;10011;30;;;10001.5;0.0
22;44500;INTARIAN_PEPPER_ROOT;35036;11;35035;11;;;35047;10;35050;11;;;35041.5;0.0
22;44600;ASH_COATED_OSMIUM;9990;11;;;;;10006;14;;;;;9998.0;0.0
22;44600;INTARIAN_PEPPER_ROOT;35031;21;35028;10;;;35048;17;35050;11;;;35040.0;0.0
22;44700;ASH_COATED_OSMIUM;9985;10;9984;13;;;10003;12;10004;12;;;9994.0;0.0
22;44700;INTARIAN_PEPPER_ROOT;35037;9;35035;8;;;35052;8;35055;9;;;35044.5;0.0
22;44800;ASH_COATED_OSMIUM;9984;13;;;;;10000;14;;;;;9992.5;0.0
22;44800;INTARIAN_PEPPER_ROOT;35040;8;35037;9;35034;10;35053;9;35055;8;35057;10;35047.0;0.0
22;44900;ASH_COATED_OSMIUM;9988;14;9987;15;9986;13;10004;20;10007;14;10010;14;9996.5;0.0
22;44900;INTARIAN_PEPPER_ROOT;35042;11;;;;;35055;16;;;;;35049.0;0.0
22;45000;ASH_COATED_OSMIUM;9995;10;9994;10;9992;14;10011;11;10012;27;10013;13;10003.0;0.0
22;45000;INTARIAN_PEPPER_ROOT;35041;17;35039;8;;;35048;11;35049;10;;;35044.5;0.0
22;45100;ASH_COATED_OSMIUM;9992;10;9991;12;9989;9;10010;15;10012;13;10013;14;10001.5;0.0
22;45100;INTARIAN_PEPPER_ROOT;35034;10;35031;11;;;35047;10;35048;10;;;35040.5;0.0
22;45200;ASH_COATED_OSMIUM;9992;23;9991;27;9990;11;10008;11;10010;29;10011;13;10000.5;0.0
22;45200;INTARIAN_PEPPER_ROOT;35040;9;35039;11;;;35048;19;35051;10;;;35044.5;0.0
22;45300;ASH_COATED_OSMIUM;9998;14;;;;;10007;27;;;;;10002.5;0.0
22;45300;INTARIAN_PEPPER_ROOT;35038;9;35035;11;;;35052;15;35053;9;;;35045.0;0.0
22;45400;ASH_COATED_OSMIUM;9994;12;;;;;10010;24;;;;;10002.5;0.0
22;45400;INTARIAN_PEPPER_ROOT;35038;10;35035;15;35032;9;35052;11;35055;10;35058;8;35045.0;0.0
22;45500;ASH_COATED_OSMIUM;9989;11;9987;12;;;10005;15;10007;11;;;9997.0;0.0
22;45500;INTARIAN_PEPPER_ROOT;35036;17;35033;10;35032;11;35051;8;35052;11;35054;11;35043.5;0.0
22;45600;ASH_COATED_OSMIUM;9993;24;9992;12;;;10009;14;10012;12;;;10001.5;0.0
22;45600;INTARIAN_PEPPER_ROOT;35039;20;35036;10;35033;12;35053;9;35055;23;35056;10;35046.5;0.0
22;45700;ASH_COATED_OSMIUM;9988;13;9986;13;;;10007;12;10008;15;;;9998.0;0.0
22;45700;INTARIAN_PEPPER_ROOT;35042;11;35040;11;35038;8;35053;11;35056;12;35058;9;35048.0;0.0
22;45800;ASH_COATED_OSMIUM;9997;11;;;;;10013;25;;;;;10005.0;0.0
22;45800;INTARIAN_PEPPER_ROOT;35038;9;;;;;35052;23;;;;;35045.5;0.0
22;45900;ASH_COATED_OSMIUM;9993;4;9990;25;9988;13;10009;12;10012;11;10013;26;10001.5;0.0
22;45900;INTARIAN_PEPPER_ROOT;35038;11;;;;;35050;11;;;;;35044.5;0.0
22;46000;ASH_COATED_OSMIUM;9992;11;9991;11;9988;27;10008;10;10011;12;10013;10;10000.0;0.0
22;46000;INTARIAN_PEPPER_ROOT;35039;23;35037;8;;;35052;11;35054;12;;;35045.5;0.0
22;46100;ASH_COATED_OSMIUM;9989;23;9988;27;9987;15;10008;10;10010;13;10012;2;9999.0;0.0
22;46100;INTARIAN_PEPPER_ROOT;35037;10;35036;12;35034;22;35051;8;35053;10;35056;11;35044.0;0.0
22;46200;ASH_COATED_OSMIUM;9993;15;9990;14;;;10009;23;10012;14;;;10001.5;0.0
22;46200;INTARIAN_PEPPER_ROOT;35044;9;35041;8;35040;23;35056;9;35057;12;35058;11;35050.5;0.0
22;46300;ASH_COATED_OSMIUM;9994;27;9991;24;9988;10;10010;14;10013;28;10016;24;10002.5;0.0
22;46300;INTARIAN_PEPPER_ROOT;35040;10;;;;;35051;10;;;;;35045.5;0.0
22;46400;ASH_COATED_OSMIUM;9995;14;9993;14;;;10008;12;10011;4;;;10001.5;0.0
22;46400;INTARIAN_PEPPER_ROOT;35040;10;35038;3;35037;10;35053;8;35056;10;35059;12;35047.0;0.0
22;46500;ASH_COATED_OSMIUM;9997;10;9995;11;;;10015;11;10017;12;;;10006.0;0.0
22;46500;INTARIAN_PEPPER_ROOT;35037;17;35036;12;35034;10;35052;11;35055;24;35056;8;35044.5;0.0
22;46600;ASH_COATED_OSMIUM;9994;13;9992;14;;;10013;10;10014;15;;;10003.5;0.0
22;46600;INTARIAN_PEPPER_ROOT;35041;10;35039;10;;;35054;12;35055;10;;;35048.0;0.0
22;46700;ASH_COATED_OSMIUM;9993;15;9991;15;9990;13;10009;21;10011;13;10013;2;10001.5;0.0
22;46700;INTARIAN_PEPPER_ROOT;35042;11;35039;12;;;35055;23;35058;8;;;35048.5;0.0
22;46800;ASH_COATED_OSMIUM;9989;28;;;;;10005;15;;;;;9997.5;0.0
22;46800;INTARIAN_PEPPER_ROOT;35044;9;;;;;35046;8;;;;;35045.5;0.0
22;46900;ASH_COATED_OSMIUM;9990;10;9987;13;;;10006;11;10007;14;;;9998.5;0.0
22;46900;INTARIAN_PEPPER_ROOT;35039;11;35037;10;35034;19;35051;7;35054;12;35055;12;35045.0;0.0
22;47000;ASH_COATED_OSMIUM;9991;13;9989;13;9988;11;10007;15;10009;10;10011;11;9999.0;0.0
22;47000;INTARIAN_PEPPER_ROOT;35040;11;35039;25;;;35055;12;35057;8;;;35047.5;0.0
22;47100;ASH_COATED_OSMIUM;9987;13;9986;10;;;10008;14;10010;14;;;9997.5;0.0
22;47100;INTARIAN_PEPPER_ROOT;35042;10;35039;10;35036;16;35053;8;35054;11;35056;8;35048.0;0.0
22;47200;ASH_COATED_OSMIUM;9986;12;9984;14;9983;10;10002;13;10003;25;10004;27;9994.5;0.0
22;47200;INTARIAN_PEPPER_ROOT;35041;12;35040;8;;;35052;10;35055;10;;;35047.0;0.0
22;47300;ASH_COATED_OSMIUM;9984;12;9981;12;9978;29;9997;12;10000;20;10001;12;9991.0;0.0
22;47300;INTARIAN_PEPPER_ROOT;35039;9;35038;12;;;35055;8;35056;9;;;35047.0;0.0
22;47400;ASH_COATED_OSMIUM;9981;9;;;;;9997;14;;;;;9989.5;0.0
22;47400;INTARIAN_PEPPER_ROOT;35037;20;35035;20;35032;9;35052;10;35053;10;35054;10;35044.5;0.0
22;47500;ASH_COATED_OSMIUM;9980;11;;;;;9996;23;;;;;9988.5;0.0
22;47500;INTARIAN_PEPPER_ROOT;35039;10;35037;10;;;35052;10;35054;10;;;35046.0;0.0
22;47600;ASH_COATED_OSMIUM;9978;15;9976;14;9973;15;9994;11;9996;13;9997;11;9986.5;0.0
22;47600;INTARIAN_PEPPER_ROOT;35039;24;;;;;35052;8;;;;;35046.0;0.0
22;47700;ASH_COATED_OSMIUM;9979;23;9976;12;;;9995;15;9997;15;;;9987.5;0.0
22;47700;INTARIAN_PEPPER_ROOT;35042;11;35039;12;35038;12;35056;8;35059;17;35060;11;35049.0;0.0
22;47800;ASH_COATED_OSMIUM;9978;10;9975;15;;;9994;4;9995;30;;;9986.0;0.0
22;47800;INTARIAN_PEPPER_ROOT;35044;24;35041;8;;;35058;12;35060;9;;;35051.0;0.0
22;47900;ASH_COATED_OSMIUM;9975;10;9974;13;9971;13;9991;15;9993;13;9996;23;9983.5;0.0
22;47900;INTARIAN_PEPPER_ROOT;35035;21;35034;12;35031;11;35056;23;35057;11;35058;9;35046.0;0.0
22;48000;ASH_COATED_OSMIUM;9973;14;;;;;9989;12;;;;;9981.5;0.0
22;48000;INTARIAN_PEPPER_ROOT;35041;11;35038;11;35035;12;35058;9;35060;12;35063;11;35050.0;0.0
22;48100;ASH_COATED_OSMIUM;9978;14;9976;11;;;9994;10;9996;13;;;9986.0;0.0
22;48100;INTARIAN_PEPPER_ROOT;35042;8;35040;10;35039;19;35054;8;35056;12;35057;8;35048.5;0.0
22;48200;ASH_COATED_OSMIUM;9985;13;;;;;10003;11;;;;;9994.0;0.0
22;48200;INTARIAN_PEPPER_ROOT;35040;8;35038;8;35037;8;35052;8;35054;12;35056;10;35046.5;0.0
22;48300;ASH_COATED_OSMIUM;9987;15;9986;14;;;10006;10;10009;24;;;9997.0;0.0
22;48300;INTARIAN_PEPPER_ROOT;35038;10;;;;;35052;11;;;;;35045.5;0.0
22;48400;ASH_COATED_OSMIUM;9990;13;9989;13;9988;11;10008;14;10011;23;10012;22;9999.5;0.0
22;48400;INTARIAN_PEPPER_ROOT;35041;9;;;;;35052;8;;;;;35047.0;0.0
22;48500;ASH_COATED_OSMIUM;9996;12;9994;11;9991;20;10015;10;10017;30;10019;13;10005.5;0.0
22;48500;INTARIAN_PEPPER_ROOT;35043;8;35042;9;35040;8;35054;9;35057;11;35058;11;35049.0;0.0
22;48600;ASH_COATED_OSMIUM;10000;12;9998;11;9995;12;10016;12;10019;15;10022;12;10008.5;0.0
22;48600;INTARIAN_PEPPER_ROOT;35043;11;;;;;35055;12;;;;;35049.5;0.0
22;48700;ASH_COATED_OSMIUM;9995;13;;;;;10014;12;;;;;10004.5;0.0
22;48700;INTARIAN_PEPPER_ROOT;35044;9;35042;9;35041;8;35052;9;35054;11;35056;9;35048.0;0.0
22;48800;ASH_COATED_OSMIUM;9992;24;;;;;10008;10;;;;;10000.0;0.0
22;48800;INTARIAN_PEPPER_ROOT;35043;10;35042;8;;;35054;10;35057;10;;;35048.5;0.0
22;48900;ASH_COATED_OSMIUM;9989;12;;;;;10005;12;;;;;9997.5;0.0
22;48900;INTARIAN_PEPPER_ROOT;35038;10;35037;18;;;35050;9;35051;12;;;35044.0;0.0
22;49000;ASH_COATED_OSMIUM;9986;2;;;;;10005;11;;;;;9996.0;0.0
22;49000;INTARIAN_PEPPER_ROOT;35045;9;35043;23;35040;12;35059;9;35060;9;35062;12;35052.5;0.0
22;49100;ASH_COATED_OSMIUM;9988;14;9986;22;9983;20;10004;22;10006;15;10008;13;9996.0;0.0
22;49100;INTARIAN_PEPPER_ROOT;35042;17;35041;17;35039;11;35055;8;35058;18;35059;10;35049.0;0.0
22;49200;ASH_COATED_OSMIUM;9989;14;9988;13;9985;13;10005;6;10006;15;10007;12;9997.0;0.0
22;49200;INTARIAN_PEPPER_ROOT;35042;11;35040;10;;;35055;20;35056;10;;;35048.5;0.0
22;49300;ASH_COATED_OSMIUM;9986;30;;;;;10002;10;;;;;9994.0;0.0
22;49300;INTARIAN_PEPPER_ROOT;35043;8;35041;11;;;35056;8;35059;10;;;35049.5;0.0
22;49400;ASH_COATED_OSMIUM;9981;10;9978;12;;;9997;13;9998;21;;;9989.5;0.0
22;49400;INTARIAN_PEPPER_ROOT;35038;8;35037;22;;;35050;22;35052;8;;;35044.5;0.0
22;49500;ASH_COATED_OSMIUM;9988;15;9987;3;;;9999;11;10000;12;;;9993.5;0.0
22;49500;INTARIAN_PEPPER_ROOT;35041;11;35040;16;;;35053;10;35056;12;;;35047.5;0.0
22;49600;ASH_COATED_OSMIUM;9986;13;9985;14;9982;11;10002;10;10005;10;10006;27;9994.0;0.0
22;49600;INTARIAN_PEPPER_ROOT;35047;10;35046;8;35044;8;35061;12;35064;23;35067;9;35054.0;0.0
22;49700;ASH_COATED_OSMIUM;9991;15;9988;11;;;10007;13;10009;13;;;9999.5;0.0
22;49700;INTARIAN_PEPPER_ROOT;35046;10;;;;;35058;9;;;;;35052.5;0.0
22;49800;ASH_COATED_OSMIUM;9987;13;;;;;10003;14;;;;;9995.5;0.0
22;49800;INTARIAN_PEPPER_ROOT;35042;10;35040;9;;;35059;18;35061;9;;;35050.5;0.0
22;49900;ASH_COATED_OSMIUM;9987;12;9986;13;9985;13;10006;14;10007;29;10008;11;9997.0;0.0
22;49900;INTARIAN_PEPPER_ROOT;35045;8;35042;9;;;35056;12;35057;19;;;35050.5;0.0
22;50000;ASH_COATED_OSMIUM;9990;15;9988;13;;;10006;15;10007;30;;;9998.5;0.0
22;50000;INTARIAN_PEPPER_ROOT;35041;12;;;;;35055;23;;;;;35048.5;0.0
22;50100;ASH_COATED_OSMIUM;9993;15;9992;13;;;10009;15;10012;12;;;10001.0;0.0
22;50100;INTARIAN_PEPPER_ROOT;35046;11;;;;;35057;18;;;;;35052.0;0.0
22;50200;ASH_COATED_OSMIUM;9994;3;;;;;10010;12;;;;;10002.5;0.0
22;50200;INTARIAN_PEPPER_ROOT;35038;12;35037;9;35034;11;35053;12;35056;9;35059;11;35046.0;0.0
22;50300;ASH_COATED_OSMIUM;9997;10;9995;15;;;10006;13;10008;14;;;10001.5;0.0
22;50300;INTARIAN_PEPPER_ROOT;35043;11;35041;10;35040;12;35057;8;35058;8;35060;8;35050.0;0.0
22;50400;ASH_COATED_OSMIUM;9991;11;9990;15;9988;14;10007;12;10008;25;10010;14;9999.0;0.0
22;50400;INTARIAN_PEPPER_ROOT;35045;9;;;;;35056;22;;;;;35050.5;0.0
22;50500;ASH_COATED_OSMIUM;10000;10;9999;10;9998;13;10016;26;10019;10;10021;24;10008.0;0.0
22;50500;INTARIAN_PEPPER_ROOT;35041;12;;;;;35058;18;;;;;35049.5;0.0
22;50600;ASH_COATED_OSMIUM;9994;21;9991;5;;;10013;13;10014;10;;;10004.0;0.0
22;50600;INTARIAN_PEPPER_ROOT;35047;21;35044;9;35043;12;35059;8;35061;9;35063;8;35053.5;0.0
22;50700;ASH_COATED_OSMIUM;9998;13;9996;15;9995;11;10014;13;10016;10;10019;12;10006.5;0.0
22;50700;INTARIAN_PEPPER_ROOT;35041;11;35039;23;35038;11;35058;8;35061;21;35063;21;35050.0;0.0
22;50800;ASH_COATED_OSMIUM;9993;15;9992;10;;;10012;11;10013;11;;;10003.0;0.0
22;50800;INTARIAN_PEPPER_ROOT;35041;12;35038;9;;;35057;22;35060;8;;;35049.0;0.0
22;50900;ASH_COATED_OSMIUM;9997;22;;;;;10013;11;;;;;10005.0;0.0
22;50900;INTARIAN_PEPPER_ROOT;35049;8;35046;9;;;35060;8;35061;8;;;35055.0;0.0
22;51000;ASH_COATED_OSMIUM;10000;15;9999;10;;;10016;14;10018;14;;;10008.0;0.0
22;51000;INTARIAN_PEPPER_ROOT;35042;8;35041;8;35038;17;35056;11;35057;23;35058;8;35049.0;0.0
22;51100;ASH_COATED_OSMIUM;9999;14;;;;;10006;10;;;;;10002.5;0.0
22;51100;INTARIAN_PEPPER_ROOT;35045;10;35043;8;;;35058;10;35061;10;;;35051.5;0.0
22;51200;ASH_COATED_OSMIUM;9993;24;9991;9;9988;14;10009;11;10012;11;10015;11;10001.0;0.0
22;51200;INTARIAN_PEPPER_ROOT;35041;12;35040;12;;;35054;8;35056;12;;;35047.5;0.0
22;51300;ASH_COATED_OSMIUM;9983;12;9980;15;;;10002;15;10003;29;;;9992.5;0.0
22;51300;INTARIAN_PEPPER_ROOT;35046;19;35045;10;;;35060;12;35062;10;;;35053.0;0.0
22;51400;ASH_COATED_OSMIUM;9980;13;9977;10;9974;12;9998;11;9999;12;10001;15;9989.5;0.0
22;51400;INTARIAN_PEPPER_ROOT;35046;10;;;;;35065;8;;;;;35056.0;0.0
22;51500;ASH_COATED_OSMIUM;9991;11;9989;12;;;10007;11;10009;15;;;9999.0;0.0
22;51500;INTARIAN_PEPPER_ROOT;35044;10;35042;10;;;35060;11;35061;10;;;35052.5;0.0
22;51600;ASH_COATED_OSMIUM;9989;15;9988;11;;;10005;22;10007;15;;;9997.5;0.0
22;51600;INTARIAN_PEPPER_ROOT;35039;11;35036;10;;;35055;21;35057;9;;;35047.5;0.0
22;51700;ASH_COATED_OSMIUM;9989;13;9987;15;9984;10;10007;13;10010;10;10011;13;9998.5;0.0
22;51700;INTARIAN_PEPPER_ROOT;35047;8;35045;19;;;35060;9;35063;9;;;35054.0;0.0
22;51800;ASH_COATED_OSMIUM;9995;11;;;;;10005;26;;;;;10000.0;0.0
22;51800;INTARIAN_PEPPER_ROOT;35046;11;;;;;35058;12;;;;;35052.5;0.0
22;51900;ASH_COATED_OSMIUM;9986;14;9985;12;9982;22;10002;26;10005;11;10007;21;9994.0;0.0
22;51900;INTARIAN_PEPPER_ROOT;35042;12;35039;12;;;35059;10;35061;11;;;35050.5;0.0
22;52000;ASH_COATED_OSMIUM;9990;15;9987;26;9984;27;10006;22;10008;11;10010;14;9998.5;0.0
22;52000;INTARIAN_PEPPER_ROOT;35045;9;;;;;35061;25;;;;;35053.5;0.0
22;52100;ASH_COATED_OSMIUM;9990;30;9989;3;;;10006;15;10009;12;;;9998.0;0.0
22;52100;INTARIAN_PEPPER_ROOT;35046;12;;;;;35058;8;;;;;35052.5;0.0
22;52200;ASH_COATED_OSMIUM;9991;12;;;;;10007;14;;;;;9999.0;0.0
22;52200;INTARIAN_PEPPER_ROOT;35043;20;35041;11;;;35055;9;35056;25;;;35049.0;0.0
22;52300;ASH_COATED_OSMIUM;9990;14;;;;;10006;10;;;;;9998.0;0.0
22;52300;INTARIAN_PEPPER_ROOT;35049;9;35047;12;35045;25;35052;11;35055;11;35057;11;35050.5;0.0
22;52400;ASH_COATED_OSMIUM;9987;27;9986;15;;;10003;12;10005;15;;;9995.0;0.0
22;52400;INTARIAN_PEPPER_ROOT;35047;10;;;;;35059;11;;;;;35053.5;0.0
22;52500;ASH_COATED_OSMIUM;9984;11;9982;9;;;10000;15;10001;11;;;9992.5;0.0
22;52500;INTARIAN_PEPPER_ROOT;35042;9;;;;;35056;19;;;;;35049.5;0.0
22;52600;ASH_COATED_OSMIUM;9986;14;;;;;10002;11;;;;;9994.5;0.0
22;52600;INTARIAN_PEPPER_ROOT;35054;20;35051;9;;;35056;8;35059;17;;;35055.5;0.0
22;52700;ASH_COATED_OSMIUM;9990;5;9988;5;;;10006;15;10009;5;;;9998.5;0.0
22;52700;INTARIAN_PEPPER_ROOT;35047;11;35046;10;;;35061;10;35063;10;;;35054.0;0.0
22;52800;ASH_COATED_OSMIUM;9995;12;;;;;10011;10;;;;;10003.5;0.0
22;52800;INTARIAN_PEPPER_ROOT;35046;10;;;;;35060;8;;;;;35053.0;0.0
22;52900;ASH_COATED_OSMIUM;9993;25;;;;;10009;10;;;;;10001.5;0.0
22;52900;INTARIAN_PEPPER_ROOT;35050;8;;;;;35063;8;;;;;35057.0;0.0
22;53000;ASH_COATED_OSMIUM;9991;15;9988;11;;;10007;15;10009;11;;;9999.5;0.0
22;53000;INTARIAN_PEPPER_ROOT;35042;23;35041;12;;;35058;9;35061;8;;;35050.5;0.0
22;53100;ASH_COATED_OSMIUM;9992;11;;;;;10008;13;;;;;10000.5;0.0
22;53100;INTARIAN_PEPPER_ROOT;35049;16;35048;12;;;35061;9;35062;11;;;35055.5;0.0
22;53200;ASH_COATED_OSMIUM;9992;10;;;;;10008;11;;;;;10000.5;0.0
22;53200;INTARIAN_PEPPER_ROOT;35046;9;35044;9;;;35059;12;35061;9;;;35052.5;0.0
22;53300;ASH_COATED_OSMIUM;9991;15;;;;;10007;15;;;;;9999.0;0.0
22;53300;INTARIAN_PEPPER_ROOT;35045;9;35042;12;;;35059;10;35060;23;;;35052.0;0.0
22;53400;ASH_COATED_OSMIUM;9989;10;9986;14;;;10005;11;10007;15;;;9997.5;0.0
22;53400;INTARIAN_PEPPER_ROOT;35044;12;35043;12;;;35057;9;35059;9;;;35050.5;0.0
22;53500;ASH_COATED_OSMIUM;9987;6;9984;30;9981;14;10005;14;10008;12;10010;13;9996.0;0.0
22;53500;INTARIAN_PEPPER_ROOT;35049;24;;;;;35061;9;;;;;35055.5;0.0
22;53600;ASH_COATED_OSMIUM;9985;13;9983;28;;;10003;11;10004;13;;;9994.0;0.0
22;53600;INTARIAN_PEPPER_ROOT;35044;12;;;;;35056;6;;;;;35050.0;0.0
22;53700;ASH_COATED_OSMIUM;9987;10;9986;11;;;10003;30;10005;14;;;9995.0;0.0
22;53700;INTARIAN_PEPPER_ROOT;35047;10;35045;11;35044;11;35064;10;35065;9;35067;10;35055.5;0.0
22;53800;ASH_COATED_OSMIUM;9985;13;9982;29;9981;11;10001;11;10002;14;10003;13;9993.5;0.0
22;53800;INTARIAN_PEPPER_ROOT;35050;22;35048;11;35047;12;35061;20;35064;11;35065;9;35056.0;0.0
22;53900;ASH_COATED_OSMIUM;9984;10;9983;15;;;10000;10;10003;20;;;9992.5;0.0
22;53900;INTARIAN_PEPPER_ROOT;35044;8;35043;8;;;35057;12;35060;23;;;35050.5;0.0
22;54000;ASH_COATED_OSMIUM;9984;4;9982;13;;;10003;11;10004;15;;;9993.5;0.0
22;54000;INTARIAN_PEPPER_ROOT;35044;8;35042;10;;;35057;12;35059;11;;;35050.5;0.0
22;54100;ASH_COATED_OSMIUM;9988;15;9986;10;;;10004;22;10006;11;;;9996.5;0.0
22;54100;INTARIAN_PEPPER_ROOT;35051;9;35050;8;35048;12;35059;8;35060;8;35063;10;35055.5;0.0
22;54200;ASH_COATED_OSMIUM;9987;15;9986;24;9984;13;10003;10;10006;10;10008;11;9995.0;0.0
22;54200;INTARIAN_PEPPER_ROOT;35045;9;35043;8;;;35061;18;35062;10;;;35053.0;0.0
22;54300;ASH_COATED_OSMIUM;9996;12;9993;13;;;10015;15;10017;11;;;10006.0;0.0
22;54300;INTARIAN_PEPPER_ROOT;35047;12;35045;10;35043;11;35060;25;35061;8;35062;12;35054.0;0.0
22;54400;ASH_COATED_OSMIUM;9998;14;9995;10;9994;15;10014;4;10017;15;10020;15;10006.5;0.0
22;54400;INTARIAN_PEPPER_ROOT;35050;8;35047;12;;;35059;9;35060;12;;;35055.0;0.0
22;54500;ASH_COATED_OSMIUM;10001;13;;;;;10017;20;;;;;10009.0;0.0
22;54500;INTARIAN_PEPPER_ROOT;35049;10;35048;8;;;35063;22;35066;11;;;35056.0;0.0
22;54600;ASH_COATED_OSMIUM;9999;13;;;;;10015;15;;;;;10007.5;0.0
22;54600;INTARIAN_PEPPER_ROOT;35050;11;35049;10;35046;9;35065;11;35068;8;35071;10;35058.0;0.0
22;54700;ASH_COATED_OSMIUM;10001;15;;;;;10008;10;;;;;10005.0;0.0
22;54700;INTARIAN_PEPPER_ROOT;35053;10;35051;10;;;35064;8;35066;8;;;35059.0;0.0
22;54800;ASH_COATED_OSMIUM;9996;14;9993;25;;;10015;11;10018;12;;;10006.0;0.0
22;54800;INTARIAN_PEPPER_ROOT;35044;9;35042;12;;;35061;12;35064;10;;;35053.0;0.0
22;54900;ASH_COATED_OSMIUM;9994;15;9991;15;9990;24;10013;13;10014;15;10017;12;10004.0;0.0
22;54900;INTARIAN_PEPPER_ROOT;35052;8;35051;10;;;35064;9;35065;21;;;35058.0;0.0
22;55000;ASH_COATED_OSMIUM;9991;11;;;;;10007;10;;;;;9999.0;0.0
22;55000;INTARIAN_PEPPER_ROOT;35043;21;35042;9;;;35056;12;35057;12;;;35050.0;0.0
22;55100;ASH_COATED_OSMIUM;9989;9;;;;;10005;14;;;;;9997.0;0.0
22;55100;INTARIAN_PEPPER_ROOT;35049;8;;;;;35061;10;;;;;35055.5;0.0
22;55200;ASH_COATED_OSMIUM;9990;11;9988;11;;;10009;11;10011;3;;;10000.0;0.0
22;55200;INTARIAN_PEPPER_ROOT;35048;11;;;;;35061;8;;;;;35055.0;0.0
22;55300;ASH_COATED_OSMIUM;9995;14;;;;;10011;10;;;;;10003.0;0.0
22;55300;INTARIAN_PEPPER_ROOT;35044;9;;;;;35061;12;;;;;35053.0;0.0
22;55400;ASH_COATED_OSMIUM;9992;26;9990;15;;;10008;13;10010;10;;;10000.5;0.0
22;55400;INTARIAN_PEPPER_ROOT;35048;12;35046;12;;;35064;9;35065;8;;;35056.0;0.0
22;55500;ASH_COATED_OSMIUM;10002;14;10001;11;;;10018;29;10021;13;;;10010.0;0.0
22;55500;INTARIAN_PEPPER_ROOT;35049;8;35047;8;35045;12;35062;11;35064;9;35066;11;35055.5;0.0
22;55600;ASH_COATED_OSMIUM;9999;25;9997;13;;;10015;20;10017;11;;;10007.0;0.0
22;55600;INTARIAN_PEPPER_ROOT;35050;25;;;;;35064;10;;;;;35057.0;0.0
22;55700;ASH_COATED_OSMIUM;9991;4;9988;14;9987;10;10012;11;10014;11;10017;13;10001.5;0.0
22;55700;INTARIAN_PEPPER_ROOT;35046;9;35043;9;35042;8;35060;9;35062;12;35063;10;35053.0;0.0
22;55800;ASH_COATED_OSMIUM;9994;30;9993;24;;;10010;11;10011;15;;;10002.0;0.0
22;55800;INTARIAN_PEPPER_ROOT;35053;8;35052;9;;;35064;16;35067;24;;;35059.0;0.0
22;55900;ASH_COATED_OSMIUM;9984;10;9983;13;;;10002;10;10003;24;;;9993.5;0.0
22;55900;INTARIAN_PEPPER_ROOT;35047;18;35044;8;;;35060;10;35061;12;;;35053.5;0.0
22;56000;ASH_COATED_OSMIUM;9978;14;9976;28;9974;10;9999;15;10002;15;10005;13;9988.5;0.0
22;56000;INTARIAN_PEPPER_ROOT;35052;15;35050;9;;;35064;10;35066;8;;;35058.5;0.0
22;56100;ASH_COATED_OSMIUM;9980;13;9979;13;;;9996;14;9999;13;;;9988.0;0.0
22;56100;INTARIAN_PEPPER_ROOT;35046;12;35043;3;;;35060;17;35063;12;;;35053.0;0.0
22;56200;ASH_COATED_OSMIUM;9987;10;9984;11;;;10003;13;10005;15;;;9995.0;0.0
22;56200;INTARIAN_PEPPER_ROOT;35051;8;35049;12;;;35064;23;35066;11;;;35057.5;0.0
22;56300;ASH_COATED_OSMIUM;9990;11;9987;10;9985;11;10006;10;10008;14;10009;14;9998.0;0.0
22;56300;INTARIAN_PEPPER_ROOT;35049;12;35046;8;;;35064;9;35067;8;;;35056.5;0.0
22;56400;ASH_COATED_OSMIUM;9990;15;9987;11;;;10006;12;10008;14;;;9998.0;0.0
22;56400;INTARIAN_PEPPER_ROOT;35054;8;;;;;35065;8;;;;;35059.5;0.0
22;56500;ASH_COATED_OSMIUM;9990;14;9989;10;9986;10;9996;15;9998;27;10000;29;9993.0;0.0
22;56500;INTARIAN_PEPPER_ROOT;35046;8;35044;8;;;35060;12;35062;11;;;35053.5;0.0
22;56600;ASH_COATED_OSMIUM;9980;15;;;;;9999;11;;;;;9990.0;0.0
22;56600;INTARIAN_PEPPER_ROOT;35049;12;35046;11;;;35065;9;35067;20;;;35057.0;0.0
22;56700;ASH_COATED_OSMIUM;9982;25;;;;;9998;12;;;;;9990.0;0.0
22;56700;INTARIAN_PEPPER_ROOT;35051;9;;;;;35064;12;;;;;35058.0;0.0
22;56800;ASH_COATED_OSMIUM;9984;14;;;;;10002;13;;;;;9993.0;0.0
22;56800;INTARIAN_PEPPER_ROOT;35053;8;;;;;35065;10;;;;;35059.0;0.0
22;56900;ASH_COATED_OSMIUM;9982;13;9980;14;;;9998;10;9999;11;;;9990.5;0.0
22;56900;INTARIAN_PEPPER_ROOT;35052;11;35049;24;;;35064;22;35066;12;;;35058.0;0.0
22;57000;ASH_COATED_OSMIUM;9993;24;;;;;9998;13;;;;;9996.0;0.0
22;57000;INTARIAN_PEPPER_ROOT;35049;11;35047;8;35046;9;35066;10;35067;9;35069;8;35058.0;0.0
22;57100;ASH_COATED_OSMIUM;9989;11;9986;12;9983;14;10005;26;10007;22;10008;14;9997.0;0.0
22;57100;INTARIAN_PEPPER_ROOT;35053;9;35050;9;;;35058;11;35061;8;;;35055.5;0.0
22;57200;ASH_COATED_OSMIUM;9994;13;9993;12;9992;11;10004;10;10006;12;10007;14;9999.0;0.0
22;57200;INTARIAN_PEPPER_ROOT;35047;12;35044;16;;;35059;11;35062;9;;;35053.0;0.0
22;57300;ASH_COATED_OSMIUM;9991;10;9988;11;9985;15;10007;12;10008;15;10011;10;9999.5;0.0
22;57300;INTARIAN_PEPPER_ROOT;35051;10;35050;9;;;35063;8;35066;11;;;35057.0;0.0
22;57400;ASH_COATED_OSMIUM;9993;15;9991;12;;;10004;21;10005;21;;;9999.0;0.0
22;57400;INTARIAN_PEPPER_ROOT;35047;12;;;;;35061;11;;;;;35054.0;0.0
22;57500;ASH_COATED_OSMIUM;9989;26;9987;24;9984;15;10005;12;10007;13;10008;12;9997.0;0.0
22;57500;INTARIAN_PEPPER_ROOT;35049;24;35046;10;35044;8;35062;23;35064;12;35067;10;35056.0;0.0
22;57600;ASH_COATED_OSMIUM;9991;14;9988;3;;;10010;12;10013;10;;;10000.5;0.0
22;57600;INTARIAN_PEPPER_ROOT;35053;10;35052;12;35051;9;35065;11;35067;12;35068;12;35059.0;0.0
22;57700;ASH_COATED_OSMIUM;9999;14;9998;21;;;10017;20;10018;13;;;10008.0;0.0
22;57700;INTARIAN_PEPPER_ROOT;35048;9;35045;9;35043;8;35061;12;35062;10;35064;8;35054.5;0.0
22;57800;ASH_COATED_OSMIUM;10003;30;10002;10;;;10019;25;10022;10;;;10011.5;0.0
22;57800;INTARIAN_PEPPER_ROOT;35052;21;;;;;35065;10;;;;;35058.5;0.0
22;57900;ASH_COATED_OSMIUM;10003;11;10002;15;;;10019;11;10020;13;;;10011.5;0.0
22;57900;INTARIAN_PEPPER_ROOT;35053;10;35052;12;;;35057;12;35058;10;;;35055.0;0.0
22;58000;ASH_COATED_OSMIUM;9999;10;;;;;10015;13;;;;;10007.0;0.0
22;58000;INTARIAN_PEPPER_ROOT;35049;11;;;;;35061;9;;;;;35055.0;0.0
22;58100;ASH_COATED_OSMIUM;9995;12;9993;24;;;10011;25;10013;13;;;10003.0;0.0
22;58100;INTARIAN_PEPPER_ROOT;35050;9;;;;;35070;12;;;;;35060.5;0.0
22;58200;ASH_COATED_OSMIUM;9988;10;9986;30;9985;10;10004;20;10007;10;10010;15;9996.0;0.0
22;58200;INTARIAN_PEPPER_ROOT;35050;16;35048;9;35047;8;35062;8;35063;10;35066;8;35056.5;0.0
22;58300;ASH_COATED_OSMIUM;9988;28;9985;14;9984;12;10004;20;10006;13;10009;11;9996.0;0.0
22;58300;INTARIAN_PEPPER_ROOT;35049;8;;;;;35061;8;;;;;35055.0;0.0
22;58400;ASH_COATED_OSMIUM;9986;12;9985;15;9983;12;10002;11;10003;11;10005;15;9994.0;0.0
22;58400;INTARIAN_PEPPER_ROOT;35049;12;35047;10;35044;11;35062;8;35064;9;35066;8;35055.5;0.0
22;58500;ASH_COATED_OSMIUM;9987;10;;;;;10006;12;;;;;9997.0;0.0
22;58500;INTARIAN_PEPPER_ROOT;35052;11;35050;18;35049;17;35064;15;35066;11;35068;8;35058.5;0.0
22;58600;ASH_COATED_OSMIUM;9991;26;;;;;10007;2;;;;;9999.5;0.0
22;58600;INTARIAN_PEPPER_ROOT;35051;10;;;;;35066;11;;;;;35059.0;0.0
22;58700;ASH_COATED_OSMIUM;9992;25;9990;14;9987;14;10008;14;10011;13;10012;11;10000.0;0.0
22;58700;INTARIAN_PEPPER_ROOT;35048;9;;;;;35065;11;;;;;35057.0;0.0
22;58800;ASH_COATED_OSMIUM;9985;12;9983;11;;;10006;11;10007;10;;;9995.5;0.0
22;58800;INTARIAN_PEPPER_ROOT;35051;12;35050;21;;;35062;10;35065;20;;;35056.5;0.0
22;58900;ASH_COATED_OSMIUM;9986;15;9984;13;;;10002;10;10003;22;;;9994.5;0.0
22;58900;INTARIAN_PEPPER_ROOT;35050;9;;;;;35066;12;;;;;35058.0;0.0
22;59000;ASH_COATED_OSMIUM;9992;13;9989;28;9988;12;10008;25;10009;10;10010;14;10000.5;0.0
22;59000;INTARIAN_PEPPER_ROOT;35053;12;35052;11;35051;10;35066;12;35068;9;35071;20;35059.5;0.0
22;59100;ASH_COATED_OSMIUM;9992;10;9989;15;9988;14;10008;10;10011;11;10013;14;10000.5;0.0
22;59100;INTARIAN_PEPPER_ROOT;35051;10;35048;9;35045;12;35067;9;35068;11;35069;9;35059.5;0.0
22;59200;ASH_COATED_OSMIUM;9995;12;9992;12;;;10011;10;10012;14;;;10003.0;0.0
22;59200;INTARIAN_PEPPER_ROOT;35055;12;;;;;35069;18;;;;;35062.0;0.0
22;59300;ASH_COATED_OSMIUM;9992;14;9989;12;;;10008;22;10009;11;;;10000.5;0.0
22;59300;INTARIAN_PEPPER_ROOT;35055;8;35052;12;35050;9;35059;15;35061;8;35063;9;35057.0;0.0
22;59400;ASH_COATED_OSMIUM;9994;10;9991;10;;;10003;13;10006;12;;;9998.5;0.0
22;59400;INTARIAN_PEPPER_ROOT;35051;10;;;;;35062;9;;;;;35056.5;0.0
22;59500;ASH_COATED_OSMIUM;9993;14;9991;13;;;10009;3;10012;10;;;10001.0;0.0
22;59500;INTARIAN_PEPPER_ROOT;35051;9;35048;23;;;35066;9;35069;10;;;35058.5;0.0
22;59600;ASH_COATED_OSMIUM;9983;14;9980;12;9978;12;10004;6;10005;12;10006;13;9994.0;0.0
22;59600;INTARIAN_PEPPER_ROOT;35055;12;35053;25;;;35070;10;35072;12;;;35062.5;0.0
22;59700;ASH_COATED_OSMIUM;9988;15;9986;11;9983;15;10004;11;10007;12;10009;13;9996.5;0.0
22;59700;INTARIAN_PEPPER_ROOT;35052;8;35049;8;;;35067;12;35069;11;;;35060.0;0.0
22;59800;ASH_COATED_OSMIUM;9990;10;9989;23;9988;10;10006;22;10009;12;10010;27;9998.0;0.0
22;59800;INTARIAN_PEPPER_ROOT;35050;12;35049;12;;;35064;9;35065;7;;;35057.0;0.0
22;59900;ASH_COATED_OSMIUM;9993;12;9992;21;;;10009;13;10011;11;;;10001.0;0.0
22;59900;INTARIAN_PEPPER_ROOT;35052;10;;;;;35066;24;;;;;35059.5;0.0
22;60000;ASH_COATED_OSMIUM;9991;11;;;;;10010;12;;;;;10001.0;0.0
22;60000;INTARIAN_PEPPER_ROOT;35052;8;35050;10;;;35063;11;35066;10;;;35058.0;0.0
22;60100;ASH_COATED_OSMIUM;9992;11;9990;12;9989;15;10008;29;10011;11;10012;23;10000.0;0.0
22;60100;INTARIAN_PEPPER_ROOT;35054;8;35053;11;35051;9;35065;12;35068;9;35070;11;35060.0;0.0
22;60200;ASH_COATED_OSMIUM;9993;4;9990;12;;;10009;14;10011;4;;;10001.0;0.0
22;60200;INTARIAN_PEPPER_ROOT;35057;12;35055;8;;;35070;21;35072;9;;;35064.0;0.0
22;60300;ASH_COATED_OSMIUM;9995;12;9992;15;;;10003;10;10006;15;;;9999.0;0.0
22;60300;INTARIAN_PEPPER_ROOT;35053;11;35050;12;;;35066;11;35068;23;;;35059.5;0.0
22;60400;ASH_COATED_OSMIUM;9985;13;9982;15;;;10001;13;10002;14;;;9993.5;0.0
22;60400;INTARIAN_PEPPER_ROOT;35052;21;35051;8;35048;9;35065;12;35067;10;35068;9;35059.0;0.0
22;60500;ASH_COATED_OSMIUM;9987;14;9985;13;;;10005;29;10008;13;;;9996.0;0.0
22;60500;INTARIAN_PEPPER_ROOT;35053;23;35052;25;35051;12;35066;15;35068;11;35071;22;35060.0;0.0
22;60600;ASH_COATED_OSMIUM;9992;26;;;;;10010;11;;;;;10001.0;0.0
22;60600;INTARIAN_PEPPER_ROOT;35055;20;;;;;35070;8;;;;;35062.5;0.0
22;60700;ASH_COATED_OSMIUM;9988;24;9987;12;9986;14;10006;5;10007;20;10010;11;9997.0;0.0
22;60700;INTARIAN_PEPPER_ROOT;35054;12;;;;;35068;12;;;;;35061.5;0.0
22;60800;ASH_COATED_OSMIUM;9990;10;;;;;10006;15;;;;;9998.0;0.0
22;60800;INTARIAN_PEPPER_ROOT;35054;12;35052;17;35051;12;35066;11;35069;9;35071;11;35060.0;0.0
22;60900;ASH_COATED_OSMIUM;9994;26;9991;15;9989;13;10010;15;10012;12;10014;15;10002.5;0.0
22;60900;INTARIAN_PEPPER_ROOT;35053;12;35050;19;;;35067;11;35068;9;;;35060.5;0.0
22;61000;ASH_COATED_OSMIUM;9996;12;9995;21;9992;14;10014;11;10017;12;10020;28;10005.5;0.0
22;61000;INTARIAN_PEPPER_ROOT;35055;11;35054;12;;;35068;8;35070;9;;;35061.5;0.0
22;61100;ASH_COATED_OSMIUM;9991;13;9988;14;9987;14;10007;15;10010;15;10013;13;9999.0;0.0
22;61100;INTARIAN_PEPPER_ROOT;35050;12;;;;;35063;12;;;;;35057.0;0.0
22;61200;ASH_COATED_OSMIUM;9988;21;;;;;10006;15;;;;;9997.5;0.0
22;61200;INTARIAN_PEPPER_ROOT;35056;9;35053;11;35051;10;35067;9;35068;21;35070;11;35062.0;0.0
22;61300;ASH_COATED_OSMIUM;9991;14;;;;;10007;13;;;;;9999.0;0.0
22;61300;INTARIAN_PEPPER_ROOT;35053;10;35050;8;35049;9;35061;11;35064;25;35067;12;35057.5;0.0
22;61400;ASH_COATED_OSMIUM;9997;10;9994;12;;;10007;12;10008;12;;;10002.0;0.0
22;61400;INTARIAN_PEPPER_ROOT;35052;4;35050;11;;;35070;20;35073;12;;;35061.5;0.0
22;61500;ASH_COATED_OSMIUM;9989;13;9987;27;;;10005;10;10007;12;;;9997.0;0.0
22;61500;INTARIAN_PEPPER_ROOT;35054;9;35052;20;35049;12;35068;11;35071;11;35072;9;35061.0;0.0
22;61600;ASH_COATED_OSMIUM;9990;10;9989;11;9986;14;10009;14;10010;15;10013;15;9999.5;0.0
22;61600;INTARIAN_PEPPER_ROOT;35054;11;35052;12;;;35071;9;35074;12;;;35063.0;0.0
22;61700;ASH_COATED_OSMIUM;9992;11;;;;;10008;20;;;;;10000.0;0.0
22;61700;INTARIAN_PEPPER_ROOT;35059;10;;;;;35070;8;;;;;35065.0;0.0
22;61800;ASH_COATED_OSMIUM;9994;12;;;;;10015;14;;;;;10005.0;0.0
22;61800;INTARIAN_PEPPER_ROOT;35053;8;;;;;35070;22;;;;;35061.5;0.0
22;61900;ASH_COATED_OSMIUM;9989;11;9988;10;9987;12;10005;15;10006;13;10008;4;9997.5;0.0
22;61900;INTARIAN_PEPPER_ROOT;35062;9;35060;25;;;35065;10;35068;12;;;35064.0;0.0
22;62000;ASH_COATED_OSMIUM;9989;13;9986;13;;;10005;24;10008;15;;;9997.5;0.0
22;62000;INTARIAN_PEPPER_ROOT;35055;24;;;;;35067;25;;;;;35061.0;0.0
22;62100;ASH_COATED_OSMIUM;9986;10;9983;13;;;10002;14;10004;13;;;9994.5;0.0
22;62100;INTARIAN_PEPPER_ROOT;35053;12;35050;10;35049;10;35065;10;35067;7;35069;9;35059.5;0.0
22;62200;ASH_COATED_OSMIUM;9988;15;9985;5;;;10004;26;10006;28;;;9996.5;0.0
22;62200;INTARIAN_PEPPER_ROOT;35056;17;35053;8;;;35067;10;35068;9;;;35062.0;0.0
22;62300;ASH_COATED_OSMIUM;9990;30;9987;14;;;10006;14;10008;28;;;9998.0;0.0
22;62300;INTARIAN_PEPPER_ROOT;35053;8;35050;10;;;35066;8;35069;8;;;35060.0;0.0
22;62400;ASH_COATED_OSMIUM;9996;10;;;;;10012;13;;;;;10004.0;0.0
22;62400;INTARIAN_PEPPER_ROOT;35059;21;35057;12;;;35072;9;35075;8;;;35065.5;0.0
22;62500;ASH_COATED_OSMIUM;9991;12;;;;;10007;28;;;;;9999.5;0.0
22;62500;INTARIAN_PEPPER_ROOT;35057;25;35056;10;;;35068;9;35070;9;;;35062.5;0.0
22;62600;ASH_COATED_OSMIUM;9996;14;;;;;10015;11;;;;;10005.5;0.0
22;62600;INTARIAN_PEPPER_ROOT;35057;8;35056;12;;;35071;9;35073;11;;;35064.0;0.0
22;62700;ASH_COATED_OSMIUM;10000;11;9999;10;9996;11;10016;13;10018;11;10019;28;10008.5;0.0
22;62700;INTARIAN_PEPPER_ROOT;35054;9;;;;;35073;8;;;;;35063.5;0.0
22;62800;ASH_COATED_OSMIUM;10003;14;;;;;10019;14;;;;;10011.5;0.0
22;62800;INTARIAN_PEPPER_ROOT;35057;19;35056;10;;;35069;8;35071;24;;;35063.5;0.0
22;62900;ASH_COATED_OSMIUM;9995;10;;;;;10011;11;;;;;10003.5;0.0
22;62900;INTARIAN_PEPPER_ROOT;35054;10;;;;;35066;11;;;;;35060.0;0.0
22;63000;ASH_COATED_OSMIUM;9991;15;;;;;10002;10;;;;;9997.0;0.0
22;63000;INTARIAN_PEPPER_ROOT;35060;10;35058;10;35057;12;35075;8;35077;9;35079;11;35067.5;0.0
22;63100;ASH_COATED_OSMIUM;9983;15;9982;22;;;9999;13;10002;14;;;9991.5;0.0
22;63100;INTARIAN_PEPPER_ROOT;35056;11;;;;;35070;9;;;;;35063.5;0.0
22;63200;ASH_COATED_OSMIUM;9985;21;9982;13;9979;12;10001;12;10003;3;10004;11;9993.5;0.0
22;63200;INTARIAN_PEPPER_ROOT;35057;12;35054;12;;;35068;23;35069;10;;;35062.5;0.0
22;63300;ASH_COATED_OSMIUM;9989;12;;;;;10005;21;;;;;9997.5;0.0
22;63300;INTARIAN_PEPPER_ROOT;35059;8;35058;8;;;35074;10;35075;11;;;35067.0;0.0
22;63400;ASH_COATED_OSMIUM;9989;11;9988;11;;;10005;14;10007;11;;;9997.0;0.0
22;63400;INTARIAN_PEPPER_ROOT;35055;21;35052;9;;;35067;10;35068;8;;;35061.5;0.0
22;63500;ASH_COATED_OSMIUM;9992;24;9990;14;9988;14;10008;11;10011;21;10012;15;10000.0;0.0
22;63500;INTARIAN_PEPPER_ROOT;35052;12;;;;;35064;19;;;;;35058.0;0.0
22;63600;ASH_COATED_OSMIUM;9988;15;9985;10;;;10007;13;10010;14;;;9997.5;0.0
22;63600;INTARIAN_PEPPER_ROOT;35059;17;35058;25;35055;12;35071;18;35072;8;35075;11;35065.0;0.0
