day;timestamp;product;bid_price_1;bid_volume_1;bid_price_2;bid_volume_2;bid_price_3;bid_volume_3;ask_price_1;ask_volume_1;ask_price_2;ask_volume_2;ask_price_3;ask_volume_3;mid_price;profit_and_loss
37;0;ASH_COATED_OSMIUM;9992;28;9989;12;;;10008;10;10009;15;;;10000.5;0.0
37;0;INTARIAN_PEPPER_ROOT;49993;10;49990;9;;;50005;10;50008;12;;;49999.0;0.0
37;100;ASH_COATED_OSMIUM;9998;6;9997;12;9994;15;10008;10;10011;13;10014;23;10003.5;0.0
37;100;INTARIAN_PEPPER_ROOT;49993;17;;;;;50005;8;;;;;49999.0;0.0
37;200;ASH_COATED_OSMIUM;9994;10;9992;10;9989;14;10010;13;10011;12;10014;13;10002.0;0.0
37;200;INTARIAN_PEPPER_ROOT;49992;9;49989;11;49986;12;50005;10;50008;16;50009;9;49998.5;0.0
37;300;ASH_COATED_OSMIUM;9991;14;9990;5;;;10008;27;10009;11;;;10000.0;0.0
37;300;INTARIAN_PEPPER_ROOT;49990;11;49987;11;49986;10;50006;11;50009;24;50012;12;49998.5;0.0
37;400;ASH_COATED_OSMIUM;9992;10;9989;11;;;10008;14;10010;22;;;10000.0;0.0
37;400;INTARIAN_PEPPER_ROOT;49996;12;49993;10;49992;12;50010;10;50012;11;50013;12;50003.0;0.0
37;500;ASH_COATED_OSMIUM;9987;11;9985;14;;;10003;13;10004;13;;;9995.5;0.0
37;500;INTARIAN_PEPPER_ROOT;49993;11;49992;18;49991;8;50006;9;50009;10;50012;12;49999.5;0.0
37;600;ASH_COATED_OSMIUM;9987;11;9984;12;;;10005;10;10007;5;;;9996.0;0.0
37;600;INTARIAN_PEPPER_ROOT;49996;10;49995;17;;;50008;15;50010;24;;;50002.0;0.0
37;700;ASH_COATED_OSMIUM;9987;10;;;;;10005;12;;;;;9996.0;0.0
37;700;INTARIAN_PEPPER_ROOT;49994;9;49992;9;;;50007;17;50010;11;;;50000.5;0.0
37;800;ASH_COATED_OSMIUM;9985;10;9982;30;9981;11;10004;25;10005;10;10008;10;9995.0;0.0
37;800;INTARIAN_PEPPER_ROOT;49996;10;49993;18;49991;9;50007;8;50009;9;50011;10;50002.0;0.0
37;900;ASH_COATED_OSMIUM;9986;15;;;;;10002;11;;;;;9994.0;0.0
37;900;INTARIAN_PEPPER_ROOT;49989;12;;;;;50003;11;;;;;49996.0;0.0
37;1000;ASH_COATED_OSMIUM;9993;26;9991;8;9990;22;10009;14;10011;24;10012;11;10001.0;0.0
37;1000;INTARIAN_PEPPER_ROOT;49996;11;;;;;50013;12;;;;;50005.0;0.0
37;1100;ASH_COATED_OSMIUM;9997;13;9996;15;9993;13;10013;11;10015;10;10018;26;10005.0;0.0
37;1100;INTARIAN_PEPPER_ROOT;49993;11;49990;10;;;50004;16;50006;12;;;49998.5;0.0
37;1200;ASH_COATED_OSMIUM;9996;15;9993;11;;;10012;12;10013;27;;;10004.5;0.0
37;1200;INTARIAN_PEPPER_ROOT;49992;9;;;;;50006;12;;;;;49999.0;0.0
37;1300;ASH_COATED_OSMIUM;9992;15;9990;13;9988;14;10008;6;10011;13;10012;27;10000.0;0.0
37;1300;INTARIAN_PEPPER_ROOT;49993;9;49992;8;;;50005;10;50008;8;;;49999.5;0.0
37;1400;ASH_COATED_OSMIUM;9994;15;9991;13;;;10005;13;10008;10;;;10000.0;0.0
37;1400;INTARIAN_PEPPER_ROOT;49995;11;49993;11;49991;24;50010;9;50012;10;50015;17;50003.0;0.0
37;1500;ASH_COATED_OSMIUM;9986;29;9985;14;;;10005;10;10006;13;;;9995.5;0.0
37;1500;INTARIAN_PEPPER_ROOT;49994;8;;;;;50008;10;;;;;50001.5;0.0
37;1600;ASH_COATED_OSMIUM;9989;12;;;;;10008;15;;;;;9999.0;0.0
37;1600;INTARIAN_PEPPER_ROOT;49995;9;49994;10;;;50009;9;50012;10;;;50002.5;0.0
37;1700;ASH_COATED_OSMIUM;9992;14;9991;11;;;10008;12;10010;13;;;10000.0;0.0
37;1700;INTARIAN_PEPPER_ROOT;49997;23;;;;;50010;10;;;;;50003.5;0.0
37;1800;ASH_COATED_OSMIUM;9991;28;9990;11;9988;22;10007;15;10010;12;10012;13;9999.0;0.0
37;1800;INTARIAN_PEPPER_ROOT;49993;11;;;;;50010;12;;;;;50002.0;0.0
37;1900;ASH_COATED_OSMIUM;9991;12;;;;;10007;26;;;;;9999.0;0.0
37;1900;INTARIAN_PEPPER_ROOT;49993;11;49990;9;;;50010;10;50013;17;;;50002.0;0.0
37;2000;ASH_COATED_OSMIUM;9992;11;9989;29;;;10008;12;10009;13;;;10000.0;0.0
37;2000;INTARIAN_PEPPER_ROOT;49997;10;;;;;50011;9;;;;;50004.5;0.0
37;2100;ASH_COATED_OSMIUM;9990;11;;;;;10006;24;;;;;9998.5;0.0
37;2100;INTARIAN_PEPPER_ROOT;49994;11;49993;10;49992;11;50006;11;50009;9;50012;10;50000.5;0.0
37;2200;ASH_COATED_OSMIUM;9995;10;9993;10;9990;3;10011;10;10013;11;10015;11;10003.5;0.0
37;2200;INTARIAN_PEPPER_ROOT;49995;24;49994;25;;;50002;12;50004;8;;;49999.0;0.0
37;2300;ASH_COATED_OSMIUM;9994;14;;;;;10010;11;;;;;10002.0;0.0
37;2300;INTARIAN_PEPPER_ROOT;49999;8;49998;11;;;50001;19;50003;12;;;50000.5;0.0
37;2400;ASH_COATED_OSMIUM;9993;10;;;;;10009;14;;;;;10001.5;0.0
37;2400;INTARIAN_PEPPER_ROOT;49993;17;;;;;50005;10;;;;;49999.5;0.0
37;2500;ASH_COATED_OSMIUM;9990;15;9987;13;;;10008;12;10010;13;;;9999.5;0.0
37;2500;INTARIAN_PEPPER_ROOT;49994;9;49993;11;49992;10;50007;12;50008;9;50009;9;50000.5;0.0
37;2600;ASH_COATED_OSMIUM;9994;10;9991;27;;;10010;15;10013;10;;;10002.0;0.0
37;2600;INTARIAN_PEPPER_ROOT;49995;11;;;;;50009;10;;;;;50002.0;0.0
37;2700;ASH_COATED_OSMIUM;9989;26;9988;11;;;10005;13;10007;15;;;9997.0;0.0
37;2700;INTARIAN_PEPPER_ROOT;49994;8;49991;12;49988;9;50009;8;50010;9;50013;17;50002.0;0.0
37;2800;ASH_COATED_OSMIUM;9990;11;;;;;10008;13;;;;;9999.5;0.0
37;2800;INTARIAN_PEPPER_ROOT;49994;12;49992;10;49990;15;50008;8;50011;16;50012;15;50001.5;0.0
37;2900;ASH_COATED_OSMIUM;9988;12;9986;14;;;10004;11;10006;10;;;9996.5;0.0
37;2900;INTARIAN_PEPPER_ROOT;49999;8;49997;11;49996;8;50015;8;50016;11;50018;10;50007.5;0.0
37;3000;ASH_COATED_OSMIUM;9988;3;9986;13;;;9998;12;10000;14;;;9993.0;0.0
37;3000;INTARIAN_PEPPER_ROOT;50004;11;;;;;50006;21;;;;;50005.0;0.0
37;3100;ASH_COATED_OSMIUM;9990;8;9987;12;;;9999;10;10000;13;;;9994.5;0.0
37;3100;INTARIAN_PEPPER_ROOT;49995;10;49994;9;;;50008;9;50010;20;;;50002.0;0.0
37;3200;ASH_COATED_OSMIUM;9983;29;9981;11;;;9999;15;10002;26;;;9991.5;0.0
37;3200;INTARIAN_PEPPER_ROOT;49997;10;49995;25;;;50009;11;50010;8;;;50003.0;0.0
37;3300;ASH_COATED_OSMIUM;9983;3;9981;21;9979;11;10004;14;10007;15;10009;13;9994.0;0.0
37;3300;INTARIAN_PEPPER_ROOT;49993;9;49991;10;;;50007;12;50009;8;;;50000.5;0.0
37;3400;ASH_COATED_OSMIUM;9980;14;;;;;9996;25;;;;;9988.0;0.0
37;3400;INTARIAN_PEPPER_ROOT;49993;6;49992;8;;;50006;9;50009;10;;;49999.5;0.0
37;3500;ASH_COATED_OSMIUM;9981;15;9979;13;;;9997;14;9998;10;;;9989.0;0.0
37;3500;INTARIAN_PEPPER_ROOT;49992;10;49991;8;49989;12;50008;12;50011;11;50012;11;50000.0;0.0
37;3600;ASH_COATED_OSMIUM;9986;15;9984;13;9983;13;10002;13;10004;13;10005;3;9994.0;0.0
37;3600;INTARIAN_PEPPER_ROOT;49996;8;49993;12;49990;11;50013;9;50016;11;50019;12;50005.0;0.0
37;3700;ASH_COATED_OSMIUM;9986;12;9985;12;;;10005;10;10006;12;;;9995.5;0.0
37;3700;INTARIAN_PEPPER_ROOT;49997;9;49994;6;;;50011;10;50014;11;;;50004.5;0.0
37;3800;ASH_COATED_OSMIUM;9987;15;9984;28;;;10003;14;10005;20;;;9995.5;0.0
37;3800;INTARIAN_PEPPER_ROOT;49994;11;49992;20;;;50006;12;50008;11;;;50000.5;0.0
37;3900;ASH_COATED_OSMIUM;9989;13;9988;25;;;10005;10;10008;10;;;9997.5;0.0
37;3900;INTARIAN_PEPPER_ROOT;49997;9;49995;10;;;50010;10;50012;12;;;50003.5;0.0
37;4000;ASH_COATED_OSMIUM;9989;11;9986;13;;;10005;13;10006;15;;;9997.0;0.0
37;4000;INTARIAN_PEPPER_ROOT;49998;16;49996;12;49994;8;50012;15;50015;11;50016;8;50005.0;0.0
37;4100;ASH_COATED_OSMIUM;9992;13;9989;12;;;10008;10;10011;20;;;10000.5;0.0
37;4100;INTARIAN_PEPPER_ROOT;49998;8;;;;;50011;18;;;;;50004.5;0.0
37;4200;ASH_COATED_OSMIUM;9987;23;9984;11;;;10003;15;10005;12;;;9995.0;0.0
37;4200;INTARIAN_PEPPER_ROOT;49994;11;;;;;50005;10;;;;;50000.0;0.0
37;4300;ASH_COATED_OSMIUM;9988;15;;;;;10006;15;;;;;9997.5;0.0
37;4300;INTARIAN_PEPPER_ROOT;50006;15;50004;11;;;50008;10;50011;22;;;50007.0;0.0
37;4400;ASH_COATED_OSMIUM;9993;10;9991;15;9990;11;10009;15;10012;14;10014;15;10001.0;0.0
37;4400;INTARIAN_PEPPER_ROOT;49996;10;;;;;50012;11;;;;;50004.0;0.0
37;4500;ASH_COATED_OSMIUM;9993;12;9990;13;;;10004;14;10005;15;;;9999.0;0.0
37;4500;INTARIAN_PEPPER_ROOT;49997;11;;;;;50013;8;;;;;50005.5;0.0
37;4600;ASH_COATED_OSMIUM;9986;20;9983;14;;;10004;14;10007;25;;;9995.0;0.0
37;4600;INTARIAN_PEPPER_ROOT;50002;12;;;;;50014;8;;;;;50008.0;0.0
37;4700;ASH_COATED_OSMIUM;9986;12;9985;13;9982;11;10004;11;10007;27;10008;13;9995.5;0.0
37;4700;INTARIAN_PEPPER_ROOT;49995;12;49992;12;;;50007;9;50008;20;;;50001.0;0.0
37;4800;ASH_COATED_OSMIUM;9985;12;9983;15;;;10001;10;10004;14;;;9993.5;0.0
37;4800;INTARIAN_PEPPER_ROOT;49997;10;49995;23;;;50009;11;50011;12;;;50003.0;0.0
37;4900;ASH_COATED_OSMIUM;9983;12;9980;10;9977;14;10001;11;10004;11;10006;14;9992.5;0.0
37;4900;INTARIAN_PEPPER_ROOT;50001;12;;;;;50013;8;;;;;50007.5;0.0
37;5000;ASH_COATED_OSMIUM;9984;11;9981;14;;;10003;21;10004;13;;;9993.5;0.0
37;5000;INTARIAN_PEPPER_ROOT;50001;10;;;;;50015;8;;;;;50008.0;0.0
37;5100;ASH_COATED_OSMIUM;9980;13;9978;11;;;9998;15;9999;25;;;9989.0;0.0
37;5100;INTARIAN_PEPPER_ROOT;50000;8;49997;23;;;50014;10;50016;9;;;50007.0;0.0
37;5200;ASH_COATED_OSMIUM;9987;10;;;;;10003;14;;;;;9995.5;0.0
37;5200;INTARIAN_PEPPER_ROOT;49999;25;;;;;50012;8;;;;;50006.0;0.0
37;5300;ASH_COATED_OSMIUM;9987;13;9985;11;;;10003;22;10005;12;;;9995.5;0.0
37;5300;INTARIAN_PEPPER_ROOT;50001;5;50000;11;;;50012;7;50014;10;;;50006.5;0.0
37;5400;ASH_COATED_OSMIUM;9986;11;9983;10;;;10005;12;10006;14;;;9995.5;0.0
37;5400;INTARIAN_PEPPER_ROOT;50002;10;;;;;50014;12;;;;;50008.5;0.0
37;5500;ASH_COATED_OSMIUM;9991;11;9988;10;;;10007;13;10008;10;;;9999.5;0.0
37;5500;INTARIAN_PEPPER_ROOT;49997;9;;;;;50013;9;;;;;50005.5;0.0
37;5600;ASH_COATED_OSMIUM;9996;12;9995;11;9994;10;10014;14;10017;10;10020;13;10005.5;0.0
37;5600;INTARIAN_PEPPER_ROOT;49998;11;49995;10;;;50010;23;50012;9;;;50004.5;0.0
37;5700;ASH_COATED_OSMIUM;10004;12;;;;;10012;10;;;;;10008.0;0.0
37;5700;INTARIAN_PEPPER_ROOT;50004;8;;;;;50008;8;;;;;50006.0;0.0
37;5800;ASH_COATED_OSMIUM;9993;14;;;;;10010;12;;;;;10001.5;0.0
37;5800;INTARIAN_PEPPER_ROOT;50003;17;;;;;50019;9;;;;;50011.0;0.0
37;5900;ASH_COATED_OSMIUM;9993;10;;;;;10009;12;;;;;10001.5;0.0
37;5900;INTARIAN_PEPPER_ROOT;50001;11;50000;17;49999;10;50014;8;50016;5;50019;9;50007.5;0.0
37;6000;ASH_COATED_OSMIUM;9990;3;9987;11;;;10006;11;10009;13;;;9998.0;0.0
37;6000;INTARIAN_PEPPER_ROOT;49997;8;49995;12;49992;25;50011;11;50013;9;50016;22;50004.5;0.0
37;6100;ASH_COATED_OSMIUM;9984;13;9983;12;;;10000;13;10002;14;;;9992.5;0.0
37;6100;INTARIAN_PEPPER_ROOT;49997;11;;;;;50010;11;;;;;50004.0;0.0
37;6200;ASH_COATED_OSMIUM;9985;28;9982;11;;;10001;8;10002;13;;;9993.5;0.0
37;6200;INTARIAN_PEPPER_ROOT;49998;20;49995;10;;;50014;11;50015;8;;;50006.0;0.0
37;6300;ASH_COATED_OSMIUM;9985;14;9982;12;;;9991;10;9992;7;;;9988.0;0.0
37;6300;INTARIAN_PEPPER_ROOT;49998;12;49997;10;;;50012;8;50013;9;;;50005.0;0.0
37;6400;ASH_COATED_OSMIUM;9981;12;9978;15;;;9997;14;9998;14;;;9989.5;0.0
37;6400;INTARIAN_PEPPER_ROOT;49999;9;49996;10;49995;10;50010;9;50011;11;50014;21;50004.5;0.0
37;6500;ASH_COATED_OSMIUM;9986;14;9984;12;9981;7;9995;20;9996;12;9998;13;9990.5;0.0
37;6500;INTARIAN_PEPPER_ROOT;50003;9;50002;10;;;50016;12;50019;11;;;50009.5;0.0
37;6600;ASH_COATED_OSMIUM;9980;13;9978;12;;;9996;13;9997;24;;;9988.5;0.0
37;6600;INTARIAN_PEPPER_ROOT;50005;11;50004;9;50003;10;50016;12;50018;10;50021;10;50010.5;0.0
37;6700;ASH_COATED_OSMIUM;9989;14;9987;15;;;10005;12;10008;11;;;9997.5;0.0
37;6700;INTARIAN_PEPPER_ROOT;50005;12;;;;;50017;8;;;;;50011.5;0.0
37;6800;ASH_COATED_OSMIUM;9996;15;9993;10;;;10012;15;10013;14;;;10004.0;0.0
37;6800;INTARIAN_PEPPER_ROOT;50000;11;;;;;50012;8;;;;;50006.0;0.0
37;6900;ASH_COATED_OSMIUM;10000;11;9998;24;;;10016;15;10017;14;;;10008.5;0.0
37;6900;INTARIAN_PEPPER_ROOT;49999;10;;;;;50011;12;;;;;50005.0;0.0
37;7000;ASH_COATED_OSMIUM;9996;10;9993;14;;;10012;30;10013;11;;;10004.0;0.0
37;7000;INTARIAN_PEPPER_ROOT;50002;10;50000;11;49999;10;50014;11;50015;10;50017;8;50008.5;0.0
37;7100;ASH_COATED_OSMIUM;9999;14;9998;11;9995;15;10015;11;10018;12;10021;10;10007.0;0.0
37;7100;INTARIAN_PEPPER_ROOT;49999;11;49997;10;49996;11;50012;15;50013;22;50015;5;50006.0;0.0
37;7200;ASH_COATED_OSMIUM;9999;13;;;;;10017;12;;;;;10008.0;0.0
37;7200;INTARIAN_PEPPER_ROOT;49999;11;49997;12;49994;7;50013;9;50015;12;50018;12;50006.0;0.0
37;7300;ASH_COATED_OSMIUM;10003;13;10000;30;9998;2;10012;14;10014;11;10015;15;10007.5;0.0
37;7300;INTARIAN_PEPPER_ROOT;49997;11;49996;10;;;50018;10;50021;8;;;50007.5;0.0
37;7400;ASH_COATED_OSMIUM;9995;13;9992;10;9991;12;10013;21;10014;13;10015;5;10004.5;0.0
37;7400;INTARIAN_PEPPER_ROOT;49998;9;49996;11;;;50012;11;50014;11;;;50005.0;0.0
37;7500;ASH_COATED_OSMIUM;10000;22;;;;;10016;13;;;;;10008.0;0.0
37;7500;INTARIAN_PEPPER_ROOT;50004;11;50001;11;49999;10;50018;10;50020;10;50023;10;50011.0;0.0
37;7600;ASH_COATED_OSMIUM;9996;21;9994;30;;;10012;14;10014;22;;;10004.0;0.0
37;7600;INTARIAN_PEPPER_ROOT;50001;8;;;;;50014;8;;;;;50008.0;0.0
37;7700;ASH_COATED_OSMIUM;9990;14;;;;;10006;12;;;;;9998.5;0.0
37;7700;INTARIAN_PEPPER_ROOT;49999;12;49997;11;;;50011;12;50013;9;;;50005.5;0.0
37;7800;ASH_COATED_OSMIUM;9992;13;;;;;10010;12;;;;;10001.0;0.0
37;7800;INTARIAN_PEPPER_ROOT;49996;10;;;;;50013;12;;;;;50005.0;0.0
37;7900;ASH_COATED_OSMIUM;9990;10;9988;14;9985;12;10006;11;10007;14;10008;20;9998.0;0.0
37;7900;INTARIAN_PEPPER_ROOT;50005;22;50003;21;50001;22;50016;9;50017;12;50020;10;50011.0;0.0
37;8000;ASH_COATED_OSMIUM;9991;13;;;;;10010;12;;;;;10001.0;0.0
37;8000;INTARIAN_PEPPER_ROOT;50006;12;50005;8;;;50019;9;50020;8;;;50012.5;0.0
37;8100;ASH_COATED_OSMIUM;9988;5;;;;;10007;29;;;;;9998.0;0.0
37;8100;INTARIAN_PEPPER_ROOT;50005;9;50002;9;;;50018;8;50021;19;;;50011.5;0.0
37;8200;ASH_COATED_OSMIUM;9985;11;9982;25;9981;10;10001;12;10003;28;10006;11;9993.5;0.0
37;8200;INTARIAN_PEPPER_ROOT;50000;10;;;;;50013;9;;;;;50006.5;0.0
37;8300;ASH_COATED_OSMIUM;9990;13;;;;;10006;27;;;;;9998.0;0.0
37;8300;INTARIAN_PEPPER_ROOT;50002;9;50001;11;;;50016;8;50017;22;;;50009.0;0.0
37;8400;ASH_COATED_OSMIUM;9992;10;9991;14;;;10008;12;10011;11;;;10000.5;0.0
37;8400;INTARIAN_PEPPER_ROOT;50005;12;;;;;50018;10;;;;;50011.5;0.0
37;8500;ASH_COATED_OSMIUM;9995;15;9993;11;9990;12;10011;12;10012;28;10013;13;10003.5;0.0
37;8500;INTARIAN_PEPPER_ROOT;50003;11;50002;11;;;50014;9;50017;11;;;50008.5;0.0
37;8600;ASH_COATED_OSMIUM;9998;30;9997;14;;;10014;11;10017;10;;;10006.0;0.0
37;8600;INTARIAN_PEPPER_ROOT;50003;8;;;;;50016;10;;;;;50009.5;0.0
37;8700;ASH_COATED_OSMIUM;9996;12;;;;;10014;12;;;;;10005.0;0.0
37;8700;INTARIAN_PEPPER_ROOT;50004;10;;;;;50016;10;;;;;50010.5;0.0
37;8800;ASH_COATED_OSMIUM;10003;14;10000;11;9997;28;10019;14;10021;15;10023;11;10011.0;0.0
37;8800;INTARIAN_PEPPER_ROOT;50002;10;50000;25;49999;12;50014;20;50016;9;50018;8;50008.0;0.0
37;8900;ASH_COATED_OSMIUM;10000;28;9998;10;;;10016;14;10018;15;;;10008.0;0.0
37;8900;INTARIAN_PEPPER_ROOT;50002;25;49999;3;;;50014;8;50017;11;;;50008.5;0.0
37;9000;ASH_COATED_OSMIUM;9991;20;9989;25;9987;15;10007;10;10009;30;10010;22;9999.5;0.0
37;9000;INTARIAN_PEPPER_ROOT;50004;8;;;;;50016;10;;;;;50010.0;0.0
37;9100;ASH_COATED_OSMIUM;9997;14;9996;11;;;10008;4;10011;13;;;10002.5;0.0
37;9100;INTARIAN_PEPPER_ROOT;50005;8;;;;;50016;10;;;;;50010.5;0.0
37;9200;ASH_COATED_OSMIUM;9997;28;9995;11;9993;10;10013;10;10016;14;10018;27;10005.0;0.0
37;9200;INTARIAN_PEPPER_ROOT;50001;9;;;;;50013;9;;;;;50007.0;0.0
37;9300;ASH_COATED_OSMIUM;9997;14;9995;11;9993;10;10013;13;10015;15;10018;12;10005.0;0.0
37;9300;INTARIAN_PEPPER_ROOT;50002;11;;;;;50015;8;;;;;50009.0;0.0
37;9400;ASH_COATED_OSMIUM;10001;24;;;;;10017;10;;;;;10009.0;0.0
37;9400;INTARIAN_PEPPER_ROOT;50004;8;50002;8;;;50017;9;50019;8;;;50010.5;0.0
37;9500;ASH_COATED_OSMIUM;10002;10;9999;15;9996;5;10012;10;10013;12;10016;22;10007.0;0.0
37;9500;INTARIAN_PEPPER_ROOT;50009;22;50007;9;;;50012;10;50015;12;;;50010.5;0.0
37;9600;ASH_COATED_OSMIUM;10001;13;;;;;10017;13;;;;;10009.0;0.0
37;9600;INTARIAN_PEPPER_ROOT;50001;8;;;;;50014;18;;;;;50007.5;0.0
37;9700;ASH_COATED_OSMIUM;10000;12;;;;;10018;4;;;;;10009.0;0.0
37;9700;INTARIAN_PEPPER_ROOT;50002;18;50000;9;;;50018;10;50019;19;;;50010.0;0.0
37;9800;ASH_COATED_OSMIUM;10000;13;9998;15;9995;11;10005;21;10007;20;10008;10;10002.5;0.0
37;9800;INTARIAN_PEPPER_ROOT;50006;11;50003;10;50001;10;50020;9;50023;11;50026;8;50013.0;0.0
37;9900;ASH_COATED_OSMIUM;9992;14;9990;15;9989;14;10008;15;10009;11;10011;2;10000.0;0.0
37;9900;INTARIAN_PEPPER_ROOT;50002;25;50001;9;;;50016;18;50017;8;;;50009.5;0.0
37;10000;ASH_COATED_OSMIUM;9991;15;;;;;10009;14;;;;;10000.5;0.0
37;10000;INTARIAN_PEPPER_ROOT;50003;12;50000;11;;;50016;8;50017;12;;;50009.5;0.0
37;10100;ASH_COATED_OSMIUM;9986;10;9984;15;;;10002;21;10004;12;;;9994.5;0.0
37;10100;INTARIAN_PEPPER_ROOT;50006;11;50005;10;;;50019;10;50022;12;;;50012.5;0.0
37;10200;ASH_COATED_OSMIUM;9985;11;9982;13;;;10003;15;10005;12;;;9994.0;0.0
37;10200;INTARIAN_PEPPER_ROOT;50005;12;50003;17;;;50019;8;50021;12;;;50012.5;0.0
37;10300;ASH_COATED_OSMIUM;9987;15;;;;;10003;12;;;;;9995.0;0.0
37;10300;INTARIAN_PEPPER_ROOT;50004;10;;;;;50020;11;;;;;50012.0;0.0
37;10400;ASH_COATED_OSMIUM;9991;12;9989;11;;;10007;10;10008;10;;;9999.0;0.0
37;10400;INTARIAN_PEPPER_ROOT;50005;10;;;;;50018;20;;;;;50011.5;0.0
37;10500;ASH_COATED_OSMIUM;9991;15;;;;;10007;14;;;;;9999.5;0.0
37;10500;INTARIAN_PEPPER_ROOT;50006;10;50004;23;;;50018;8;50021;8;;;50012.0;0.0
37;10600;ASH_COATED_OSMIUM;9991;25;9988;12;;;10009;15;10011;11;;;10000.5;0.0
37;10600;INTARIAN_PEPPER_ROOT;50007;9;;;;;50019;25;;;;;50013.0;0.0
37;10700;ASH_COATED_OSMIUM;9994;23;9991;10;;;10010;20;10012;14;;;10002.5;0.0
37;10700;INTARIAN_PEPPER_ROOT;50001;21;;;;;50017;18;;;;;50009.0;0.0
37;10800;ASH_COATED_OSMIUM;9996;12;9994;10;9993;11;10012;28;10013;12;10015;15;10004.0;0.0
37;10800;INTARIAN_PEPPER_ROOT;50006;8;50005;9;;;50019;11;50022;10;;;50013.0;0.0
37;10900;ASH_COATED_OSMIUM;9994;29;9991;14;;;10010;10;10011;15;;;10002.5;0.0
37;10900;INTARIAN_PEPPER_ROOT;50003;10;;;;;50016;10;;;;;50010.0;0.0
37;11000;ASH_COATED_OSMIUM;9992;10;;;;;10003;3;;;;;9997.5;0.0
37;11000;INTARIAN_PEPPER_ROOT;50005;9;;;;;50014;12;;;;;50010.0;0.0
37;11100;ASH_COATED_OSMIUM;9989;10;9987;14;;;10005;10;10007;8;;;9997.0;0.0
37;11100;INTARIAN_PEPPER_ROOT;50005;8;50003;10;50001;11;50019;11;50020;8;50023;16;50012.5;0.0
37;11200;ASH_COATED_OSMIUM;9993;10;9990;12;;;9999;29;10002;14;;;9996.0;0.0
37;11200;INTARIAN_PEPPER_ROOT;50004;11;;;;;50020;10;;;;;50012.5;0.0
37;11300;ASH_COATED_OSMIUM;9984;12;9983;12;9981;27;10000;12;10001;11;10003;12;9992.0;0.0
37;11300;INTARIAN_PEPPER_ROOT;50005;12;;;;;50017;10;;;;;50011.0;0.0
37;11400;ASH_COATED_OSMIUM;9979;10;9978;28;9976;13;9995;12;9997;14;10000;25;9987.5;0.0
37;11400;INTARIAN_PEPPER_ROOT;50011;17;;;;;50014;9;;;;;50012.5;0.0
37;11500;ASH_COATED_OSMIUM;9984;10;9981;10;;;10003;14;10006;10;;;9993.5;0.0
37;11500;INTARIAN_PEPPER_ROOT;50003;8;;;;;50016;12;;;;;50010.0;0.0
37;11600;ASH_COATED_OSMIUM;9983;30;9981;23;;;9999;13;10001;13;;;9991.5;0.0
37;11600;INTARIAN_PEPPER_ROOT;50009;11;50007;9;50005;22;50020;10;50021;10;50023;11;50014.5;0.0
37;11700;ASH_COATED_OSMIUM;9987;14;9985;14;9983;13;10006;10;10007;14;10010;23;9996.5;0.0
37;11700;INTARIAN_PEPPER_ROOT;50006;8;50004;17;50003;8;50019;9;50020;25;50023;11;50013.0;0.0
37;11800;ASH_COATED_OSMIUM;9989;11;9987;15;9985;20;10005;13;10008;14;10010;14;9997.5;0.0
37;11800;INTARIAN_PEPPER_ROOT;50007;9;;;;;50019;11;;;;;50013.0;0.0
37;11900;ASH_COATED_OSMIUM;9991;13;9988;10;9987;15;10009;14;10012;12;10014;15;10000.5;0.0
37;11900;INTARIAN_PEPPER_ROOT;50002;11;50000;10;;;50015;9;50018;11;;;50009.0;0.0
37;12000;ASH_COATED_OSMIUM;9988;13;9987;12;;;10007;11;10009;11;;;9998.0;0.0
37;12000;INTARIAN_PEPPER_ROOT;50007;9;50005;16;;;50019;8;50022;10;;;50013.5;0.0
37;12100;ASH_COATED_OSMIUM;9991;12;9989;10;;;10007;14;10009;15;;;9999.5;0.0
37;12100;INTARIAN_PEPPER_ROOT;50005;9;50004;12;;;50019;8;50022;12;;;50012.0;0.0
37;12200;ASH_COATED_OSMIUM;9991;11;;;;;10001;28;;;;;9996.5;0.0
37;12200;INTARIAN_PEPPER_ROOT;50004;8;;;;;50018;10;;;;;50011.0;0.0
37;12300;ASH_COATED_OSMIUM;9985;15;9982;14;;;10001;10;10002;5;;;9993.5;0.0
37;12300;INTARIAN_PEPPER_ROOT;50005;9;50002;24;49999;23;50020;11;50022;10;50024;18;50013.0;0.0
37;12400;ASH_COATED_OSMIUM;9986;11;9983;14;9981;15;10005;14;10008;13;10010;13;9995.5;0.0
37;12400;INTARIAN_PEPPER_ROOT;50008;11;50005;8;;;50021;10;50023;12;;;50015.0;0.0
37;12500;ASH_COATED_OSMIUM;9990;10;9988;25;;;10006;13;10008;15;;;9998.0;0.0
37;12500;INTARIAN_PEPPER_ROOT;50006;8;50003;9;50000;8;50021;10;50022;10;50024;25;50013.5;0.0
37;12600;ASH_COATED_OSMIUM;9993;12;9991;10;;;10009;10;10010;13;;;10001.0;0.0
37;12600;INTARIAN_PEPPER_ROOT;50003;10;50002;10;50001;10;50016;25;50019;9;50022;8;50010.0;0.0
37;12700;ASH_COATED_OSMIUM;9994;10;9991;11;;;10010;14;10013;20;;;10002.5;0.0
37;12700;INTARIAN_PEPPER_ROOT;50007;19;;;;;50018;10;;;;;50012.5;0.0
37;12800;ASH_COATED_OSMIUM;9997;14;9996;13;;;10008;10;10010;15;;;10002.5;0.0
37;12800;INTARIAN_PEPPER_ROOT;50005;8;;;;;50019;16;;;;;50012.5;0.0
37;12900;ASH_COATED_OSMIUM;9990;10;;;;;10009;20;;;;;9999.5;0.0
37;12900;INTARIAN_PEPPER_ROOT;50008;9;50005;17;50004;25;50019;24;50022;9;50024;8;50013.5;0.0
37;13000;ASH_COATED_OSMIUM;9992;23;;;;;10008;10;;;;;10000.0;0.0
37;13000;INTARIAN_PEPPER_ROOT;50011;11;50009;11;50008;12;50024;9;50026;8;50029;8;50017.5;0.0
37;13100;ASH_COATED_OSMIUM;9994;15;9992;11;9991;14;10010;14;10012;13;10014;15;10002.5;0.0
37;13100;INTARIAN_PEPPER_ROOT;50005;8;50004;12;50002;10;50018;22;50019;11;50021;8;50011.5;0.0
37;13200;ASH_COATED_OSMIUM;10001;11;;;;;10017;10;;;;;10009.5;0.0
37;13200;INTARIAN_PEPPER_ROOT;50004;9;50002;8;;;50016;17;50018;9;;;50010.0;0.0
37;13300;ASH_COATED_OSMIUM;9997;13;9995;15;;;10016;12;10019;11;;;10007.0;0.0
37;13300;INTARIAN_PEPPER_ROOT;50004;10;50002;10;49999;12;50015;9;50016;11;50018;16;50009.5;0.0
37;13400;ASH_COATED_OSMIUM;10001;11;9998;30;;;10017;13;10020;15;;;10009.5;0.0
37;13400;INTARIAN_PEPPER_ROOT;50008;19;;;;;50020;9;;;;;50014.0;0.0
37;13500;ASH_COATED_OSMIUM;9997;10;;;;;10015;15;;;;;10006.5;0.0
37;13500;INTARIAN_PEPPER_ROOT;50004;21;;;;;50020;10;;;;;50012.0;0.0
37;13600;ASH_COATED_OSMIUM;9991;15;9988;13;;;10010;28;10013;10;;;10000.5;0.0
37;13600;INTARIAN_PEPPER_ROOT;50009;11;50008;12;;;50022;10;50023;20;;;50015.5;0.0
37;13700;ASH_COATED_OSMIUM;9990;10;9987;10;9985;15;10009;15;10010;22;10012;25;9999.5;0.0
37;13700;INTARIAN_PEPPER_ROOT;50008;4;50007;8;;;50022;11;50025;10;;;50015.0;0.0
37;13800;ASH_COATED_OSMIUM;9993;26;;;;;10009;10;;;;;10001.0;0.0
37;13800;INTARIAN_PEPPER_ROOT;50008;23;50005;10;50003;9;50020;12;50023;9;50024;15;50014.5;0.0
37;13900;ASH_COATED_OSMIUM;9993;14;9990;2;;;10009;22;10012;14;;;10001.0;0.0
37;13900;INTARIAN_PEPPER_ROOT;50011;12;50010;9;;;50023;11;50024;10;;;50017.5;0.0
37;14000;ASH_COATED_OSMIUM;9991;13;;;;;10007;8;;;;;9999.0;0.0
37;14000;INTARIAN_PEPPER_ROOT;50010;23;;;;;50021;8;;;;;50016.0;0.0
37;14100;ASH_COATED_OSMIUM;9994;10;9993;15;;;10010;15;10012;14;;;10002.5;0.0
37;14100;INTARIAN_PEPPER_ROOT;50005;9;50004;20;;;50021;12;50023;12;;;50013.5;0.0
37;14200;ASH_COATED_OSMIUM;9998;11;9995;13;;;10014;10;10016;14;;;10006.0;0.0
37;14200;INTARIAN_PEPPER_ROOT;50007;17;50005;11;;;50021;9;50023;10;;;50014.0;0.0
37;14300;ASH_COATED_OSMIUM;9999;14;9997;13;9994;13;10015;11;10018;5;10021;12;10007.5;0.0
37;14300;INTARIAN_PEPPER_ROOT;50009;10;;;;;50023;11;;;;;50016.0;0.0
37;14400;ASH_COATED_OSMIUM;9995;14;9992;14;;;10013;15;10016;12;;;10004.5;0.0
37;14400;INTARIAN_PEPPER_ROOT;50007;9;50004;15;;;50024;9;50025;9;;;50015.5;0.0
37;14500;ASH_COATED_OSMIUM;9998;14;9997;10;9995;13;10014;11;10017;13;10018;12;10006.0;0.0
37;14500;INTARIAN_PEPPER_ROOT;50008;9;50007;12;;;50021;11;50022;11;;;50014.5;0.0
37;14600;ASH_COATED_OSMIUM;9993;15;9992;14;;;10009;15;10010;14;;;10001.5;0.0
37;14600;INTARIAN_PEPPER_ROOT;50008;12;50005;18;;;50020;12;50021;10;;;50014.5;0.0
37;14700;ASH_COATED_OSMIUM;9996;12;9993;14;;;10015;12;10017;11;;;10005.5;0.0
37;14700;INTARIAN_PEPPER_ROOT;50013;9;50011;17;50008;9;50026;10;50027;8;50029;20;50020.0;0.0
37;14800;ASH_COATED_OSMIUM;9998;13;;;;;10014;15;;;;;10006.0;0.0
37;14800;INTARIAN_PEPPER_ROOT;50010;19;50008;11;50005;8;50024;9;50025;10;50026;21;50017.0;0.0
37;14900;ASH_COATED_OSMIUM;9991;28;;;;;10010;15;;;;;10000.5;0.0
37;14900;INTARIAN_PEPPER_ROOT;50008;10;;;;;50027;11;;;;;50018.0;0.0
37;15000;ASH_COATED_OSMIUM;9996;15;9993;10;;;10012;15;10014;23;;;10004.0;0.0
37;15000;INTARIAN_PEPPER_ROOT;50003;10;;;;;50023;9;;;;;50013.0;0.0
37;15100;ASH_COATED_OSMIUM;9994;10;;;;;10010;11;;;;;10002.0;0.0
37;15100;INTARIAN_PEPPER_ROOT;50007;9;50004;9;;;50018;9;50020;9;;;50013.0;0.0
37;15200;ASH_COATED_OSMIUM;9991;28;9990;10;9989;12;10007;12;10008;13;10010;13;9999.5;0.0
37;15200;INTARIAN_PEPPER_ROOT;50009;10;;;;;50021;8;;;;;50015.5;0.0
37;15300;ASH_COATED_OSMIUM;9992;10;9991;11;9990;13;10008;14;10010;21;10012;15;10000.0;0.0
37;15300;INTARIAN_PEPPER_ROOT;50007;21;50005;10;50002;10;50020;11;50023;10;50024;12;50014.0;0.0
37;15400;ASH_COATED_OSMIUM;9995;10;9994;11;;;10004;28;10006;12;;;9999.5;0.0
37;15400;INTARIAN_PEPPER_ROOT;50007;10;50005;10;;;50020;10;50021;10;;;50014.0;0.0
37;15500;ASH_COATED_OSMIUM;9997;10;;;;;10003;15;;;;;10000.0;0.0
37;15500;INTARIAN_PEPPER_ROOT;50009;20;50007;11;50004;17;50022;12;50024;8;50027;20;50016.0;0.0
37;15600;ASH_COATED_OSMIUM;9980;11;9979;15;9976;13;9998;13;10001;15;10002;13;9989.0;0.0
37;15600;INTARIAN_PEPPER_ROOT;50009;8;;;;;50023;11;;;;;50016.0;0.0
37;15700;ASH_COATED_OSMIUM;9986;30;;;;;10002;12;;;;;9994.5;0.0
37;15700;INTARIAN_PEPPER_ROOT;50012;9;50011;9;50008;8;50024;10;50026;10;50028;11;50018.0;0.0
37;15800;ASH_COATED_OSMIUM;9991;11;9989;14;9988;15;9997;14;9998;14;10001;15;9994.0;0.0
37;15800;INTARIAN_PEPPER_ROOT;50011;15;50008;17;50005;8;50022;9;50025;12;50026;25;50016.5;0.0
37;15900;ASH_COATED_OSMIUM;9990;14;;;;;9997;26;;;;;9994.0;0.0
37;15900;INTARIAN_PEPPER_ROOT;50013;21;50010;17;;;50027;8;50028;11;;;50020.0;0.0
37;16000;ASH_COATED_OSMIUM;9988;15;;;;;10004;14;;;;;9996.0;0.0
37;16000;INTARIAN_PEPPER_ROOT;50006;9;50005;11;;;50022;10;50024;11;;;50014.0;0.0
37;16100;ASH_COATED_OSMIUM;9986;11;9983;15;;;10002;10;10004;12;;;9994.5;0.0
37;16100;INTARIAN_PEPPER_ROOT;50007;11;50004;11;;;50024;25;50027;10;;;50016.0;0.0
37;16200;ASH_COATED_OSMIUM;9992;28;9990;30;9989;10;10008;15;10010;14;10013;14;10000.5;0.0
37;16200;INTARIAN_PEPPER_ROOT;50012;11;50011;20;50010;11;50023;9;50025;19;50028;6;50018.0;0.0
37;16300;ASH_COATED_OSMIUM;9995;11;9992;12;9990;26;10011;22;10014;3;10016;13;10003.0;0.0
37;16300;INTARIAN_PEPPER_ROOT;50010;11;50007;11;50006;8;50023;8;50026;9;50027;11;50016.5;0.0
37;16400;ASH_COATED_OSMIUM;9998;11;;;;;10014;14;;;;;10006.5;0.0
37;16400;INTARIAN_PEPPER_ROOT;50008;12;;;;;50019;9;;;;;50014.0;0.0
37;16500;ASH_COATED_OSMIUM;10000;10;9997;14;;;10016;15;10018;11;;;10008.5;0.0
37;16500;INTARIAN_PEPPER_ROOT;50012;18;50011;10;;;50016;12;50018;8;;;50014.0;0.0
37;16600;ASH_COATED_OSMIUM;9999;10;9997;12;;;10017;29;10019;13;;;10008.0;0.0
37;16600;INTARIAN_PEPPER_ROOT;50010;8;;;;;50022;12;;;;;50016.0;0.0
37;16700;ASH_COATED_OSMIUM;9997;15;9994;12;;;10016;5;10018;15;;;10007.0;0.0
37;16700;INTARIAN_PEPPER_ROOT;50011;8;50009;9;50006;12;50022;9;50025;19;50028;10;50016.5;0.0
37;16800;ASH_COATED_OSMIUM;9996;10;9994;24;;;10012;13;10013;10;;;10004.0;0.0
37;16800;INTARIAN_PEPPER_ROOT;50010;18;;;;;50024;12;;;;;50017.0;0.0
37;16900;ASH_COATED_OSMIUM;10002;11;10001;21;9999;14;10018;11;10019;15;10021;14;10010.5;0.0
37;16900;INTARIAN_PEPPER_ROOT;50011;8;;;;;50028;9;;;;;50020.0;0.0
37;17000;ASH_COATED_OSMIUM;9998;14;;;;;10019;11;;;;;10008.5;0.0
37;17000;INTARIAN_PEPPER_ROOT;50008;10;50005;12;50003;11;50020;9;50023;22;50025;8;50014.5;0.0
37;17100;ASH_COATED_OSMIUM;9999;9;9997;15;9995;15;10015;12;10016;11;10017;13;10007.0;0.0
37;17100;INTARIAN_PEPPER_ROOT;50009;12;50006;9;;;50023;11;50024;11;;;50016.5;0.0
37;17200;ASH_COATED_OSMIUM;9999;13;9998;29;9996;28;10018;14;10020;3;10021;29;10009.0;0.0
37;17200;INTARIAN_PEPPER_ROOT;50012;23;50010;11;50007;11;50024;11;50027;17;50030;10;50018.5;0.0
37;17300;ASH_COATED_OSMIUM;10000;15;;;;;10016;20;;;;;10008.5;0.0
37;17300;INTARIAN_PEPPER_ROOT;50009;23;50008;10;;;50024;22;50026;11;;;50017.0;0.0
37;17400;ASH_COATED_OSMIUM;9999;12;9997;13;9996;15;10015;15;10016;12;10017;15;10007.0;0.0
37;17400;INTARIAN_PEPPER_ROOT;50012;8;50011;21;50010;18;50025;10;50027;11;50029;11;50019.0;0.0
37;17500;ASH_COATED_OSMIUM;10000;13;9999;13;9998;11;10016;15;10018;13;10021;10;10008.5;0.0
37;17500;INTARIAN_PEPPER_ROOT;50013;9;;;;;50027;8;;;;;50020.5;0.0
37;17600;ASH_COATED_OSMIUM;10001;14;10000;10;;;10019;10;10022;15;;;10010.0;0.0
37;17600;INTARIAN_PEPPER_ROOT;50012;11;50009;8;;;50024;12;50027;11;;;50018.0;0.0
37;17700;ASH_COATED_OSMIUM;9996;11;;;;;10014;28;;;;;10005.0;0.0
37;17700;INTARIAN_PEPPER_ROOT;50013;9;50011;11;;;50024;9;50027;10;;;50019.0;0.0
37;17800;ASH_COATED_OSMIUM;10001;12;10000;10;9997;12;10017;15;10019;14;10022;14;10009.5;0.0
37;17800;INTARIAN_PEPPER_ROOT;50009;9;50008;11;50005;8;50023;10;50024;9;50025;11;50016.5;0.0
37;17900;ASH_COATED_OSMIUM;9996;13;;;;;10014;26;;;;;10005.0;0.0
37;17900;INTARIAN_PEPPER_ROOT;50007;8;50005;18;;;50024;10;50025;9;;;50016.0;0.0
37;18000;ASH_COATED_OSMIUM;9995;11;9992;20;9989;21;10016;20;10017;28;10020;15;10005.5;0.0
37;18000;INTARIAN_PEPPER_ROOT;50006;9;50004;11;;;50026;12;50028;12;;;50016.0;0.0
37;18100;ASH_COATED_OSMIUM;9990;14;9987;10;;;10006;11;10009;15;;;9998.5;0.0
37;18100;INTARIAN_PEPPER_ROOT;50009;9;;;;;50025;12;;;;;50017.0;0.0
37;18200;ASH_COATED_OSMIUM;9988;14;9987;12;9986;10;10004;15;10007;24;10008;11;9996.5;0.0
37;18200;INTARIAN_PEPPER_ROOT;50012;8;50009;11;50008;12;50024;10;50025;11;50027;10;50018.5;0.0
37;18300;ASH_COATED_OSMIUM;9996;22;;;;;10012;12;;;;;10004.5;0.0
37;18300;INTARIAN_PEPPER_ROOT;50009;11;50007;8;50006;12;50022;9;50024;8;50026;9;50015.5;0.0
37;18400;ASH_COATED_OSMIUM;9993;14;9992;13;;;10009;15;10010;14;;;10001.0;0.0
37;18400;INTARIAN_PEPPER_ROOT;50017;8;50016;8;;;50022;10;50025;20;;;50020.0;0.0
37;18500;ASH_COATED_OSMIUM;9989;12;9986;14;9985;10;10005;25;10006;12;10009;5;9997.5;0.0
37;18500;INTARIAN_PEPPER_ROOT;50016;9;;;;;50029;9;;;;;50023.0;0.0
37;18600;ASH_COATED_OSMIUM;9994;15;9991;30;;;10012;15;10014;14;;;10003.0;0.0
37;18600;INTARIAN_PEPPER_ROOT;50013;10;50012;12;50010;22;50025;9;50027;10;50030;12;50019.0;0.0
37;18700;ASH_COATED_OSMIUM;9996;13;9994;15;9991;10;10012;14;10015;11;10018;15;10004.5;0.0
37;18700;INTARIAN_PEPPER_ROOT;50013;11;;;;;50025;8;;;;;50019.5;0.0
37;18800;ASH_COATED_OSMIUM;9990;13;9987;14;;;10006;15;10007;10;;;9998.5;0.0
37;18800;INTARIAN_PEPPER_ROOT;50014;8;50011;12;50008;11;50025;9;50026;17;50027;12;50019.5;0.0
37;18900;ASH_COATED_OSMIUM;9991;12;;;;;10007;12;;;;;9999.5;0.0
37;18900;INTARIAN_PEPPER_ROOT;50009;18;;;;;50023;22;;;;;50016.0;0.0
37;19000;ASH_COATED_OSMIUM;9991;26;9990;11;9989;12;10007;10;10008;24;10011;15;9999.0;0.0
37;19000;INTARIAN_PEPPER_ROOT;50015;16;50012;6;50010;9;50029;11;50032;10;50033;10;50022.0;0.0
37;19100;ASH_COATED_OSMIUM;9993;5;9991;11;;;10009;13;10011;25;;;10001.5;0.0
37;19100;INTARIAN_PEPPER_ROOT;50011;10;50009;8;;;50024;10;50025;9;;;50018.0;0.0
37;19200;ASH_COATED_OSMIUM;9989;15;9988;22;;;10005;13;10007;23;;;9997.5;0.0
37;19200;INTARIAN_PEPPER_ROOT;50017;12;;;;;50029;24;;;;;50023.0;0.0
37;19300;ASH_COATED_OSMIUM;9991;21;;;;;10010;13;;;;;10001.0;0.0
37;19300;INTARIAN_PEPPER_ROOT;50013;11;50010;8;;;50026;8;50029;10;;;50020.0;0.0
37;19400;ASH_COATED_OSMIUM;9983;5;9982;10;;;9999;13;10000;13;;;9991.5;0.0
37;19400;INTARIAN_PEPPER_ROOT;50012;8;50011;11;;;50027;11;50028;11;;;50019.5;0.0
37;19500;ASH_COATED_OSMIUM;9980;4;;;;;9996;15;;;;;9988.5;0.0
37;19500;INTARIAN_PEPPER_ROOT;50014;10;;;;;50026;11;;;;;50020.0;0.0
37;19600;ASH_COATED_OSMIUM;9979;26;9976;13;;;9995;24;9998;14;;;9987.0;0.0
37;19600;INTARIAN_PEPPER_ROOT;50011;11;;;;;50026;9;;;;;50018.5;0.0
37;19700;ASH_COATED_OSMIUM;9983;7;9982;14;9981;24;9999;10;10002;10;10005;11;9991.5;0.0
37;19700;INTARIAN_PEPPER_ROOT;50015;9;50014;9;;;50027;8;50028;9;;;50021.5;0.0
37;19800;ASH_COATED_OSMIUM;9982;13;9981;13;;;10000;15;10002;10;;;9991.5;0.0
37;19800;INTARIAN_PEPPER_ROOT;50012;8;50010;10;;;50027;10;50029;11;;;50019.5;0.0
37;19900;ASH_COATED_OSMIUM;9985;14;9984;10;9981;14;10001;15;10004;23;10007;12;9993.0;0.0
37;19900;INTARIAN_PEPPER_ROOT;50014;10;;;;;50026;8;;;;;50020.5;0.0
37;20000;ASH_COATED_OSMIUM;9990;11;9989;3;9986;30;10008;10;10010;13;10011;11;9999.5;0.0
37;20000;INTARIAN_PEPPER_ROOT;50016;8;;;;;50029;11;;;;;50023.0;0.0
37;20100;ASH_COATED_OSMIUM;9996;14;9995;13;9992;14;10012;30;10015;13;10016;12;10004.5;0.0
37;20100;INTARIAN_PEPPER_ROOT;50013;10;;;;;50024;10;;;;;50018.5;0.0
37;20200;ASH_COATED_OSMIUM;9994;14;9992;12;;;10010;11;10011;15;;;10002.0;0.0
37;20200;INTARIAN_PEPPER_ROOT;50015;10;50012;11;;;50029;11;50031;12;;;50022.5;0.0
37;20300;ASH_COATED_OSMIUM;9997;15;9995;2;;;10015;13;10018;10;;;10006.5;0.0
37;20300;INTARIAN_PEPPER_ROOT;50010;11;50008;24;;;50023;10;50025;9;;;50017.0;0.0
37;20400;ASH_COATED_OSMIUM;9999;10;9998;11;;;10018;13;10021;10;;;10008.5;0.0
37;20400;INTARIAN_PEPPER_ROOT;50016;10;50015;23;;;50028;8;50029;23;;;50022.5;0.0
37;20500;ASH_COATED_OSMIUM;9995;23;;;;;10011;15;;;;;10003.0;0.0
37;20500;INTARIAN_PEPPER_ROOT;50015;12;50014;12;50013;8;50029;9;50032;11;50035;23;50022.0;0.0
37;20600;ASH_COATED_OSMIUM;9994;28;9992;14;;;10012;12;10013;12;;;10003.5;0.0
37;20600;INTARIAN_PEPPER_ROOT;50018;11;;;;;50031;11;;;;;50025.0;0.0
37;20700;ASH_COATED_OSMIUM;9994;12;9991;14;;;10012;10;10014;11;;;10003.5;0.0
37;20700;INTARIAN_PEPPER_ROOT;50018;12;50017;8;50016;11;50030;9;50031;10;50032;18;50024.5;0.0
37;20800;ASH_COATED_OSMIUM;9991;11;9988;27;;;10007;14;10009;10;;;9999.5;0.0
37;20800;INTARIAN_PEPPER_ROOT;50014;9;50011;8;50010;12;50030;10;50031;9;50033;8;50022.5;0.0
37;20900;ASH_COATED_OSMIUM;9985;10;;;;;10001;14;;;;;9993.0;0.0
37;20900;INTARIAN_PEPPER_ROOT;50015;12;50014;8;50011;20;50027;4;50028;11;50029;9;50021.0;0.0
37;21000;ASH_COATED_OSMIUM;9987;13;9986;15;;;10005;12;10007;13;;;9996.5;0.0
37;21000;INTARIAN_PEPPER_ROOT;50015;8;;;;;50027;21;;;;;50021.0;0.0
37;21100;ASH_COATED_OSMIUM;9989;15;;;;;10010;13;;;;;10000.0;0.0
37;21100;INTARIAN_PEPPER_ROOT;50015;11;;;;;50029;9;;;;;50022.0;0.0
37;21200;ASH_COATED_OSMIUM;9993;15;9990;12;9987;13;10009;11;10010;11;10011;5;10001.0;0.0
37;21200;INTARIAN_PEPPER_ROOT;50014;11;50013;10;;;50028;8;50031;8;;;50021.0;0.0
37;21300;ASH_COATED_OSMIUM;9992;11;9989;12;;;10008;15;10010;3;;;10000.5;0.0
37;21300;INTARIAN_PEPPER_ROOT;50017;12;50014;12;50012;24;50029;17;50032;11;50033;12;50023.0;0.0
37;21400;ASH_COATED_OSMIUM;9980;29;9977;14;;;10001;14;10003;15;;;9991.0;0.0
37;21400;INTARIAN_PEPPER_ROOT;50014;11;;;;;50025;10;;;;;50019.5;0.0
37;21500;ASH_COATED_OSMIUM;9984;29;9983;10;9981;28;10000;12;10002;10;10005;10;9992.0;0.0
37;21500;INTARIAN_PEPPER_ROOT;50015;8;;;;;50028;9;;;;;50021.5;0.0
37;21600;ASH_COATED_OSMIUM;9985;11;9984;13;9981;13;10001;15;10003;14;10006;30;9993.5;0.0
37;21600;INTARIAN_PEPPER_ROOT;50011;11;;;;;50024;10;;;;;50018.0;0.0
37;21700;ASH_COATED_OSMIUM;9987;11;;;;;10003;12;;;;;9995.5;0.0
37;21700;INTARIAN_PEPPER_ROOT;50019;9;50016;9;;;50031;11;50034;24;;;50025.5;0.0
37;21800;ASH_COATED_OSMIUM;9988;15;;;;;10004;11;;;;;9996.5;0.0
37;21800;INTARIAN_PEPPER_ROOT;50016;10;50013;11;;;50029;12;50031;11;;;50022.5;0.0
37;21900;ASH_COATED_OSMIUM;9985;15;9984;13;9981;12;10001;26;10002;11;10003;11;9993.5;0.0
37;21900;INTARIAN_PEPPER_ROOT;50016;9;50013;11;;;50027;11;50030;8;;;50021.5;0.0
37;22000;ASH_COATED_OSMIUM;9984;10;;;;;10003;25;;;;;9994.0;0.0
37;22000;INTARIAN_PEPPER_ROOT;50015;22;;;;;50031;12;;;;;50023.5;0.0
37;22100;ASH_COATED_OSMIUM;9995;30;9992;10;;;10011;12;10012;15;;;10003.0;0.0
37;22100;INTARIAN_PEPPER_ROOT;50013;8;50010;25;;;50027;12;50028;11;;;50020.0;0.0
37;22200;ASH_COATED_OSMIUM;9991;27;9990;13;;;10009;11;10012;11;;;10000.0;0.0
37;22200;INTARIAN_PEPPER_ROOT;50017;10;;;;;50029;10;;;;;50023.0;0.0
37;22300;ASH_COATED_OSMIUM;9990;4;9988;13;9987;11;10006;10;10008;24;10010;10;9998.0;0.0
37;22300;INTARIAN_PEPPER_ROOT;50016;9;50015;8;;;50028;21;50030;8;;;50022.5;0.0
37;22400;ASH_COATED_OSMIUM;9988;14;;;;;10004;10;;;;;9996.0;0.0
37;22400;INTARIAN_PEPPER_ROOT;50019;21;;;;;50031;8;;;;;50025.0;0.0
37;22500;ASH_COATED_OSMIUM;9988;14;;;;;10004;15;;;;;9996.5;0.0
37;22500;INTARIAN_PEPPER_ROOT;50015;8;50013;12;;;50029;8;50032;11;;;50022.0;0.0
37;22600;ASH_COATED_OSMIUM;9982;10;9980;15;9979;12;10001;13;10004;15;10006;24;9991.5;0.0
37;22600;INTARIAN_PEPPER_ROOT;50016;12;50015;11;;;50029;10;50031;10;;;50023.0;0.0
37;22700;ASH_COATED_OSMIUM;9981;26;9978;11;9976;14;10000;10;10003;10;10004;23;9990.5;0.0
37;22700;INTARIAN_PEPPER_ROOT;50018;9;;;;;50030;11;;;;;50024.5;0.0
37;22800;ASH_COATED_OSMIUM;9986;4;9983;10;;;10002;12;10004;4;;;9994.5;0.0
37;22800;INTARIAN_PEPPER_ROOT;50020;12;;;;;50031;9;;;;;50026.0;0.0
37;22900;ASH_COATED_OSMIUM;9984;24;;;;;10000;15;;;;;9992.5;0.0
37;22900;INTARIAN_PEPPER_ROOT;50016;9;;;;;50029;9;;;;;50023.0;0.0
37;23000;ASH_COATED_OSMIUM;9991;13;;;;;10007;24;;;;;9999.0;0.0
37;23000;INTARIAN_PEPPER_ROOT;50016;11;;;;;50029;25;;;;;50022.5;0.0
37;23100;ASH_COATED_OSMIUM;9993;12;9990;14;;;10009;11;10010;13;;;10001.0;0.0
37;23100;INTARIAN_PEPPER_ROOT;50015;9;;;;;50033;10;;;;;50024.5;0.0
37;23200;ASH_COATED_OSMIUM;10004;12;10003;28;;;10014;15;10017;11;;;10009.0;0.0
37;23200;INTARIAN_PEPPER_ROOT;50016;8;;;;;50029;10;;;;;50023.0;0.0
37;23300;ASH_COATED_OSMIUM;10004;12;10002;15;;;10020;9;10021;12;;;10012.0;0.0
37;23300;INTARIAN_PEPPER_ROOT;50017;11;;;;;50028;12;;;;;50022.5;0.0
37;23400;ASH_COATED_OSMIUM;10001;13;;;;;10022;24;;;;;10012.0;0.0
37;23400;INTARIAN_PEPPER_ROOT;50014;11;;;;;50031;9;;;;;50022.5;0.0
37;23500;ASH_COATED_OSMIUM;9996;13;9993;14;9991;12;10012;10;10015;14;10016;13;10004.5;0.0
37;23500;INTARIAN_PEPPER_ROOT;50015;15;50012;18;50009;12;50028;21;50031;9;50032;20;50021.5;0.0
37;23600;ASH_COATED_OSMIUM;9994;10;;;;;10012;10;;;;;10003.0;0.0
37;23600;INTARIAN_PEPPER_ROOT;50021;23;50019;19;50017;8;50034;11;50036;10;50037;8;50028.0;0.0
37;23700;ASH_COATED_OSMIUM;9993;24;;;;;10009;14;;;;;10001.5;0.0
37;23700;INTARIAN_PEPPER_ROOT;50017;12;;;;;50030;3;;;;;50024.0;0.0
37;23800;ASH_COATED_OSMIUM;9993;12;9990;11;;;10011;12;10014;15;;;10002.5;0.0
37;23800;INTARIAN_PEPPER_ROOT;50014;9;50012;11;50011;12;50029;8;50032;10;50035;10;50022.0;0.0
37;23900;ASH_COATED_OSMIUM;9988;14;9987;13;;;10004;11;10005;29;;;9996.0;0.0
37;23900;INTARIAN_PEPPER_ROOT;50015;10;50013;8;;;50027;10;50028;9;;;50021.5;0.0
37;24000;ASH_COATED_OSMIUM;9982;12;9981;14;;;10003;11;10005;13;;;9993.0;0.0
37;24000;INTARIAN_PEPPER_ROOT;50019;10;50018;16;50015;9;50031;10;50033;9;50036;11;50025.5;0.0
37;24100;ASH_COATED_OSMIUM;9987;11;9986;15;;;10006;11;10009;14;;;9997.0;0.0
37;24100;INTARIAN_PEPPER_ROOT;50019;12;50018;12;50016;17;50032;21;50035;11;50036;9;50026.0;0.0
37;24200;ASH_COATED_OSMIUM;9991;14;;;;;10001;14;;;;;9996.5;0.0
37;24200;INTARIAN_PEPPER_ROOT;50018;10;;;;;50031;10;;;;;50025.0;0.0
37;24300;ASH_COATED_OSMIUM;9992;28;9991;13;;;10008;11;10011;14;;;10000.5;0.0
37;24300;INTARIAN_PEPPER_ROOT;50020;10;50017;12;50015;10;50032;8;50033;9;50035;11;50026.0;0.0
37;24400;ASH_COATED_OSMIUM;9992;14;;;;;10008;13;;;;;10000.5;0.0
37;24400;INTARIAN_PEPPER_ROOT;50018;9;;;;;50031;21;;;;;50025.0;0.0
37;24500;ASH_COATED_OSMIUM;9993;28;;;;;10009;12;;;;;10001.5;0.0
37;24500;INTARIAN_PEPPER_ROOT;50017;9;50015;11;;;50031;8;50032;12;;;50024.5;0.0
37;24600;ASH_COATED_OSMIUM;9994;10;9992;14;9991;14;10015;10;10018;13;10021;24;10005.0;0.0
37;24600;INTARIAN_PEPPER_ROOT;50017;11;50014;10;;;50029;9;50032;12;;;50023.0;0.0
37;24700;ASH_COATED_OSMIUM;9996;28;9994;12;;;10012;15;10013;13;;;10004.5;0.0
37;24700;INTARIAN_PEPPER_ROOT;50018;8;50015;9;;;50029;12;50030;8;;;50024.0;0.0
37;24800;ASH_COATED_OSMIUM;9999;14;9996;13;9993;15;10018;14;10020;15;10023;11;10009.0;0.0
37;24800;INTARIAN_PEPPER_ROOT;50017;9;;;;;50032;8;;;;;50025.0;0.0
37;24900;ASH_COATED_OSMIUM;10005;14;10003;7;;;10021;11;10023;10;;;10013.5;0.0
37;24900;INTARIAN_PEPPER_ROOT;50021;11;;;;;50032;7;;;;;50027.0;0.0
37;25000;ASH_COATED_OSMIUM;9999;10;9996;10;9993;10;10015;12;10018;8;10021;26;10007.5;0.0
37;25000;INTARIAN_PEPPER_ROOT;50020;12;50018;8;50017;8;50031;12;50034;8;50037;12;50026.0;0.0
37;25100;ASH_COATED_OSMIUM;9993;11;9990;15;;;10014;11;10016;30;;;10004.0;0.0
37;25100;INTARIAN_PEPPER_ROOT;50022;11;;;;;50033;9;;;;;50027.5;0.0
37;25200;ASH_COATED_OSMIUM;9995;25;9994;10;;;10013;15;10015;10;;;10004.0;0.0
37;25200;INTARIAN_PEPPER_ROOT;50020;11;;;;;50035;11;;;;;50027.5;0.0
37;25300;ASH_COATED_OSMIUM;9994;11;;;;;10010;5;;;;;10002.0;0.0
37;25300;INTARIAN_PEPPER_ROOT;50020;9;;;;;50033;10;;;;;50026.5;0.0
37;25400;ASH_COATED_OSMIUM;9992;13;9991;14;;;10008;25;10010;23;;;10000.0;0.0
37;25400;INTARIAN_PEPPER_ROOT;50021;18;50019;17;;;50034;11;50037;8;;;50028.0;0.0
37;25500;ASH_COATED_OSMIUM;9988;2;9985;12;9984;11;10004;15;10006;15;10009;23;9996.0;0.0
37;25500;INTARIAN_PEPPER_ROOT;50023;12;;;;;50038;12;;;;;50031.0;0.0
37;25600;ASH_COATED_OSMIUM;9987;15;9985;14;;;10003;12;10006;15;;;9995.5;0.0
37;25600;INTARIAN_PEPPER_ROOT;50021;10;;;;;50035;10;;;;;50028.5;0.0
37;25700;ASH_COATED_OSMIUM;9993;12;9991;13;;;10009;11;10010;11;;;10001.5;0.0
37;25700;INTARIAN_PEPPER_ROOT;50023;8;;;;;50034;25;;;;;50029.0;0.0
37;25800;ASH_COATED_OSMIUM;9990;15;;;;;10006;15;;;;;9998.5;0.0
37;25800;INTARIAN_PEPPER_ROOT;50021;16;50019;16;;;50032;19;50034;9;;;50026.5;0.0
37;25900;ASH_COATED_OSMIUM;9989;14;9987;12;9984;10;10005;21;10006;12;10009;12;9997.5;0.0
37;25900;INTARIAN_PEPPER_ROOT;50018;11;50016;25;;;50032;10;50035;21;;;50025.0;0.0
37;26000;ASH_COATED_OSMIUM;9987;14;9986;10;;;10006;14;10008;13;;;9996.5;0.0
37;26000;INTARIAN_PEPPER_ROOT;50021;9;50019;10;;;50033;10;50036;19;;;50027.5;0.0
37;26100;ASH_COATED_OSMIUM;9986;15;9984;14;9983;15;10002;24;10003;25;10005;12;9994.0;0.0
37;26100;INTARIAN_PEPPER_ROOT;50018;8;50015;12;;;50033;10;50036;11;;;50026.0;0.0
37;26200;ASH_COATED_OSMIUM;9986;10;9984;13;;;10004;10;10005;14;;;9995.5;0.0
37;26200;INTARIAN_PEPPER_ROOT;50020;9;;;;;50037;8;;;;;50029.0;0.0
37;26300;ASH_COATED_OSMIUM;9989;10;;;;;10007;14;;;;;9998.0;0.0
37;26300;INTARIAN_PEPPER_ROOT;50019;12;50018;9;50015;20;50031;12;50033;10;50036;9;50025.0;0.0
37;26400;ASH_COATED_OSMIUM;9990;15;9988;15;;;10006;11;10007;15;;;9998.0;0.0
37;26400;INTARIAN_PEPPER_ROOT;50024;12;50022;8;50020;8;50037;8;50040;9;50041;20;50030.5;0.0
37;26500;ASH_COATED_OSMIUM;9985;12;9983;12;;;10001;10;10003;15;;;9993.5;0.0
37;26500;INTARIAN_PEPPER_ROOT;50019;8;50017;17;;;50032;9;50035;10;;;50025.5;0.0
37;26600;ASH_COATED_OSMIUM;9987;28;9985;12;;;10003;10;10004;11;;;9995.0;0.0
37;26600;INTARIAN_PEPPER_ROOT;50020;24;50019;10;;;50031;9;50033;9;;;50026.0;0.0
37;26700;ASH_COATED_OSMIUM;9987;11;9985;13;;;10003;29;10004;20;;;9995.5;0.0
37;26700;INTARIAN_PEPPER_ROOT;50024;9;50021;12;;;50027;11;50029;8;;;50026.0;0.0
37;26800;ASH_COATED_OSMIUM;9991;11;9988;20;9987;10;10007;15;10010;11;10011;15;9999.5;0.0
37;26800;INTARIAN_PEPPER_ROOT;50018;9;;;;;50032;9;;;;;50025.5;0.0
37;26900;ASH_COATED_OSMIUM;9989;10;9987;24;9984;14;10005;12;10006;13;10009;12;9997.5;0.0
37;26900;INTARIAN_PEPPER_ROOT;50019;11;50017;9;50015;12;50030;19;50033;8;50035;12;50024.5;0.0
37;27000;ASH_COATED_OSMIUM;9995;11;9992;11;;;10000;12;10002;12;;;9998.0;0.0
37;27000;INTARIAN_PEPPER_ROOT;50021;15;;;;;50033;12;;;;;50027.5;0.0
37;27100;ASH_COATED_OSMIUM;9987;15;9986;11;;;10008;12;10009;12;;;9998.0;0.0
37;27100;INTARIAN_PEPPER_ROOT;50019;10;50018;10;50015;11;50033;8;50035;10;50037;12;50026.0;0.0
37;27200;ASH_COATED_OSMIUM;9986;14;9983;2;;;10004;29;10007;15;;;9995.5;0.0
37;27200;INTARIAN_PEPPER_ROOT;50020;23;;;;;50034;11;;;;;50027.5;0.0
37;27300;ASH_COATED_OSMIUM;9983;24;;;;;10001;13;;;;;9992.0;0.0
37;27300;INTARIAN_PEPPER_ROOT;50021;16;50018;11;;;50036;3;50037;12;;;50028.5;0.0
37;27400;ASH_COATED_OSMIUM;9985;20;9984;12;;;10001;14;10004;14;;;9993.5;0.0
37;27400;INTARIAN_PEPPER_ROOT;50024;11;50022;17;50021;11;50036;10;50037;10;50040;11;50030.0;0.0
37;27500;ASH_COATED_OSMIUM;9996;11;;;;;10012;8;;;;;10004.0;0.0
37;27500;INTARIAN_PEPPER_ROOT;50024;9;50023;24;50021;9;50038;8;50040;9;50043;8;50031.0;0.0
37;27600;ASH_COATED_OSMIUM;9992;14;9991;13;9990;12;10008;10;10010;13;10013;11;10000.0;0.0
37;27600;INTARIAN_PEPPER_ROOT;50022;10;50021;12;;;50035;16;50038;10;;;50029.0;0.0
37;27700;ASH_COATED_OSMIUM;9990;15;9987;11;;;10006;15;10008;10;;;9998.5;0.0
37;27700;INTARIAN_PEPPER_ROOT;50022;9;50021;11;;;50035;10;50036;8;;;50029.0;0.0
37;27800;ASH_COATED_OSMIUM;9994;14;;;;;10012;11;;;;;10003.0;0.0
37;27800;INTARIAN_PEPPER_ROOT;50022;10;50020;12;;;50036;12;50039;8;;;50029.5;0.0
37;27900;ASH_COATED_OSMIUM;9996;14;9993;12;;;10012;12;10013;13;;;10004.5;0.0
37;27900;INTARIAN_PEPPER_ROOT;50021;12;50020;8;;;50033;11;50036;10;;;50027.0;0.0
37;28000;ASH_COATED_OSMIUM;9999;24;9997;12;;;10017;11;10018;13;;;10008.0;0.0
37;28000;INTARIAN_PEPPER_ROOT;50020;9;50019;10;50017;8;50035;12;50038;11;50041;10;50028.0;0.0
37;28100;ASH_COATED_OSMIUM;10004;14;;;;;10020;11;;;;;10012.0;0.0
37;28100;INTARIAN_PEPPER_ROOT;50020;10;;;;;50035;17;;;;;50027.5;0.0
37;28200;ASH_COATED_OSMIUM;10003;11;;;;;10019;13;;;;;10011.5;0.0
37;28200;INTARIAN_PEPPER_ROOT;50024;8;50021;8;;;50035;11;50037;11;;;50030.0;0.0
37;28300;ASH_COATED_OSMIUM;10004;14;10001;14;;;10022;26;10025;22;;;10013.0;0.0
37;28300;INTARIAN_PEPPER_ROOT;50021;11;;;;;50032;15;;;;;50027.0;0.0
37;28400;ASH_COATED_OSMIUM;9996;13;9995;11;;;10012;11;10014;24;;;10004.5;0.0
37;28400;INTARIAN_PEPPER_ROOT;50019;23;50017;11;50014;11;50038;17;50040;8;50043;12;50029.0;0.0
37;28500;ASH_COATED_OSMIUM;9994;24;9993;14;;;10013;10;10016;14;;;10004.0;0.0
37;28500;INTARIAN_PEPPER_ROOT;50022;12;50020;15;50018;25;50034;9;50036;12;50037;9;50028.0;0.0
37;28600;ASH_COATED_OSMIUM;9994;13;9992;13;9990;13;10010;29;10012;13;10013;13;10002.5;0.0
37;28600;INTARIAN_PEPPER_ROOT;50021;8;50020;12;50017;8;50038;8;50040;10;50043;11;50029.5;0.0
37;28700;ASH_COATED_OSMIUM;9999;12;;;;;10015;10;;;;;10007.5;0.0
37;28700;INTARIAN_PEPPER_ROOT;50019;8;50018;17;50015;19;50034;10;50036;11;50038;11;50027.0;0.0
37;28800;ASH_COATED_OSMIUM;9997;2;;;;;10015;10;;;;;10006.5;0.0
37;28800;INTARIAN_PEPPER_ROOT;50025;9;50022;12;;;50039;21;50040;21;;;50032.0;0.0
37;28900;ASH_COATED_OSMIUM;9995;13;9993;25;9990;13;10011;13;10012;15;10014;14;10003.0;0.0
37;28900;INTARIAN_PEPPER_ROOT;50026;9;50024;10;;;50039;12;50042;10;;;50033.0;0.0
37;29000;ASH_COATED_OSMIUM;10004;15;10002;11;10001;15;10020;10;10022;12;10023;15;10012.0;0.0
37;29000;INTARIAN_PEPPER_ROOT;50021;19;50020;12;;;50035;8;50038;8;;;50028.5;0.0
37;29100;ASH_COATED_OSMIUM;9999;12;9997;13;9994;13;10020;10;10023;15;10026;10;10010.0;0.0
37;29100;INTARIAN_PEPPER_ROOT;50018;9;50015;9;50012;12;50033;8;50036;8;50038;9;50025.5;0.0
37;29200;ASH_COATED_OSMIUM;10006;13;10003;14;10001;27;10022;10;10023;14;10025;13;10014.5;0.0
37;29200;INTARIAN_PEPPER_ROOT;50022;8;50020;19;;;50035;8;50036;10;;;50029.0;0.0
37;29300;ASH_COATED_OSMIUM;10003;13;10000;11;9998;10;10013;29;10014;11;10017;14;10008.5;0.0
37;29300;INTARIAN_PEPPER_ROOT;50024;9;50023;19;50022;9;50036;8;50039;8;50042;11;50030.0;0.0
37;29400;ASH_COATED_OSMIUM;10003;13;10002;10;;;10012;11;10014;23;;;10008.0;0.0
37;29400;INTARIAN_PEPPER_ROOT;50021;17;50019;11;;;50037;12;50039;10;;;50029.0;0.0
37;29500;ASH_COATED_OSMIUM;10004;14;10002;14;10000;15;10020;14;10023;11;10026;12;10012.0;0.0
37;29500;INTARIAN_PEPPER_ROOT;50022;9;50021;22;50020;6;50038;12;50041;12;50044;18;50030.0;0.0
37;29600;ASH_COATED_OSMIUM;9995;13;9993;11;;;10014;10;10017;15;;;10004.5;0.0
37;29600;INTARIAN_PEPPER_ROOT;50023;21;;;;;50036;10;;;;;50030.0;0.0
37;29700;ASH_COATED_OSMIUM;10004;15;10002;12;;;10020;10;10023;13;;;10012.0;0.0
37;29700;INTARIAN_PEPPER_ROOT;50022;9;50020;20;;;50035;10;50037;11;;;50028.5;0.0
37;29800;ASH_COATED_OSMIUM;10005;14;10002;13;10001;12;10021;13;10022;10;10023;11;10013.5;0.0
37;29800;INTARIAN_PEPPER_ROOT;50025;9;50024;8;;;50036;8;50038;12;;;50030.5;0.0
37;29900;ASH_COATED_OSMIUM;10003;10;10000;10;;;10019;30;10021;25;;;10011.0;0.0
37;29900;INTARIAN_PEPPER_ROOT;50025;12;50023;11;;;50036;10;50038;11;;;50031.0;0.0
37;30000;ASH_COATED_OSMIUM;9999;11;9998;10;;;10017;13;10019;10;;;10008.0;0.0
37;30000;INTARIAN_PEPPER_ROOT;50020;10;;;;;50034;10;;;;;50027.5;0.0
37;30100;ASH_COATED_OSMIUM;9994;14;;;;;10012;10;;;;;10003.0;0.0
37;30100;INTARIAN_PEPPER_ROOT;50023;8;;;;;50034;21;;;;;50028.5;0.0
37;30200;ASH_COATED_OSMIUM;9995;14;9994;12;;;10011;14;10013;29;;;10003.0;0.0
37;30200;INTARIAN_PEPPER_ROOT;50027;10;50025;11;;;50038;11;50040;19;;;50033.0;0.0
37;30300;ASH_COATED_OSMIUM;9989;14;9988;14;;;10005;12;10007;2;;;9997.5;0.0
37;30300;INTARIAN_PEPPER_ROOT;50029;8;50028;11;;;50032;8;50033;21;;;50030.5;0.0
37;30400;ASH_COATED_OSMIUM;9988;24;;;;;9998;14;;;;;9993.0;0.0
37;30400;INTARIAN_PEPPER_ROOT;50025;15;50024;10;50022;11;50041;11;50044;8;50046;9;50033.0;0.0
37;30500;ASH_COATED_OSMIUM;9989;11;9988;12;9986;12;10005;12;10008;14;10009;12;9997.5;0.0
37;30500;INTARIAN_PEPPER_ROOT;50026;10;50023;9;50020;8;50038;18;50041;11;50042;10;50032.5;0.0
37;30600;ASH_COATED_OSMIUM;9991;14;9990;14;;;10010;11;10011;14;;;10000.5;0.0
37;30600;INTARIAN_PEPPER_ROOT;50030;12;50029;9;50027;10;50033;9;50036;10;50038;8;50031.5;0.0
37;30700;ASH_COATED_OSMIUM;9995;14;;;;;10014;10;;;;;10004.5;0.0
37;30700;INTARIAN_PEPPER_ROOT;50023;10;50020;7;50017;10;50037;8;50040;16;50042;12;50030.0;0.0
37;30800;ASH_COATED_OSMIUM;9996;11;;;;;10012;15;;;;;10004.5;0.0
37;30800;INTARIAN_PEPPER_ROOT;50023;17;50021;10;;;50038;22;50041;9;;;50030.5;0.0
37;30900;ASH_COATED_OSMIUM;9996;10;9993;15;9991;25;10008;13;10011;14;10013;12;10002.0;0.0
37;30900;INTARIAN_PEPPER_ROOT;50019;12;;;;;50033;11;;;;;50026.5;0.0
37;31000;ASH_COATED_OSMIUM;9991;11;9990;15;;;10007;15;10010;5;;;9999.0;0.0
37;31000;INTARIAN_PEPPER_ROOT;50024;8;50022;9;;;50039;12;50042;10;;;50031.5;0.0
37;31100;ASH_COATED_OSMIUM;9989;11;9987;13;;;10007;28;10009;10;;;9998.5;0.0
37;31100;INTARIAN_PEPPER_ROOT;50026;19;50023;12;50020;9;50039;10;50042;12;50043;8;50033.0;0.0
37;31200;ASH_COATED_OSMIUM;9983;15;;;;;10001;11;;;;;9992.5;0.0
37;31200;INTARIAN_PEPPER_ROOT;50024;10;;;;;50038;12;;;;;50031.5;0.0
37;31300;ASH_COATED_OSMIUM;9981;13;9980;21;;;10000;27;10002;11;;;9991.0;0.0
37;31300;INTARIAN_PEPPER_ROOT;50023;11;;;;;50037;12;;;;;50030.5;0.0
37;31400;ASH_COATED_OSMIUM;9988;10;;;;;10004;10;;;;;9996.0;0.0
37;31400;INTARIAN_PEPPER_ROOT;50023;9;50020;9;;;50035;10;50036;12;;;50029.0;0.0
37;31500;ASH_COATED_OSMIUM;9994;12;;;;;10010;14;;;;;10002.0;0.0
37;31500;INTARIAN_PEPPER_ROOT;50027;11;50025;11;;;50041;8;50044;12;;;50034.5;0.0
37;31600;ASH_COATED_OSMIUM;9995;11;;;;;10011;12;;;;;10003.0;0.0
37;31600;INTARIAN_PEPPER_ROOT;50023;8;50021;12;50019;11;50039;10;50041;10;50044;10;50031.5;0.0
37;31700;ASH_COATED_OSMIUM;9993;2;;;;;10011;13;;;;;10002.5;0.0
37;31700;INTARIAN_PEPPER_ROOT;50030;10;50028;9;;;50041;24;50043;8;;;50035.5;0.0
37;31800;ASH_COATED_OSMIUM;9994;14;;;;;10010;11;;;;;10002.0;0.0
37;31800;INTARIAN_PEPPER_ROOT;50021;9;50019;24;50016;12;50033;8;50036;8;50038;16;50027.5;0.0
37;31900;ASH_COATED_OSMIUM;9996;13;9994;13;9992;13;10012;11;10014;13;10015;15;10004.5;0.0
37;31900;INTARIAN_PEPPER_ROOT;50020;11;50018;11;;;50032;11;50034;11;;;50026.5;0.0
37;32000;ASH_COATED_OSMIUM;9991;15;;;;;10007;15;;;;;9999.5;0.0
37;32000;INTARIAN_PEPPER_ROOT;50028;16;;;;;50040;12;;;;;50034.0;0.0
37;32100;ASH_COATED_OSMIUM;9993;14;9991;10;9990;28;10003;11;10004;15;10005;25;9998.5;0.0
37;32100;INTARIAN_PEPPER_ROOT;50023;11;50022;10;50021;9;50039;9;50041;10;50044;12;50031.0;0.0
37;32200;ASH_COATED_OSMIUM;9987;15;9986;27;;;10003;15;10004;4;;;9995.0;0.0
37;32200;INTARIAN_PEPPER_ROOT;50022;12;50021;18;;;50037;15;50040;20;;;50029.5;0.0
37;32300;ASH_COATED_OSMIUM;9988;13;9985;15;9983;12;10004;12;10006;15;10008;21;9996.0;0.0
37;32300;INTARIAN_PEPPER_ROOT;50021;9;50019;8;50016;12;50037;21;50040;8;50042;9;50029.0;0.0
37;32400;ASH_COATED_OSMIUM;9992;13;9989;10;;;10008;15;10011;3;;;10000.5;0.0
37;32400;INTARIAN_PEPPER_ROOT;50023;11;50022;9;;;50040;12;50043;11;;;50032.0;0.0
37;32500;ASH_COATED_OSMIUM;9993;14;;;;;10014;15;;;;;10004.0;0.0
37;32500;INTARIAN_PEPPER_ROOT;50028;12;50027;10;;;50039;9;50042;12;;;50033.5;0.0
37;32600;ASH_COATED_OSMIUM;9994;12;;;;;10010;12;;;;;10002.5;0.0
37;32600;INTARIAN_PEPPER_ROOT;50032;9;50029;8;50027;12;50046;9;50049;12;50050;12;50039.5;0.0
37;32700;ASH_COATED_OSMIUM;9997;26;;;;;10013;15;;;;;10005.5;0.0
37;32700;INTARIAN_PEPPER_ROOT;50026;9;;;;;50039;11;;;;;50033.0;0.0
37;32800;ASH_COATED_OSMIUM;10002;21;10001;12;;;10013;13;10014;11;;;10007.5;0.0
37;32800;INTARIAN_PEPPER_ROOT;50032;9;;;;;50045;8;;;;;50039.0;0.0
37;32900;ASH_COATED_OSMIUM;9998;10;9995;14;;;10016;20;10017;13;;;10007.5;0.0
37;32900;INTARIAN_PEPPER_ROOT;50029;18;50026;16;50024;22;50042;7;50045;11;50047;9;50036.0;0.0
37;33000;ASH_COATED_OSMIUM;10000;14;;;;;10013;10;;;;;10007.0;0.0
37;33000;INTARIAN_PEPPER_ROOT;50023;10;50021;12;50020;11;50040;8;50043;11;50044;11;50032.0;0.0
37;33100;ASH_COATED_OSMIUM;9997;13;9994;14;9993;12;10015;14;10016;23;10017;10;10006.0;0.0
37;33100;INTARIAN_PEPPER_ROOT;50026;9;50024;20;;;50042;18;50044;11;;;50034.0;0.0
37;33200;ASH_COATED_OSMIUM;10000;15;9997;25;;;10016;13;10018;13;;;10008.5;0.0
37;33200;INTARIAN_PEPPER_ROOT;50027;8;50026;8;50024;17;50040;18;50043;10;50044;22;50033.5;0.0
37;33300;ASH_COATED_OSMIUM;10003;25;10001;11;10000;15;10019;14;10020;11;10021;13;10011.0;0.0
37;33300;INTARIAN_PEPPER_ROOT;50027;9;50025;19;50024;9;50040;19;50041;9;50044;10;50033.5;0.0
37;33400;ASH_COATED_OSMIUM;10003;13;10000;13;;;10019;12;10022;30;;;10011.0;0.0
37;33400;INTARIAN_PEPPER_ROOT;50029;5;50027;9;;;50041;9;50042;11;;;50035.5;0.0
37;33500;ASH_COATED_OSMIUM;10001;14;9999;11;9996;11;10017;11;10020;14;10021;21;10009.0;0.0
37;33500;INTARIAN_PEPPER_ROOT;50029;12;;;;;50040;12;;;;;50034.5;0.0
37;33600;ASH_COATED_OSMIUM;10003;11;10001;14;;;10019;11;10022;26;;;10011.5;0.0
37;33600;INTARIAN_PEPPER_ROOT;50028;12;50026;8;50023;22;50040;10;50042;12;50044;20;50034.0;0.0
37;33700;ASH_COATED_OSMIUM;10000;13;9998;12;;;10019;11;10020;12;;;10010.0;0.0
37;33700;INTARIAN_PEPPER_ROOT;50031;8;;;;;50043;9;;;;;50037.0;0.0
37;33800;ASH_COATED_OSMIUM;10004;15;;;;;10020;12;;;;;10012.0;0.0
37;33800;INTARIAN_PEPPER_ROOT;50024;10;50021;12;;;50036;12;50037;10;;;50030.0;0.0
37;33900;ASH_COATED_OSMIUM;9996;10;9995;11;;;10012;12;10013;30;;;10004.5;0.0
37;33900;INTARIAN_PEPPER_ROOT;50026;11;50024;11;50021;11;50038;10;50039;11;50041;12;50032.0;0.0
37;34000;ASH_COATED_OSMIUM;9989;3;9986;10;9984;11;10005;25;10006;5;10007;11;9997.0;0.0
37;34000;INTARIAN_PEPPER_ROOT;50025;8;50024;12;50022;20;50040;9;50041;8;50042;8;50033.0;0.0
37;34100;ASH_COATED_OSMIUM;9992;10;9989;24;;;10005;12;10008;12;;;9998.5;0.0
37;34100;INTARIAN_PEPPER_ROOT;50024;9;50022;9;50020;12;50038;8;50040;20;50041;12;50031.5;0.0
37;34200;ASH_COATED_OSMIUM;9994;30;9992;14;;;10010;4;10011;14;;;10002.5;0.0
37;34200;INTARIAN_PEPPER_ROOT;50029;9;50027;24;50026;7;50040;11;50043;22;50045;10;50034.5;0.0
37;34300;ASH_COATED_OSMIUM;9996;10;9995;12;9994;15;10012;15;10014;11;10017;14;10004.0;0.0
37;34300;INTARIAN_PEPPER_ROOT;50030;8;50027;11;;;50045;9;50048;12;;;50037.5;0.0
37;34400;ASH_COATED_OSMIUM;9990;12;9989;15;;;10008;14;10011;12;;;9999.5;0.0
37;34400;INTARIAN_PEPPER_ROOT;50027;18;;;;;50040;11;;;;;50034.0;0.0
37;34500;ASH_COATED_OSMIUM;9985;2;9982;15;;;10001;12;10002;11;;;9993.5;0.0
37;34500;INTARIAN_PEPPER_ROOT;50031;10;;;;;50043;12;;;;;50037.0;0.0
37;34600;ASH_COATED_OSMIUM;9984;14;9983;11;9981;29;10000;10;10003;13;10006;14;9992.5;0.0
37;34600;INTARIAN_PEPPER_ROOT;50030;12;50027;12;;;50041;9;50042;11;;;50036.0;0.0
37;34700;ASH_COATED_OSMIUM;9990;29;9989;12;9986;15;10008;10;10009;14;10012;11;9999.5;0.0
37;34700;INTARIAN_PEPPER_ROOT;50028;10;50027;21;;;50041;10;50044;9;;;50034.5;0.0
37;34800;ASH_COATED_OSMIUM;9989;14;9986;14;9984;25;10005;14;10008;20;10010;30;9997.5;0.0
37;34800;INTARIAN_PEPPER_ROOT;50029;18;50027;4;;;50042;11;50043;10;;;50036.0;0.0
37;34900;ASH_COATED_OSMIUM;9989;11;9986;29;9984;11;10008;12;10009;30;10011;22;9999.0;0.0
37;34900;INTARIAN_PEPPER_ROOT;50030;10;50028;8;50027;20;50043;8;50046;9;50048;8;50037.0;0.0
37;35000;ASH_COATED_OSMIUM;9983;14;;;;;9999;11;;;;;9991.5;0.0
37;35000;INTARIAN_PEPPER_ROOT;50031;10;;;;;50044;20;;;;;50038.0;0.0
37;35100;ASH_COATED_OSMIUM;9986;12;9983;13;9981;11;10005;12;10008;13;10011;14;9996.0;0.0
37;35100;INTARIAN_PEPPER_ROOT;50023;8;;;;;50035;10;;;;;50029.0;0.0
37;35200;ASH_COATED_OSMIUM;9989;11;;;;;10007;14;;;;;9998.5;0.0
37;35200;INTARIAN_PEPPER_ROOT;50028;9;;;;;50042;12;;;;;50035.5;0.0
37;35300;ASH_COATED_OSMIUM;9988;12;;;;;10007;26;;;;;9998.0;0.0
37;35300;INTARIAN_PEPPER_ROOT;50027;8;50025;9;50022;11;50039;9;50042;8;50045;12;50033.0;0.0
37;35400;ASH_COATED_OSMIUM;9991;10;;;;;10007;11;;;;;9999.0;0.0
37;35400;INTARIAN_PEPPER_ROOT;50028;10;50027;11;;;50043;9;50046;12;;;50036.0;0.0
37;35500;ASH_COATED_OSMIUM;9990;15;9987;12;;;10008;2;10010;11;;;9999.5;0.0
37;35500;INTARIAN_PEPPER_ROOT;50025;8;50022;11;;;50039;11;50042;10;;;50032.5;0.0
37;35600;ASH_COATED_OSMIUM;9988;15;9985;12;;;10004;28;10007;10;;;9996.0;0.0
37;35600;INTARIAN_PEPPER_ROOT;50026;20;;;;;50043;9;;;;;50034.5;0.0
37;35700;ASH_COATED_OSMIUM;9988;11;9986;13;;;10004;12;10005;5;;;9996.5;0.0
37;35700;INTARIAN_PEPPER_ROOT;50028;11;50027;10;50024;10;50039;10;50040;23;50042;20;50034.0;0.0
37;35800;ASH_COATED_OSMIUM;9979;22;;;;;9995;14;;;;;9987.5;0.0
37;35800;INTARIAN_PEPPER_ROOT;50027;8;50025;16;;;50042;23;50045;8;;;50034.5;0.0
37;35900;ASH_COATED_OSMIUM;9979;13;;;;;9995;1;;;;;9987.0;0.0
37;35900;INTARIAN_PEPPER_ROOT;50028;19;50027;21;;;50043;10;50045;12;;;50035.5;0.0
37;36000;ASH_COATED_OSMIUM;9980;12;9977;25;;;9998;13;10001;12;;;9989.5;0.0
37;36000;INTARIAN_PEPPER_ROOT;50024;11;50023;10;;;50039;24;50042;8;;;50031.5;0.0
37;36100;ASH_COATED_OSMIUM;9982;15;9981;11;;;9998;10;9999;25;;;9990.0;0.0
37;36100;INTARIAN_PEPPER_ROOT;50030;16;50029;11;50027;8;50043;12;50046;15;50047;23;50036.5;0.0
37;36200;ASH_COATED_OSMIUM;9987;26;;;;;10003;15;;;;;9995.0;0.0
37;36200;INTARIAN_PEPPER_ROOT;50031;24;50028;24;;;50043;19;50045;9;;;50037.0;0.0
37;36300;ASH_COATED_OSMIUM;9989;11;;;;;10005;15;;;;;9997.0;0.0
37;36300;INTARIAN_PEPPER_ROOT;50031;8;;;;;50044;12;;;;;50037.5;0.0
37;36400;ASH_COATED_OSMIUM;9991;27;9990;12;9988;14;10010;12;10012;10;10015;15;10001.0;0.0
37;36400;INTARIAN_PEPPER_ROOT;50031;12;50028;8;;;50042;8;50043;9;;;50036.5;0.0
37;36500;ASH_COATED_OSMIUM;9997;24;9995;13;;;10003;12;10005;11;;;10000.5;0.0
37;36500;INTARIAN_PEPPER_ROOT;50029;11;;;;;50041;18;;;;;50035.5;0.0
37;36600;ASH_COATED_OSMIUM;9994;14;9992;14;;;10013;13;10015;11;;;10003.5;0.0
37;36600;INTARIAN_PEPPER_ROOT;50032;9;50030;15;50028;18;50049;11;50051;11;50053;19;50041.0;0.0
37;36700;ASH_COATED_OSMIUM;9991;15;;;;;10010;13;;;;;10000.5;0.0
37;36700;INTARIAN_PEPPER_ROOT;50030;12;;;;;50048;10;;;;;50039.0;0.0
37;36800;ASH_COATED_OSMIUM;9988;10;;;;;10006;28;;;;;9997.5;0.0
37;36800;INTARIAN_PEPPER_ROOT;50027;10;50025;16;;;50045;10;50047;11;;;50036.0;0.0
37;36900;ASH_COATED_OSMIUM;9990;25;;;;;10006;11;;;;;9998.0;0.0
37;36900;INTARIAN_PEPPER_ROOT;50035;11;;;;;50049;17;;;;;50042.5;0.0
37;37000;ASH_COATED_OSMIUM;9986;13;;;;;10002;12;;;;;9994.5;0.0
37;37000;INTARIAN_PEPPER_ROOT;50028;9;;;;;50042;22;;;;;50035.0;0.0
37;37100;ASH_COATED_OSMIUM;9987;12;9984;14;;;10003;11;10006;12;;;9995.0;0.0
37;37100;INTARIAN_PEPPER_ROOT;50031;10;50029;12;;;50048;10;50050;3;;;50039.5;0.0
37;37200;ASH_COATED_OSMIUM;9992;28;9989;12;;;10008;13;10009;26;;;10000.5;0.0
37;37200;INTARIAN_PEPPER_ROOT;50029;11;;;;;50042;7;;;;;50036.0;0.0
37;37300;ASH_COATED_OSMIUM;9991;15;;;;;10007;10;;;;;9999.0;0.0
37;37300;INTARIAN_PEPPER_ROOT;50030;10;;;;;50044;8;;;;;50037.0;0.0
37;37400;ASH_COATED_OSMIUM;9985;12;9984;12;9981;14;10001;10;10004;27;10005;20;9993.5;0.0
37;37400;INTARIAN_PEPPER_ROOT;50033;9;50032;12;;;50044;10;50046;10;;;50038.5;0.0
37;37500;ASH_COATED_OSMIUM;9993;15;9992;27;9991;12;10005;10;10008;6;10009;29;9999.5;0.0
37;37500;INTARIAN_PEPPER_ROOT;50034;9;;;;;50047;10;;;;;50041.0;0.0
37;37600;ASH_COATED_OSMIUM;9990;13;9987;11;;;10006;12;10007;15;;;9998.0;0.0
37;37600;INTARIAN_PEPPER_ROOT;50033;12;50032;9;;;50045;11;50047;9;;;50039.0;0.0
37;37700;ASH_COATED_OSMIUM;9992;14;;;;;10008;11;;;;;10000.5;0.0
37;37700;INTARIAN_PEPPER_ROOT;50039;8;;;;;50043;9;;;;;50041.0;0.0
37;37800;ASH_COATED_OSMIUM;10003;12;;;;;10012;11;;;;;10008.0;0.0
37;37800;INTARIAN_PEPPER_ROOT;50030;9;;;;;50042;11;;;;;50036.0;0.0
37;37900;ASH_COATED_OSMIUM;10000;13;9999;11;9997;10;10018;23;10019;12;10022;15;10009.5;0.0
37;37900;INTARIAN_PEPPER_ROOT;50028;9;50025;19;50023;9;50043;12;50046;10;50048;8;50036.0;0.0
37;38000;ASH_COATED_OSMIUM;9994;11;;;;;10012;26;;;;;10003.5;0.0
37;38000;INTARIAN_PEPPER_ROOT;50033;17;50032;11;50030;10;50046;22;50047;12;50050;9;50040.0;0.0
37;38100;ASH_COATED_OSMIUM;9999;2;;;;;10018;11;;;;;10009.0;0.0
37;38100;INTARIAN_PEPPER_ROOT;50038;17;50035;10;;;50049;9;50052;8;;;50044.0;0.0
37;38200;ASH_COATED_OSMIUM;9995;12;;;;;10013;13;;;;;10004.0;0.0
37;38200;INTARIAN_PEPPER_ROOT;50030;10;50029;10;50028;12;50042;10;50044;11;50045;12;50036.0;0.0
37;38300;ASH_COATED_OSMIUM;9997;12;9994;4;;;10013;12;10015;10;;;10005.5;0.0
37;38300;INTARIAN_PEPPER_ROOT;50029;11;50028;12;;;50043;17;50046;11;;;50036.0;0.0
37;38400;ASH_COATED_OSMIUM;9997;24;9996;10;;;10013;11;10016;14;;;10005.0;0.0
37;38400;INTARIAN_PEPPER_ROOT;50030;12;;;;;50045;12;;;;;50038.0;0.0
37;38500;ASH_COATED_OSMIUM;9992;11;;;;;10008;12;;;;;10000.5;0.0
37;38500;INTARIAN_PEPPER_ROOT;50030;20;50029;8;;;50050;9;50052;9;;;50040.0;0.0
37;38600;ASH_COATED_OSMIUM;9987;5;9984;13;;;10003;12;10004;13;;;9995.0;0.0
37;38600;INTARIAN_PEPPER_ROOT;50031;12;50030;10;50027;3;50045;10;50048;10;50051;10;50038.0;0.0
37;38700;ASH_COATED_OSMIUM;9983;14;9982;10;;;9989;12;9991;10;;;9986.5;0.0
37;38700;INTARIAN_PEPPER_ROOT;50036;10;50033;12;;;50047;12;50050;9;;;50042.0;0.0
37;38800;ASH_COATED_OSMIUM;9984;11;9982;12;;;9990;15;9992;13;;;9987.5;0.0
37;38800;INTARIAN_PEPPER_ROOT;50030;20;50028;11;;;50042;15;50045;11;;;50036.0;0.0
37;38900;ASH_COATED_OSMIUM;9979;10;;;;;10000;15;;;;;9989.5;0.0
37;38900;INTARIAN_PEPPER_ROOT;50033;11;50032;11;;;50045;11;50047;19;;;50039.5;0.0
37;39000;ASH_COATED_OSMIUM;9984;14;;;;;10000;15;;;;;9992.0;0.0
37;39000;INTARIAN_PEPPER_ROOT;50032;11;;;;;50044;9;;;;;50038.0;0.0
37;39100;ASH_COATED_OSMIUM;9988;15;9985;13;;;10004;24;10007;14;;;9996.5;0.0
37;39100;INTARIAN_PEPPER_ROOT;50034;19;50031;8;50030;12;50046;9;50049;11;50051;11;50040.0;0.0
37;39200;ASH_COATED_OSMIUM;9988;11;;;;;10006;11;;;;;9997.0;0.0
37;39200;INTARIAN_PEPPER_ROOT;50031;10;;;;;50044;19;;;;;50038.0;0.0
37;39300;ASH_COATED_OSMIUM;9985;15;9984;23;9982;10;10001;12;10002;14;10004;13;9993.5;0.0
37;39300;INTARIAN_PEPPER_ROOT;50032;11;50031;24;;;50049;12;50051;10;;;50041.0;0.0
37;39400;ASH_COATED_OSMIUM;9986;11;;;;;10002;12;;;;;9994.5;0.0
37;39400;INTARIAN_PEPPER_ROOT;50031;24;50028;17;;;50043;10;50044;10;;;50037.5;0.0
37;39500;ASH_COATED_OSMIUM;9991;28;9988;11;;;10007;22;10008;21;;;9999.5;0.0
37;39500;INTARIAN_PEPPER_ROOT;50033;10;;;;;50044;10;;;;;50039.0;0.0
37;39600;ASH_COATED_OSMIUM;9985;11;9984;11;9981;13;10001;12;10002;13;10004;3;9993.0;0.0
37;39600;INTARIAN_PEPPER_ROOT;50031;23;50029;12;;;50045;16;50047;18;;;50038.5;0.0
37;39700;ASH_COATED_OSMIUM;9983;13;9982;13;;;9999;11;10001;13;;;9991.0;0.0
37;39700;INTARIAN_PEPPER_ROOT;50032;8;50029;6;;;50045;10;50047;12;;;50039.0;0.0
37;39800;ASH_COATED_OSMIUM;9979;29;9978;11;9975;12;9995;11;9997;27;9998;14;9987.0;0.0
37;39800;INTARIAN_PEPPER_ROOT;50036;8;50033;12;;;50048;16;50051;8;;;50042.5;0.0
37;39900;ASH_COATED_OSMIUM;9980;15;;;;;9996;15;;;;;9988.0;0.0
37;39900;INTARIAN_PEPPER_ROOT;50037;10;;;;;50053;10;;;;;50045.5;0.0
37;40000;ASH_COATED_OSMIUM;9981;14;9978;13;;;10000;12;10001;28;;;9991.0;0.0
37;40000;INTARIAN_PEPPER_ROOT;50036;12;;;;;50049;9;;;;;50042.5;0.0
37;40100;ASH_COATED_OSMIUM;9983;10;9980;14;;;9999;10;10001;14;;;9991.5;0.0
37;40100;INTARIAN_PEPPER_ROOT;50040;8;50038;8;;;50044;11;50045;8;;;50042.0;0.0
37;40200;ASH_COATED_OSMIUM;9987;27;9984;14;9982;21;10003;10;10004;13;10007;11;9995.0;0.0
37;40200;INTARIAN_PEPPER_ROOT;50033;11;;;;;50046;8;;;;;50039.5;0.0
37;40300;ASH_COATED_OSMIUM;9980;22;9978;12;;;9998;11;10001;3;;;9989.5;0.0
37;40300;INTARIAN_PEPPER_ROOT;50031;8;50030;12;;;50044;9;50047;12;;;50037.5;0.0
37;40400;ASH_COATED_OSMIUM;9976;27;9973;14;;;9992;14;9995;14;;;9984.0;0.0
37;40400;INTARIAN_PEPPER_ROOT;50031;12;50030;3;;;50047;22;50050;18;;;50039.0;0.0
37;40500;ASH_COATED_OSMIUM;9982;21;;;;;10000;15;;;;;9991.5;0.0
37;40500;INTARIAN_PEPPER_ROOT;50037;9;50036;10;50035;24;50050;10;50051;10;50052;8;50043.5;0.0
37;40600;ASH_COATED_OSMIUM;9990;5;9987;15;;;10006;14;10008;13;;;9998.0;0.0
37;40600;INTARIAN_PEPPER_ROOT;50033;6;;;;;50045;8;;;;;50039.0;0.0
37;40700;ASH_COATED_OSMIUM;9990;12;;;;;10006;12;;;;;9998.5;0.0
37;40700;INTARIAN_PEPPER_ROOT;50038;9;50035;9;50033;12;50050;8;50052;9;50055;23;50044.0;0.0
37;40800;ASH_COATED_OSMIUM;9992;11;9990;14;;;10008;10;10009;11;;;10000.0;0.0
37;40800;INTARIAN_PEPPER_ROOT;50038;9;50035;12;50033;17;50051;10;50053;10;50054;12;50045.0;0.0
37;40900;ASH_COATED_OSMIUM;9987;13;;;;;9998;12;;;;;9993.0;0.0
37;40900;INTARIAN_PEPPER_ROOT;50037;12;50035;10;;;50052;12;50054;8;;;50045.0;0.0
37;41000;ASH_COATED_OSMIUM;9991;2;;;;;10007;15;;;;;9999.5;0.0
37;41000;INTARIAN_PEPPER_ROOT;50033;23;50031;8;50029;8;50048;12;50051;18;50054;8;50041.0;0.0
37;41100;ASH_COATED_OSMIUM;9990;15;9989;10;9986;22;10009;11;10011;10;10014;11;9999.5;0.0
37;41100;INTARIAN_PEPPER_ROOT;50034;10;50033;9;50032;12;50046;8;50047;8;50049;11;50040.5;0.0
37;41200;ASH_COATED_OSMIUM;9991;10;9988;25;;;10007;15;10010;28;;;9999.5;0.0
37;41200;INTARIAN_PEPPER_ROOT;50030;16;;;;;50047;9;;;;;50038.5;0.0
37;41300;ASH_COATED_OSMIUM;9990;14;;;;;10009;10;;;;;9999.5;0.0
37;41300;INTARIAN_PEPPER_ROOT;50033;22;50031;9;;;50046;12;50049;9;;;50039.5;0.0
37;41400;ASH_COATED_OSMIUM;9997;13;9996;14;;;10013;15;10015;11;;;10005.0;0.0
37;41400;INTARIAN_PEPPER_ROOT;50030;12;50029;9;;;50043;19;50045;12;;;50036.5;0.0
37;41500;ASH_COATED_OSMIUM;10001;20;9999;11;;;10017;11;10020;11;;;10009.5;0.0
37;41500;INTARIAN_PEPPER_ROOT;50037;12;;;;;50053;12;;;;;50045.5;0.0
37;41600;ASH_COATED_OSMIUM;9996;14;;;;;10015;15;;;;;10006.0;0.0
37;41600;INTARIAN_PEPPER_ROOT;50035;12;;;;;50049;8;;;;;50042.5;0.0
37;41700;ASH_COATED_OSMIUM;9986;11;9985;30;;;10007;10;10010;13;;;9996.5;0.0
37;41700;INTARIAN_PEPPER_ROOT;50033;11;;;;;50050;12;;;;;50041.5;0.0
37;41800;ASH_COATED_OSMIUM;9996;14;9993;2;;;10012;13;10014;14;;;10004.5;0.0
37;41800;INTARIAN_PEPPER_ROOT;50029;16;50026;10;50024;11;50044;8;50045;23;50048;10;50037.0;0.0
37;41900;ASH_COATED_OSMIUM;9998;15;;;;;10015;14;;;;;10007.0;0.0
37;41900;INTARIAN_PEPPER_ROOT;50039;12;50036;8;50035;9;50050;11;50051;8;50054;11;50045.0;0.0
37;42000;ASH_COATED_OSMIUM;9998;27;9997;11;;;10014;11;10017;23;;;10006.5;0.0
37;42000;INTARIAN_PEPPER_ROOT;50035;21;;;;;50046;10;;;;;50040.5;0.0
37;42100;ASH_COATED_OSMIUM;9997;28;9995;10;9994;14;10013;12;10016;15;10018;12;10005.0;0.0
37;42100;INTARIAN_PEPPER_ROOT;50034;8;50032;8;;;50046;11;50047;9;;;50040.0;0.0
37;42200;ASH_COATED_OSMIUM;9997;30;;;;;10013;15;;;;;10005.5;0.0
37;42200;INTARIAN_PEPPER_ROOT;50035;25;50032;11;;;50048;9;50050;11;;;50041.5;0.0
37;42300;ASH_COATED_OSMIUM;9997;21;9995;13;9994;4;10013;15;10015;11;10018;14;10005.5;0.0
37;42300;INTARIAN_PEPPER_ROOT;50034;12;;;;;50051;8;;;;;50042.5;0.0
37;42400;ASH_COATED_OSMIUM;9996;11;;;;;10012;25;;;;;10004.5;0.0
37;42400;INTARIAN_PEPPER_ROOT;50036;12;50034;16;;;50051;9;50052;9;;;50044.0;0.0
37;42500;ASH_COATED_OSMIUM;9994;11;9991;15;;;10010;15;10012;23;;;10002.0;0.0
37;42500;INTARIAN_PEPPER_ROOT;50033;12;50030;8;50029;12;50047;12;50049;11;50052;23;50040.5;0.0
37;42600;ASH_COATED_OSMIUM;9995;12;;;;;10011;10;;;;;10003.0;0.0
37;42600;INTARIAN_PEPPER_ROOT;50036;10;50033;10;50032;15;50049;16;50050;12;50052;9;50042.5;0.0
37;42700;ASH_COATED_OSMIUM;9999;30;9996;24;;;10015;21;10016;20;;;10007.5;0.0
37;42700;INTARIAN_PEPPER_ROOT;50035;23;;;;;50049;11;;;;;50042.0;0.0
37;42800;ASH_COATED_OSMIUM;9992;13;9991;14;9990;10;10008;13;10011;29;10014;14;10000.0;0.0
37;42800;INTARIAN_PEPPER_ROOT;50035;8;50034;17;50032;9;50047;12;50049;11;50050;16;50041.5;0.0
37;42900;ASH_COATED_OSMIUM;9999;21;9998;13;9995;13;10008;15;10011;12;10013;30;10004.0;0.0
37;42900;INTARIAN_PEPPER_ROOT;50036;10;50035;8;;;50048;25;50051;12;;;50042.0;0.0
37;43000;ASH_COATED_OSMIUM;9992;11;;;;;10008;10;;;;;10000.0;0.0
37;43000;INTARIAN_PEPPER_ROOT;50034;11;;;;;50048;22;;;;;50041.0;0.0
37;43100;ASH_COATED_OSMIUM;9991;14;;;;;10007;30;;;;;9999.5;0.0
37;43100;INTARIAN_PEPPER_ROOT;50038;10;50035;11;;;50050;15;50053;17;;;50044.0;0.0
37;43200;ASH_COATED_OSMIUM;9990;22;;;;;10006;10;;;;;9998.0;0.0
37;43200;INTARIAN_PEPPER_ROOT;50037;9;50034;11;50032;11;50049;8;50050;24;50051;11;50043.0;0.0
37;43300;ASH_COATED_OSMIUM;9980;10;9977;13;9976;12;9996;12;9997;13;9998;13;9988.5;0.0
37;43300;INTARIAN_PEPPER_ROOT;50035;12;50032;8;;;50049;24;50050;25;;;50042.0;0.0
37;43400;ASH_COATED_OSMIUM;9985;14;9983;11;;;10001;12;10004;15;;;9993.5;0.0
37;43400;INTARIAN_PEPPER_ROOT;50039;11;50038;8;50036;9;50050;8;50052;9;50055;9;50045.0;0.0
37;43500;ASH_COATED_OSMIUM;9984;11;9981;10;;;10000;11;10002;14;;;9992.5;0.0
37;43500;INTARIAN_PEPPER_ROOT;50040;10;50039;10;;;50052;23;50054;9;;;50046.0;0.0
37;43600;ASH_COATED_OSMIUM;9984;10;9981;11;9978;10;10000;15;10003;12;10004;13;9992.5;0.0
37;43600;INTARIAN_PEPPER_ROOT;50039;9;;;;;50052;9;;;;;50045.5;0.0
37;43700;ASH_COATED_OSMIUM;9985;12;;;;;10001;11;;;;;9993.0;0.0
37;43700;INTARIAN_PEPPER_ROOT;50036;9;;;;;50049;23;;;;;50043.0;0.0
37;43800;ASH_COATED_OSMIUM;9993;15;9990;13;9988;12;10009;3;10010;15;10012;23;10001.0;0.0
37;43800;INTARIAN_PEPPER_ROOT;50037;11;;;;;50050;11;;;;;50044.0;0.0
37;43900;ASH_COATED_OSMIUM;9991;12;9990;10;;;10010;13;10011;11;;;10001.0;0.0
37;43900;INTARIAN_PEPPER_ROOT;50038;12;50037;9;50036;8;50049;22;50052;18;50053;9;50044.0;0.0
37;44000;ASH_COATED_OSMIUM;9996;11;9994;14;;;10012;15;10013;13;;;10004.0;0.0
37;44000;INTARIAN_PEPPER_ROOT;50035;19;50034;11;;;50048;8;50051;20;;;50042.0;0.0
37;44100;ASH_COATED_OSMIUM;9995;10;;;;;10014;20;;;;;10004.5;0.0
37;44100;INTARIAN_PEPPER_ROOT;50038;8;50035;19;50034;6;50049;24;50051;11;50054;10;50044.0;0.0
37;44200;ASH_COATED_OSMIUM;9987;3;9985;15;;;10008;14;10009;15;;;9997.5;0.0
37;44200;INTARIAN_PEPPER_ROOT;50041;19;50039;9;50037;9;50046;11;50049;21;50051;9;50043.5;0.0
37;44300;ASH_COATED_OSMIUM;9990;12;;;;;10006;11;;;;;9998.5;0.0
37;44300;INTARIAN_PEPPER_ROOT;50039;12;50036;12;50033;8;50052;12;50055;8;50058;9;50045.5;0.0
37;44400;ASH_COATED_OSMIUM;9993;21;;;;;10011;27;;;;;10002.5;0.0
37;44400;INTARIAN_PEPPER_ROOT;50040;16;50037;12;;;50057;18;50059;12;;;50048.5;0.0
37;44500;ASH_COATED_OSMIUM;9985;25;9984;12;;;10004;14;10005;10;;;9995.0;0.0
37;44500;INTARIAN_PEPPER_ROOT;50038;10;50036;16;50033;9;50051;12;50053;8;50054;9;50044.5;0.0
37;44600;ASH_COATED_OSMIUM;9989;11;;;;;10005;14;;;;;9997.0;0.0
37;44600;INTARIAN_PEPPER_ROOT;50040;11;50037;18;;;50053;5;50054;12;;;50047.0;0.0
37;44700;ASH_COATED_OSMIUM;9991;12;9988;12;9985;10;10007;12;10009;14;10012;11;9999.5;0.0
37;44700;INTARIAN_PEPPER_ROOT;50039;10;50038;12;;;50052;22;50054;10;;;50045.5;0.0
37;44800;ASH_COATED_OSMIUM;9992;11;9990;4;;;10008;14;10010;15;;;10000.0;0.0
37;44800;INTARIAN_PEPPER_ROOT;50039;10;;;;;50051;24;;;;;50045.5;0.0
37;44900;ASH_COATED_OSMIUM;9988;29;;;;;10004;13;;;;;9996.5;0.0
37;44900;INTARIAN_PEPPER_ROOT;50036;12;;;;;50051;8;;;;;50043.5;0.0
37;45000;ASH_COATED_OSMIUM;9983;14;9981;11;9978;13;10002;12;10005;10;10008;10;9992.5;0.0
37;45000;INTARIAN_PEPPER_ROOT;50039;12;50037;8;50034;16;50052;11;50053;9;50054;9;50045.5;0.0
37;45100;ASH_COATED_OSMIUM;9985;14;9982;10;9980;15;10001;14;10003;15;10005;13;9993.5;0.0
37;45100;INTARIAN_PEPPER_ROOT;50039;8;50037;11;50034;8;50051;19;50054;11;50056;10;50045.0;0.0
37;45200;ASH_COATED_OSMIUM;9986;25;9983;20;;;10005;12;10007;15;;;9996.0;0.0
37;45200;INTARIAN_PEPPER_ROOT;50042;9;50040;8;;;50053;11;50055;11;;;50048.0;0.0
37;45300;ASH_COATED_OSMIUM;9984;10;9982;25;9979;15;10003;11;10006;10;10009;12;9993.5;0.0
37;45300;INTARIAN_PEPPER_ROOT;50039;8;50038;9;50037;12;50050;11;50051;9;50053;8;50044.5;0.0
37;45400;ASH_COATED_OSMIUM;9983;14;9981;14;9978;11;9999;12;10001;27;10004;12;9991.5;0.0
37;45400;INTARIAN_PEPPER_ROOT;50040;8;50037;9;;;50053;11;50056;8;;;50047.0;0.0
37;45500;ASH_COATED_OSMIUM;9988;14;9986;11;;;10004;13;10006;15;;;9996.0;0.0
37;45500;INTARIAN_PEPPER_ROOT;50034;9;;;;;50047;19;;;;;50041.0;0.0
37;45600;ASH_COATED_OSMIUM;9994;13;9992;20;9991;14;10010;14;10011;29;10013;15;10002.0;0.0
37;45600;INTARIAN_PEPPER_ROOT;50038;5;;;;;50052;8;;;;;50045.0;0.0
37;45700;ASH_COATED_OSMIUM;9993;13;9991;15;9990;21;10011;11;10013;11;10015;14;10002.5;0.0
37;45700;INTARIAN_PEPPER_ROOT;50033;10;50030;10;50028;8;50050;9;50051;8;50054;24;50042.0;0.0
37;45800;ASH_COATED_OSMIUM;9993;20;;;;;10009;13;;;;;10001.0;0.0
37;45800;INTARIAN_PEPPER_ROOT;50042;15;50039;8;;;50053;12;50056;12;;;50047.5;0.0
37;45900;ASH_COATED_OSMIUM;9995;11;;;;;10011;10;;;;;10003.5;0.0
37;45900;INTARIAN_PEPPER_ROOT;50043;9;50042;12;50040;12;50056;10;50057;9;50059;11;50049.5;0.0
37;46000;ASH_COATED_OSMIUM;9992;13;;;;;10008;28;;;;;10000.5;0.0
37;46000;INTARIAN_PEPPER_ROOT;50040;12;50039;9;;;50054;11;50057;8;;;50047.5;0.0
37;46100;ASH_COATED_OSMIUM;9988;12;9985;13;9984;11;10009;11;10011;5;10014;15;9998.5;0.0
37;46100;INTARIAN_PEPPER_ROOT;50035;15;;;;;50051;8;;;;;50043.0;0.0
37;46200;ASH_COATED_OSMIUM;9992;10;9989;15;9987;13;10008;25;10010;10;10011;13;10000.5;0.0
37;46200;INTARIAN_PEPPER_ROOT;50038;10;;;;;50052;8;;;;;50045.0;0.0
37;46300;ASH_COATED_OSMIUM;9993;10;9990;13;;;10009;11;10012;15;;;10001.0;0.0
37;46300;INTARIAN_PEPPER_ROOT;50040;12;50039;9;;;50053;9;50054;8;;;50047.0;0.0
37;46400;ASH_COATED_OSMIUM;9990;13;9989;26;;;10006;15;10008;15;;;9998.0;0.0
37;46400;INTARIAN_PEPPER_ROOT;50041;11;;;;;50054;8;;;;;50047.5;0.0
37;46500;ASH_COATED_OSMIUM;9987;10;9986;11;9984;15;10003;15;10006;12;10008;12;9995.5;0.0
37;46500;INTARIAN_PEPPER_ROOT;50042;11;50039;11;;;50053;9;50054;10;;;50048.0;0.0
37;46600;ASH_COATED_OSMIUM;9987;14;9986;10;;;10003;13;10006;15;;;9995.0;0.0
37;46600;INTARIAN_PEPPER_ROOT;50044;11;50041;12;50038;8;50056;9;50057;23;50059;9;50050.0;0.0
37;46700;ASH_COATED_OSMIUM;9987;10;;;;;10003;27;;;;;9995.0;0.0
37;46700;INTARIAN_PEPPER_ROOT;50036;12;50034;11;50032;11;50049;12;50052;9;50055;8;50043.0;0.0
37;46800;ASH_COATED_OSMIUM;9981;12;9980;10;;;9999;13;10001;15;;;9990.5;0.0
37;46800;INTARIAN_PEPPER_ROOT;50035;10;;;;;50051;22;;;;;50043.5;0.0
37;46900;ASH_COATED_OSMIUM;9980;14;;;;;9996;11;;;;;9988.0;0.0
37;46900;INTARIAN_PEPPER_ROOT;50041;7;50039;8;;;50054;12;50057;9;;;50048.0;0.0
37;47000;ASH_COATED_OSMIUM;9980;10;;;;;9993;12;;;;;9987.0;0.0
37;47000;INTARIAN_PEPPER_ROOT;50042;8;50041;12;;;50054;22;50056;8;;;50048.5;0.0
37;47100;ASH_COATED_OSMIUM;9981;15;;;;;9997;14;;;;;9989.0;0.0
37;47100;INTARIAN_PEPPER_ROOT;50036;8;50033;8;50031;10;50056;10;50057;8;50059;12;50046.5;0.0
37;47200;ASH_COATED_OSMIUM;9989;10;;;;;10005;13;;;;;9997.5;0.0
37;47200;INTARIAN_PEPPER_ROOT;50036;8;;;;;50053;24;;;;;50045.0;0.0
37;47300;ASH_COATED_OSMIUM;9992;10;9990;14;;;10011;14;10012;28;;;10001.5;0.0
37;47300;INTARIAN_PEPPER_ROOT;50040;3;;;;;50055;12;;;;;50048.0;0.0
37;47400;ASH_COATED_OSMIUM;9988;15;9985;14;9984;14;10004;15;10007;12;10008;10;9996.5;0.0
37;47400;INTARIAN_PEPPER_ROOT;50043;8;;;;;50055;9;;;;;50049.0;0.0
37;47500;ASH_COATED_OSMIUM;9989;14;9987;14;9984;10;10005;14;10007;12;10010;13;9997.5;0.0
37;47500;INTARIAN_PEPPER_ROOT;50041;25;50040;11;;;50055;8;50056;12;;;50048.0;0.0
37;47600;ASH_COATED_OSMIUM;9987;29;;;;;10003;11;;;;;9995.5;0.0
37;47600;INTARIAN_PEPPER_ROOT;50041;8;50039;10;50036;20;50052;10;50053;12;50056;12;50046.5;0.0
37;47700;ASH_COATED_OSMIUM;9988;11;9987;21;;;10004;13;10005;14;;;9996.5;0.0
37;47700;INTARIAN_PEPPER_ROOT;50043;9;50042;12;;;50056;9;50057;12;;;50049.5;0.0
37;47800;ASH_COATED_OSMIUM;9995;15;9994;10;9991;11;10001;29;10004;13;10005;15;9998.5;0.0
37;47800;INTARIAN_PEPPER_ROOT;50042;12;50041;18;;;50056;10;50057;12;;;50049.5;0.0
37;47900;ASH_COATED_OSMIUM;9992;26;;;;;10008;15;;;;;10000.0;0.0
37;47900;INTARIAN_PEPPER_ROOT;50047;21;50045;8;;;50053;20;50054;10;;;50050.5;0.0
37;48000;ASH_COATED_OSMIUM;9998;11;;;;;10014;12;;;;;10006.0;0.0
37;48000;INTARIAN_PEPPER_ROOT;50042;12;50040;24;;;50055;8;50058;25;;;50049.0;0.0
37;48100;ASH_COATED_OSMIUM;9998;13;;;;;10014;12;;;;;10006.0;0.0
37;48100;INTARIAN_PEPPER_ROOT;50038;10;;;;;50051;11;;;;;50044.5;0.0
37;48200;ASH_COATED_OSMIUM;9997;12;9996;13;;;10013;13;10016;13;;;10005.5;0.0
37;48200;INTARIAN_PEPPER_ROOT;50044;8;50041;8;;;50055;11;50058;10;;;50049.5;0.0
37;48300;ASH_COATED_OSMIUM;9995;15;;;;;10014;15;;;;;10005.0;0.0
37;48300;INTARIAN_PEPPER_ROOT;50038;11;50037;8;50036;8;50050;12;50051;11;50053;9;50044.5;0.0
37;48400;ASH_COATED_OSMIUM;9992;15;9990;14;9988;26;10008;14;10011;12;10013;15;10000.5;0.0
37;48400;INTARIAN_PEPPER_ROOT;50045;12;50044;12;;;50056;10;50058;9;;;50051.0;0.0
37;48500;ASH_COATED_OSMIUM;9992;24;9991;10;;;10008;10;10009;15;;;10000.5;0.0
37;48500;INTARIAN_PEPPER_ROOT;50042;12;50040;8;;;50054;10;50056;11;;;50048.5;0.0
37;48600;ASH_COATED_OSMIUM;9989;12;9987;14;9986;12;10005;10;10008;25;10010;25;9997.5;0.0
37;48600;INTARIAN_PEPPER_ROOT;50043;8;;;;;50049;9;;;;;50046.0;0.0
37;48700;ASH_COATED_OSMIUM;9991;13;9990;11;9987;14;10007;29;10010;10;10011;12;9999.0;0.0
37;48700;INTARIAN_PEPPER_ROOT;50040;9;50039;12;;;50054;10;50056;8;;;50047.5;0.0
37;48800;ASH_COATED_OSMIUM;9989;15;;;;;10005;15;;;;;9997.0;0.0
37;48800;INTARIAN_PEPPER_ROOT;50042;25;50041;21;50038;9;50056;20;50058;9;50060;8;50049.0;0.0
37;48900;ASH_COATED_OSMIUM;9992;15;9989;13;;;10002;12;10004;12;;;9997.0;0.0
37;48900;INTARIAN_PEPPER_ROOT;50044;12;50043;11;50042;11;50061;8;50064;8;50067;24;50052.5;0.0
37;49000;ASH_COATED_OSMIUM;9991;12;9988;21;;;10007;27;10009;13;;;9999.5;0.0
37;49000;INTARIAN_PEPPER_ROOT;50045;11;50042;9;;;50058;18;50060;9;;;50051.5;0.0
37;49100;ASH_COATED_OSMIUM;9991;12;9988;10;;;10007;15;10009;11;;;9999.0;0.0
37;49100;INTARIAN_PEPPER_ROOT;50040;11;;;;;50053;12;;;;;50047.0;0.0
37;49200;ASH_COATED_OSMIUM;9991;14;9989;13;9987;25;10007;15;10008;14;10009;15;9999.0;0.0
37;49200;INTARIAN_PEPPER_ROOT;50045;9;50042;9;50041;9;50056;8;50059;8;50060;10;50050.5;0.0
37;49300;ASH_COATED_OSMIUM;9991;11;9990;10;9988;12;10007;12;10008;15;10009;12;9999.0;0.0
37;49300;INTARIAN_PEPPER_ROOT;50042;9;50040;23;;;50053;8;50056;23;;;50047.5;0.0
37;49400;ASH_COATED_OSMIUM;9992;24;;;;;10002;26;;;;;9997.0;0.0
37;49400;INTARIAN_PEPPER_ROOT;50039;22;;;;;50053;8;;;;;50046.0;0.0
37;49500;ASH_COATED_OSMIUM;9992;11;9990;15;9989;11;10008;2;10009;25;10010;12;10000.0;0.0
37;49500;INTARIAN_PEPPER_ROOT;50042;22;50039;11;50036;15;50058;8;50060;10;50062;9;50050.0;0.0
37;49600;ASH_COATED_OSMIUM;9988;11;;;;;10004;10;;;;;9996.5;0.0
37;49600;INTARIAN_PEPPER_ROOT;50046;9;50044;8;50042;9;50057;12;50058;9;50060;20;50051.5;0.0
37;49700;ASH_COATED_OSMIUM;9993;11;9992;13;9990;22;10009;12;10012;11;10015;23;10001.5;0.0
37;49700;INTARIAN_PEPPER_ROOT;50040;9;50037;8;;;50053;12;50056;8;;;50047.0;0.0
37;49800;ASH_COATED_OSMIUM;9985;20;;;;;10001;20;;;;;9993.5;0.0
37;49800;INTARIAN_PEPPER_ROOT;50048;11;;;;;50050;8;;;;;50049.0;0.0
37;49900;ASH_COATED_OSMIUM;9987;11;9986;12;9984;11;10003;13;10005;13;10008;14;9995.0;0.0
37;49900;INTARIAN_PEPPER_ROOT;50039;10;50038;12;;;50055;12;50057;16;;;50047.0;0.0
37;50000;ASH_COATED_OSMIUM;9992;14;9990;8;;;10011;11;10012;13;;;10002.0;0.0
37;50000;INTARIAN_PEPPER_ROOT;50040;9;50039;12;;;50054;11;50057;10;;;50047.5;0.0
37;50100;ASH_COATED_OSMIUM;9990;11;9989;10;;;10006;13;10007;12;;;9998.5;0.0
37;50100;INTARIAN_PEPPER_ROOT;50045;12;;;;;50058;15;;;;;50052.0;0.0
37;50200;ASH_COATED_OSMIUM;9989;29;;;;;10005;29;;;;;9997.5;0.0
37;50200;INTARIAN_PEPPER_ROOT;50043;9;50041;12;50040;11;50057;12;50058;21;50059;21;50050.5;0.0
37;50300;ASH_COATED_OSMIUM;9983;26;9982;14;;;10002;13;10004;12;;;9992.5;0.0
37;50300;INTARIAN_PEPPER_ROOT;50044;3;;;;;50057;8;;;;;50051.0;0.0
37;50400;ASH_COATED_OSMIUM;9988;14;9986;26;9984;15;10004;10;10007;13;10008;4;9996.0;0.0
37;50400;INTARIAN_PEPPER_ROOT;50046;10;50044;11;50043;8;50058;12;50061;8;50063;10;50052.5;0.0
37;50500;ASH_COATED_OSMIUM;9989;12;9988;24;9986;30;10007;15;10009;14;10010;14;9998.5;0.0
37;50500;INTARIAN_PEPPER_ROOT;50045;12;50044;8;;;50057;10;50060;17;;;50051.5;0.0
37;50600;ASH_COATED_OSMIUM;9991;11;9990;12;;;10007;11;10009;26;;;9999.5;0.0
37;50600;INTARIAN_PEPPER_ROOT;50048;8;;;;;50059;9;;;;;50054.0;0.0
37;50700;ASH_COATED_OSMIUM;9994;12;9992;24;;;10010;15;10013;26;;;10002.5;0.0
37;50700;INTARIAN_PEPPER_ROOT;50051;10;;;;;50062;10;;;;;50057.0;0.0
37;50800;ASH_COATED_OSMIUM;9994;23;9992;15;9990;14;10010;13;10013;13;10016;10;10002.5;0.0
37;50800;INTARIAN_PEPPER_ROOT;50040;9;50039;10;50037;12;50057;9;50058;8;50060;8;50049.0;0.0
37;50900;ASH_COATED_OSMIUM;9993;12;9990;13;9987;15;10009;15;10010;11;10013;25;10001.0;0.0
37;50900;INTARIAN_PEPPER_ROOT;50042;8;50040;10;;;50055;9;50057;8;;;50049.0;0.0
37;51000;ASH_COATED_OSMIUM;9995;11;;;;;10014;27;;;;;10005.0;0.0
37;51000;INTARIAN_PEPPER_ROOT;50045;9;50044;8;50041;24;50060;8;50063;10;50064;9;50053.0;0.0
37;51100;ASH_COATED_OSMIUM;9995;10;9993;10;9992;14;10011;29;10014;20;10015;14;10003.0;0.0
37;51100;INTARIAN_PEPPER_ROOT;50048;12;50045;8;50042;16;50061;22;50062;15;50063;4;50055.0;0.0
37;51200;ASH_COATED_OSMIUM;9991;13;9988;13;;;10007;12;10008;22;;;9999.5;0.0
37;51200;INTARIAN_PEPPER_ROOT;50044;8;;;;;50059;10;;;;;50052.0;0.0
37;51300;ASH_COATED_OSMIUM;9985;27;;;;;10001;30;;;;;9993.5;0.0
37;51300;INTARIAN_PEPPER_ROOT;50043;11;50042;11;;;50056;8;50057;12;;;50050.0;0.0
37;51400;ASH_COATED_OSMIUM;9987;13;9986;12;9985;23;10005;11;10006;29;10007;14;9996.0;0.0
37;51400;INTARIAN_PEPPER_ROOT;50040;23;50039;10;50036;10;50054;11;50056;8;50059;8;50047.0;0.0
37;51500;ASH_COATED_OSMIUM;9984;14;9981;11;;;10000;14;10002;12;;;9992.5;0.0
37;51500;INTARIAN_PEPPER_ROOT;50045;12;50042;24;50040;24;50059;10;50062;10;50063;21;50052.5;0.0
37;51600;ASH_COATED_OSMIUM;9995;10;9992;12;9991;14;10011;25;10013;20;10016;10;10003.0;0.0
37;51600;INTARIAN_PEPPER_ROOT;50047;16;50046;10;50043;8;50059;11;50061;10;50063;10;50053.0;0.0
37;51700;ASH_COATED_OSMIUM;9989;14;9988;10;;;10008;14;10010;5;;;9998.5;0.0
37;51700;INTARIAN_PEPPER_ROOT;50047;12;50046;9;;;50058;9;50061;11;;;50052.5;0.0
37;51800;ASH_COATED_OSMIUM;9989;11;;;;;10007;24;;;;;9998.5;0.0
37;51800;INTARIAN_PEPPER_ROOT;50042;10;50040;8;50037;8;50059;11;50062;19;50063;11;50050.5;0.0
37;51900;ASH_COATED_OSMIUM;9993;11;9992;14;9989;24;10009;13;10012;11;10013;23;10001.5;0.0
37;51900;INTARIAN_PEPPER_ROOT;50044;9;;;;;50058;9;;;;;50051.0;0.0
37;52000;ASH_COATED_OSMIUM;9997;12;;;;;10013;11;;;;;10005.5;0.0
37;52000;INTARIAN_PEPPER_ROOT;50044;15;50041;11;;;50055;8;50058;9;;;50050.0;0.0
37;52100;ASH_COATED_OSMIUM;9999;14;9996;11;9995;13;10015;10;10017;12;10019;10;10007.5;0.0
37;52100;INTARIAN_PEPPER_ROOT;50043;11;;;;;50059;25;;;;;50051.5;0.0
37;52200;ASH_COATED_OSMIUM;9994;26;;;;;10013;10;;;;;10004.0;0.0
37;52200;INTARIAN_PEPPER_ROOT;50047;10;50044;25;50043;8;50060;12;50062;12;50064;19;50053.5;0.0
37;52300;ASH_COATED_OSMIUM;9990;13;9989;25;;;10006;13;10009;15;;;9998.0;0.0
37;52300;INTARIAN_PEPPER_ROOT;50044;10;;;;;50055;12;;;;;50049.5;0.0
37;52400;ASH_COATED_OSMIUM;9989;23;;;;;10008;24;;;;;9999.0;0.0
37;52400;INTARIAN_PEPPER_ROOT;50046;10;;;;;50059;9;;;;;50053.0;0.0
37;52500;ASH_COATED_OSMIUM;9991;3;;;;;10009;11;;;;;10000.0;0.0
37;52500;INTARIAN_PEPPER_ROOT;50043;12;50042;21;50040;12;50058;22;50059;12;50061;10;50050.5;0.0
37;52600;ASH_COATED_OSMIUM;9991;13;9989;11;;;10007;12;10009;14;;;9999.5;0.0
37;52600;INTARIAN_PEPPER_ROOT;50048;11;50046;18;;;50063;11;50064;10;;;50056.0;0.0
37;52700;ASH_COATED_OSMIUM;9985;13;9982;26;9981;11;10001;10;10004;11;10005;30;9993.0;0.0
37;52700;INTARIAN_PEPPER_ROOT;50046;8;50043;10;;;50059;12;50060;9;;;50052.5;0.0
37;52800;ASH_COATED_OSMIUM;9990;14;;;;;10006;15;;;;;9998.0;0.0
37;52800;INTARIAN_PEPPER_ROOT;50044;12;50043;8;50040;10;50056;9;50057;11;50058;8;50050.5;0.0
37;52900;ASH_COATED_OSMIUM;9994;11;;;;;10010;11;;;;;10002.5;0.0
37;52900;INTARIAN_PEPPER_ROOT;50046;21;50045;19;50043;20;50059;11;50062;11;50063;10;50053.0;0.0
37;53000;ASH_COATED_OSMIUM;10002;10;;;;;10018;15;;;;;10010.0;0.0
37;53000;INTARIAN_PEPPER_ROOT;50049;11;50046;9;;;50061;8;50062;11;;;50055.0;0.0
37;53100;ASH_COATED_OSMIUM;10000;12;9999;30;9996;13;10016;12;10019;10;10021;15;10008.0;0.0
37;53100;INTARIAN_PEPPER_ROOT;50048;16;50045;11;50044;11;50059;10;50061;10;50062;8;50054.0;0.0
37;53200;ASH_COATED_OSMIUM;9998;14;9995;13;9994;10;10017;11;10020;15;10022;12;10007.5;0.0
37;53200;INTARIAN_PEPPER_ROOT;50049;12;50047;11;50045;11;50062;9;50065;12;50067;15;50055.5;0.0
37;53300;ASH_COATED_OSMIUM;10000;13;;;;;10016;11;;;;;10008.0;0.0
37;53300;INTARIAN_PEPPER_ROOT;50041;16;50040;12;50037;12;50058;12;50059;12;50060;11;50049.5;0.0
37;53400;ASH_COATED_OSMIUM;10008;23;10007;13;10005;11;10024;11;10026;15;10028;14;10016.0;0.0
37;53400;INTARIAN_PEPPER_ROOT;50048;12;50045;9;;;50060;20;50061;10;;;50054.5;0.0
37;53500;ASH_COATED_OSMIUM;10000;13;9999;10;;;10016;14;10019;15;;;10008.5;0.0
37;53500;INTARIAN_PEPPER_ROOT;50041;4;50039;8;;;50057;17;50060;10;;;50049.5;0.0
37;53600;ASH_COATED_OSMIUM;9998;10;9996;27;;;10017;28;10018;13;;;10007.5;0.0
37;53600;INTARIAN_PEPPER_ROOT;50047;10;50045;9;;;50060;15;50061;9;;;50053.5;0.0
37;53700;ASH_COATED_OSMIUM;9993;15;9992;10;9990;30;10009;13;10012;14;10015;22;10001.0;0.0
37;53700;INTARIAN_PEPPER_ROOT;50045;11;50043;12;50041;9;50058;12;50059;10;50060;12;50052.0;0.0
37;53800;ASH_COATED_OSMIUM;9992;13;;;;;10010;14;;;;;10001.0;0.0
37;53800;INTARIAN_PEPPER_ROOT;50047;10;50044;9;;;50063;3;50066;11;;;50055.5;0.0
37;53900;ASH_COATED_OSMIUM;9991;12;9988;10;9985;25;10007;12;10009;30;10012;15;9999.0;0.0
37;53900;INTARIAN_PEPPER_ROOT;50047;10;50044;18;;;50060;12;50061;12;;;50054.0;0.0
37;54000;ASH_COATED_OSMIUM;9988;10;9986;14;;;10004;12;10007;14;;;9996.5;0.0
37;54000;INTARIAN_PEPPER_ROOT;50047;12;50044;22;;;50061;10;50064;11;;;50054.5;0.0
37;54100;ASH_COATED_OSMIUM;9997;15;9996;24;9994;13;10002;22;10003;15;10006;12;9999.5;0.0
37;54100;INTARIAN_PEPPER_ROOT;50047;10;;;;;50060;12;;;;;50054.0;0.0
37;54200;ASH_COATED_OSMIUM;9987;12;9985;15;;;10005;11;10006;12;;;9996.5;0.0
37;54200;INTARIAN_PEPPER_ROOT;50048;9;50047;10;;;50061;11;50064;11;;;50054.5;0.0
37;54300;ASH_COATED_OSMIUM;9994;11;;;;;10010;28;;;;;10002.0;0.0
37;54300;INTARIAN_PEPPER_ROOT;50042;8;50041;9;;;50058;8;50061;8;;;50050.0;0.0
37;54400;ASH_COATED_OSMIUM;9996;5;9994;14;9993;13;10015;10;10018;20;10021;25;10005.5;0.0
37;54400;INTARIAN_PEPPER_ROOT;50047;8;50046;18;;;50064;18;50067;4;;;50056.0;0.0
37;54500;ASH_COATED_OSMIUM;9992;15;9990;14;;;10008;13;10010;15;;;10000.0;0.0
37;54500;INTARIAN_PEPPER_ROOT;50050;11;50048;12;50045;17;50063;9;50064;9;50067;9;50057.0;0.0
37;54600;ASH_COATED_OSMIUM;9993;10;;;;;10012;5;;;;;10003.0;0.0
37;54600;INTARIAN_PEPPER_ROOT;50047;10;50046;9;;;50061;12;50064;11;;;50054.5;0.0
37;54700;ASH_COATED_OSMIUM;9997;11;;;;;10013;14;;;;;10005.5;0.0
37;54700;INTARIAN_PEPPER_ROOT;50048;10;50045;11;50042;10;50061;10;50063;11;50065;9;50054.5;0.0
37;54800;ASH_COATED_OSMIUM;9993;11;9991;23;;;10011;15;10012;14;;;10002.0;0.0
37;54800;INTARIAN_PEPPER_ROOT;50045;25;;;;;50058;25;;;;;50052.0;0.0
37;54900;ASH_COATED_OSMIUM;9993;11;9990;10;;;10012;11;10015;14;;;10003.0;0.0
37;54900;INTARIAN_PEPPER_ROOT;50050;20;50049;21;;;50063;18;50064;12;;;50057.0;0.0
37;55000;ASH_COATED_OSMIUM;9997;13;9995;12;9993;10;10013;11;10015;13;10016;15;10005.0;0.0
37;55000;INTARIAN_PEPPER_ROOT;50051;9;50049;12;50047;10;50064;11;50067;10;50070;18;50057.5;0.0
37;55100;ASH_COATED_OSMIUM;9994;11;;;;;10013;14;;;;;10004.0;0.0
37;55100;INTARIAN_PEPPER_ROOT;50047;12;50044;10;50043;11;50061;9;50062;11;50065;21;50054.5;0.0
37;55200;ASH_COATED_OSMIUM;10000;15;9999;11;;;10016;15;10018;15;;;10008.0;0.0
37;55200;INTARIAN_PEPPER_ROOT;50047;8;50044;9;;;50062;8;50064;10;;;50054.5;0.0
37;55300;ASH_COATED_OSMIUM;9993;20;;;;;10009;15;;;;;10001.5;0.0
37;55300;INTARIAN_PEPPER_ROOT;50048;10;50046;8;;;50062;11;50063;20;;;50055.5;0.0
37;55400;ASH_COATED_OSMIUM;9997;13;9996;14;;;10013;24;10016;11;;;10005.0;0.0
37;55400;INTARIAN_PEPPER_ROOT;50048;8;;;;;50061;12;;;;;50054.5;0.0
37;55500;ASH_COATED_OSMIUM;9992;12;9991;29;;;10008;12;10009;15;;;10000.0;0.0
37;55500;INTARIAN_PEPPER_ROOT;50046;11;50044;12;50042;10;50060;9;50062;8;50065;11;50053.0;0.0
37;55600;ASH_COATED_OSMIUM;9996;11;9995;13;;;10012;27;10014;10;;;10004.0;0.0
37;55600;INTARIAN_PEPPER_ROOT;50050;18;50047;11;50044;12;50064;9;50066;10;50067;12;50057.5;0.0
37;55700;ASH_COATED_OSMIUM;10002;11;9999;10;;;10018;11;10019;11;;;10010.0;0.0
37;55700;INTARIAN_PEPPER_ROOT;50047;9;50044;18;;;50061;8;50063;8;;;50054.5;0.0
37;55800;ASH_COATED_OSMIUM;10001;12;9998;27;;;10017;12;10019;11;;;10009.0;0.0
37;55800;INTARIAN_PEPPER_ROOT;50051;11;50048;10;50047;15;50068;12;50069;9;50071;8;50059.5;0.0
37;55900;ASH_COATED_OSMIUM;9993;14;9990;14;9988;22;10012;22;10013;26;10015;13;10003.0;0.0
37;55900;INTARIAN_PEPPER_ROOT;50051;12;;;;;50063;8;;;;;50057.0;0.0
37;56000;ASH_COATED_OSMIUM;9991;12;;;;;10009;10;;;;;10000.0;0.0
37;56000;INTARIAN_PEPPER_ROOT;50051;12;50049;9;;;50062;12;50065;10;;;50057.0;0.0
37;56100;ASH_COATED_OSMIUM;9992;14;;;;;10008;14;;;;;10000.0;0.0
37;56100;INTARIAN_PEPPER_ROOT;50052;8;;;;;50064;11;;;;;50058.0;0.0
37;56200;ASH_COATED_OSMIUM;9996;10;9995;27;;;10015;11;10017;15;;;10006.0;0.0
37;56200;INTARIAN_PEPPER_ROOT;50051;25;50049;9;;;50065;9;50068;8;;;50058.0;0.0
37;56300;ASH_COATED_OSMIUM;9998;10;9995;11;;;10014;13;10016;13;;;10006.0;0.0
37;56300;INTARIAN_PEPPER_ROOT;50051;25;50049;12;;;50067;24;50070;11;;;50059.5;0.0
37;56400;ASH_COATED_OSMIUM;9994;12;9993;14;;;10010;12;10011;30;;;10002.0;0.0
37;56400;INTARIAN_PEPPER_ROOT;50051;16;50048;11;50046;9;50063;10;50064;11;50067;10;50057.5;0.0
37;56500;ASH_COATED_OSMIUM;9985;27;9984;11;9982;13;10003;10;10004;24;10007;14;9994.5;0.0
37;56500;INTARIAN_PEPPER_ROOT;50049;10;50046;11;;;50061;8;50062;9;;;50055.5;0.0
37;56600;ASH_COATED_OSMIUM;9993;13;9991;4;9989;10;10012;12;10014;12;10017;10;10002.5;0.0
37;56600;INTARIAN_PEPPER_ROOT;50053;20;;;;;50063;9;;;;;50058.0;0.0
37;56700;ASH_COATED_OSMIUM;9998;13;;;;;10014;15;;;;;10006.0;0.0
37;56700;INTARIAN_PEPPER_ROOT;50052;12;50050;12;50049;9;50060;9;50062;12;50064;21;50056.0;0.0
37;56800;ASH_COATED_OSMIUM;9995;28;;;;;10011;12;;;;;10003.5;0.0
37;56800;INTARIAN_PEPPER_ROOT;50048;8;50047;11;;;50063;10;50064;9;;;50055.5;0.0
37;56900;ASH_COATED_OSMIUM;9997;14;9995;12;9994;3;10013;11;10016;14;10017;15;10005.0;0.0
37;56900;INTARIAN_PEPPER_ROOT;50051;20;50049;10;;;50065;12;50067;10;;;50058.5;0.0
37;57000;ASH_COATED_OSMIUM;9996;12;9993;12;;;10012;13;10013;15;;;10004.0;0.0
37;57000;INTARIAN_PEPPER_ROOT;50048;11;50046;16;50043;10;50062;8;50064;8;50066;10;50055.5;0.0
37;57100;ASH_COATED_OSMIUM;9996;10;9995;11;;;10012;11;10014;15;;;10004.0;0.0
37;57100;INTARIAN_PEPPER_ROOT;50050;11;50047;12;;;50064;12;50066;16;;;50057.5;0.0
37;57200;ASH_COATED_OSMIUM;9996;10;;;;;10012;13;;;;;10004.0;0.0
37;57200;INTARIAN_PEPPER_ROOT;50050;21;50048;8;;;50062;24;50065;19;;;50056.0;0.0
37;57300;ASH_COATED_OSMIUM;9991;14;9989;15;;;10010;14;10011;12;;;10000.5;0.0
37;57300;INTARIAN_PEPPER_ROOT;50049;10;;;;;50066;8;;;;;50058.0;0.0
37;57400;ASH_COATED_OSMIUM;9988;14;9985;10;;;10004;28;10005;10;;;9996.0;0.0
37;57400;INTARIAN_PEPPER_ROOT;50049;17;;;;;50062;12;;;;;50055.5;0.0
37;57500;ASH_COATED_OSMIUM;9988;14;;;;;10004;14;;;;;9996.5;0.0
37;57500;INTARIAN_PEPPER_ROOT;50053;12;50051;25;50049;12;50065;11;50068;10;50071;9;50059.5;0.0
37;57600;ASH_COATED_OSMIUM;9987;12;9984;13;;;10003;12;10005;12;;;9995.5;0.0
37;57600;INTARIAN_PEPPER_ROOT;50051;11;;;;;50068;10;;;;;50059.5;0.0
37;57700;ASH_COATED_OSMIUM;9988;12;9985;11;9982;14;10007;11;10008;4;10009;12;9998.0;0.0
37;57700;INTARIAN_PEPPER_ROOT;50054;20;;;;;50063;8;;;;;50059.0;0.0
37;57800;ASH_COATED_OSMIUM;9989;10;9987;26;;;10005;26;10007;10;;;9997.5;0.0
37;57800;INTARIAN_PEPPER_ROOT;50053;8;;;;;50067;8;;;;;50060.0;0.0
37;57900;ASH_COATED_OSMIUM;9992;10;;;;;10008;12;;;;;10000.5;0.0
37;57900;INTARIAN_PEPPER_ROOT;50054;5;50053;9;50052;9;50067;8;50068;9;50070;10;50061.0;0.0
37;58000;ASH_COATED_OSMIUM;9993;4;;;;;10004;28;;;;;9998.5;0.0
37;58000;INTARIAN_PEPPER_ROOT;50051;9;50050;10;50048;12;50065;12;50066;10;50067;11;50058.5;0.0
37;58100;ASH_COATED_OSMIUM;9996;10;9993;15;;;10015;14;10016;11;;;10006.0;0.0
37;58100;INTARIAN_PEPPER_ROOT;50051;12;;;;;50065;11;;;;;50058.5;0.0
37;58200;ASH_COATED_OSMIUM;9994;25;;;;;10012;10;;;;;10003.0;0.0
37;58200;INTARIAN_PEPPER_ROOT;50056;10;50055;10;;;50058;9;50059;11;;;50057.0;0.0
37;58300;ASH_COATED_OSMIUM;9994;8;9991;15;9990;15;10010;10;10013;26;10015;11;10002.5;0.0
37;58300;INTARIAN_PEPPER_ROOT;50053;8;50050;9;;;50065;9;50068;9;;;50059.5;0.0
37;58400;ASH_COATED_OSMIUM;9993;26;9991;4;;;10009;10;10011;27;;;10001.5;0.0
37;58400;INTARIAN_PEPPER_ROOT;50048;11;50045;10;50044;8;50064;10;50066;18;50067;12;50056.0;0.0
37;58500;ASH_COATED_OSMIUM;9995;20;;;;;10011;25;;;;;10003.5;0.0
37;58500;INTARIAN_PEPPER_ROOT;50052;23;50050;10;;;50064;11;50067;12;;;50058.5;0.0
37;58600;ASH_COATED_OSMIUM;9989;14;9987;15;;;10005;15;10008;12;;;9997.0;0.0
37;58600;INTARIAN_PEPPER_ROOT;50051;11;50048;9;;;50065;12;50067;15;;;50058.5;0.0
37;58700;ASH_COATED_OSMIUM;9985;12;9983;11;;;10004;10;10005;15;;;9995.0;0.0
37;58700;INTARIAN_PEPPER_ROOT;50057;12;;;;;50069;9;;;;;50063.0;0.0
37;58800;ASH_COATED_OSMIUM;9986;23;9985;12;9982;28;10002;10;10003;10;10005;11;9994.0;0.0
37;58800;INTARIAN_PEPPER_ROOT;50051;11;;;;;50065;11;;;;;50058.5;0.0
37;58900;ASH_COATED_OSMIUM;9981;12;9980;22;;;10002;15;10003;13;;;9992.0;0.0
37;58900;INTARIAN_PEPPER_ROOT;50050;21;50049;9;;;50064;11;50065;12;;;50057.0;0.0
37;59000;ASH_COATED_OSMIUM;9990;10;9988;10;9986;15;10006;10;10008;23;10009;27;9998.5;0.0
37;59000;INTARIAN_PEPPER_ROOT;50050;8;;;;;50062;22;;;;;50056.5;0.0
37;59100;ASH_COATED_OSMIUM;9990;11;;;;;10008;11;;;;;9999.0;0.0
37;59100;INTARIAN_PEPPER_ROOT;50049;9;50046;8;50044;10;50061;8;50064;24;50067;10;50055.5;0.0
37;59200;ASH_COATED_OSMIUM;9998;14;9995;23;9993;14;10014;12;10015;12;10017;14;10006.0;0.0
37;59200;INTARIAN_PEPPER_ROOT;50052;23;;;;;50065;25;;;;;50058.5;0.0
37;59300;ASH_COATED_OSMIUM;10001;13;;;;;10017;14;;;;;10009.0;0.0
37;59300;INTARIAN_PEPPER_ROOT;50051;9;;;;;50064;10;;;;;50058.0;0.0
37;59400;ASH_COATED_OSMIUM;9997;10;9994;13;;;10015;15;10018;12;;;10006.0;0.0
37;59400;INTARIAN_PEPPER_ROOT;50057;10;50055;9;50054;20;50060;10;50063;11;50065;10;50059.0;0.0
37;59500;ASH_COATED_OSMIUM;9997;10;9994;13;9991;13;10013;29;10014;15;10016;14;10005.5;0.0
37;59500;INTARIAN_PEPPER_ROOT;50059;9;;;;;50062;23;;;;;50060.5;0.0
37;59600;ASH_COATED_OSMIUM;9996;15;9995;12;;;10012;14;10013;12;;;10004.5;0.0
37;59600;INTARIAN_PEPPER_ROOT;50049;9;50047;8;;;50065;10;50067;17;;;50057.0;0.0
37;59700;ASH_COATED_OSMIUM;9998;15;;;;;10014;24;;;;;10006.0;0.0
37;59700;INTARIAN_PEPPER_ROOT;50052;8;;;;;50065;11;;;;;50058.5;0.0
37;59800;ASH_COATED_OSMIUM;9989;11;9988;10;9986;24;10008;13;10011;24;10013;11;9999.0;0.0
37;59800;INTARIAN_PEPPER_ROOT;50058;8;50055;9;50052;9;50065;10;50067;12;50068;10;50061.5;0.0
37;59900;ASH_COATED_OSMIUM;9994;13;9993;15;;;10010;2;10013;12;;;10002.5;0.0
37;59900;INTARIAN_PEPPER_ROOT;50053;8;50052;12;50050;21;50065;24;50068;12;50070;8;50059.0;0.0
37;60000;ASH_COATED_OSMIUM;9992;10;9991;14;;;10008;11;10011;13;;;10000.5;0.0
37;60000;INTARIAN_PEPPER_ROOT;50058;8;50056;10;50055;10;50063;11;50064;10;50066;19;50061.0;0.0
37;60100;ASH_COATED_OSMIUM;9989;10;;;;;10005;13;;;;;9997.5;0.0
37;60100;INTARIAN_PEPPER_ROOT;50053;10;;;;;50065;12;;;;;50059.0;0.0
37;60200;ASH_COATED_OSMIUM;9993;14;;;;;10011;12;;;;;10002.0;0.0
37;60200;INTARIAN_PEPPER_ROOT;50053;8;50052;18;50051;10;50066;8;50068;17;50071;24;50059.5;0.0
37;60300;ASH_COATED_OSMIUM;9988;12;9985;10;9984;10;10004;12;10005;14;10007;10;9996.5;0.0
37;60300;INTARIAN_PEPPER_ROOT;50057;11;;;;;50068;8;;;;;50062.5;0.0
37;60400;ASH_COATED_OSMIUM;9987;27;9986;15;;;10003;30;10006;13;;;9995.5;0.0
37;60400;INTARIAN_PEPPER_ROOT;50054;10;;;;;50070;8;;;;;50062.5;0.0
37;60500;ASH_COATED_OSMIUM;9990;11;;;;;10006;14;;;;;9998.0;0.0
37;60500;INTARIAN_PEPPER_ROOT;50054;9;;;;;50069;10;;;;;50061.5;0.0
37;60600;ASH_COATED_OSMIUM;9987;10;;;;;9997;13;;;;;9992.5;0.0
37;60600;INTARIAN_PEPPER_ROOT;50055;11;50052;23;;;50066;17;50069;24;;;50061.0;0.0
37;60700;ASH_COATED_OSMIUM;9986;27;9983;12;;;10004;11;10007;10;;;9995.0;0.0
37;60700;INTARIAN_PEPPER_ROOT;50053;9;50051;24;50050;12;50069;8;50071;9;50073;11;50061.0;0.0
37;60800;ASH_COATED_OSMIUM;9979;14;9976;10;;;9997;20;9998;14;;;9988.5;0.0
37;60800;INTARIAN_PEPPER_ROOT;50054;10;;;;;50066;9;;;;;50060.5;0.0
37;60900;ASH_COATED_OSMIUM;9980;15;;;;;9996;15;;;;;9988.5;0.0
37;60900;INTARIAN_PEPPER_ROOT;50058;12;;;;;50074;8;;;;;50066.0;0.0
37;61000;ASH_COATED_OSMIUM;9984;21;;;;;10000;14;;;;;9992.5;0.0
37;61000;INTARIAN_PEPPER_ROOT;50050;24;;;;;50064;10;;;;;50057.0;0.0
37;61100;ASH_COATED_OSMIUM;9985;14;9983;15;9982;20;10001;14;10003;10;10004;12;9993.5;0.0
37;61100;INTARIAN_PEPPER_ROOT;50052;8;50050;4;;;50064;11;50066;12;;;50058.5;0.0
37;61200;ASH_COATED_OSMIUM;9984;5;;;;;10000;14;;;;;9992.5;0.0
37;61200;INTARIAN_PEPPER_ROOT;50055;9;50054;25;;;50068;8;50071;11;;;50061.5;0.0
37;61300;ASH_COATED_OSMIUM;9987;11;;;;;10003;11;;;;;9995.5;0.0
37;61300;INTARIAN_PEPPER_ROOT;50054;17;;;;;50067;9;;;;;50061.0;0.0
37;61400;ASH_COATED_OSMIUM;9987;14;9984;13;;;10003;15;10005;10;;;9995.0;0.0
37;61400;INTARIAN_PEPPER_ROOT;50063;9;50062;11;;;50079;7;50082;9;;;50071.5;0.0
37;61500;ASH_COATED_OSMIUM;9991;15;;;;;10007;29;;;;;9999.5;0.0
37;61500;INTARIAN_PEPPER_ROOT;50051;9;50049;12;50047;10;50065;8;50068;20;50069;9;50058.5;0.0
37;61600;ASH_COATED_OSMIUM;9986;15;9985;20;9983;10;10002;15;10005;20;10007;26;9994.0;0.0
37;61600;INTARIAN_PEPPER_ROOT;50054;12;;;;;50066;12;;;;;50060.5;0.0
37;61700;ASH_COATED_OSMIUM;9985;11;9982;11;;;10001;13;10004;10;;;9993.5;0.0
37;61700;INTARIAN_PEPPER_ROOT;50057;11;50056;11;50054;19;50068;9;50070;8;50071;10;50063.0;0.0
37;61800;ASH_COATED_OSMIUM;9976;11;9975;26;;;9992;22;9994;13;;;9984.0;0.0
37;61800;INTARIAN_PEPPER_ROOT;50052;24;50050;15;;;50069;9;50072;12;;;50060.5;0.0
37;61900;ASH_COATED_OSMIUM;9983;10;9982;4;;;9999;12;10002;22;;;9991.0;0.0
37;61900;INTARIAN_PEPPER_ROOT;50056;9;50053;10;50050;9;50069;10;50072;8;50073;22;50062.5;0.0
37;62000;ASH_COATED_OSMIUM;9985;10;9982;14;;;9993;24;9996;27;;;9989.5;0.0
37;62000;INTARIAN_PEPPER_ROOT;50053;20;50050;12;50047;10;50066;23;50068;11;50070;12;50060.0;0.0
37;62100;ASH_COATED_OSMIUM;9988;22;9985;10;9982;10;10004;13;10006;12;10008;11;9996.5;0.0
37;62100;INTARIAN_PEPPER_ROOT;50058;8;50055;20;;;50073;8;50075;8;;;50065.5;0.0
37;62200;ASH_COATED_OSMIUM;9989;15;9986;12;9984;13;10007;12;10010;26;10013;25;9998.5;0.0
37;62200;INTARIAN_PEPPER_ROOT;50059;10;50058;11;;;50070;9;50071;9;;;50065.0;0.0
37;62300;ASH_COATED_OSMIUM;9991;13;;;;;10007;14;;;;;9999.0;0.0
37;62300;INTARIAN_PEPPER_ROOT;50058;12;50055;12;;;50071;23;50074;15;;;50064.5;0.0
37;62400;ASH_COATED_OSMIUM;9989;15;;;;;10005;14;;;;;9997.0;0.0
37;62400;INTARIAN_PEPPER_ROOT;50058;11;50055;18;;;50071;11;50073;9;;;50064.5;0.0
37;62500;ASH_COATED_OSMIUM;9990;10;9988;11;;;10006;15;10008;13;;;9998.0;0.0
37;62500;INTARIAN_PEPPER_ROOT;50056;11;;;;;50069;11;;;;;50062.5;0.0
37;62600;ASH_COATED_OSMIUM;9995;10;9992;12;;;10004;12;10007;12;;;10000.0;0.0
37;62600;INTARIAN_PEPPER_ROOT;50056;10;50055;11;50053;15;50071;15;50073;12;50074;11;50063.5;0.0
37;62700;ASH_COATED_OSMIUM;9990;14;;;;;10006;13;;;;;9998.0;0.0
37;62700;INTARIAN_PEPPER_ROOT;50056;11;;;;;50070;11;;;;;50063.0;0.0
37;62800;ASH_COATED_OSMIUM;9991;13;;;;;10004;15;;;;;9998.0;0.0
37;62800;INTARIAN_PEPPER_ROOT;50056;11;50053;12;50050;12;50069;11;50072;23;50073;9;50062.5;0.0
37;62900;ASH_COATED_OSMIUM;9992;10;9989;14;;;10008;11;10009;14;;;10000.5;0.0
37;62900;INTARIAN_PEPPER_ROOT;50060;11;;;;;50074;10;;;;;50067.5;0.0
37;63000;ASH_COATED_OSMIUM;9999;13;9998;28;9995;14;10015;14;10018;11;10021;14;10007.0;0.0
37;63000;INTARIAN_PEPPER_ROOT;50059;9;50057;10;50056;20;50071;12;50072;24;50075;9;50065.5;0.0
37;63100;ASH_COATED_OSMIUM;9998;14;9995;15;;;10014;10;10017;24;;;10006.5;0.0
37;63100;INTARIAN_PEPPER_ROOT;50055;20;;;;;50067;11;;;;;50061.0;0.0
37;63200;ASH_COATED_OSMIUM;9999;15;;;;;10010;15;;;;;10004.5;0.0
37;63200;INTARIAN_PEPPER_ROOT;50057;10;50054;9;;;50070;22;50072;7;;;50063.5;0.0
37;63300;ASH_COATED_OSMIUM;9994;15;;;;;10010;20;;;;;10002.0;0.0
37;63300;INTARIAN_PEPPER_ROOT;50056;11;50054;10;50052;23;50068;8;50069;9;50072;8;50062.5;0.0
37;63400;ASH_COATED_OSMIUM;9991;11;9990;11;;;10009;12;10011;13;;;10000.5;0.0
37;63400;INTARIAN_PEPPER_ROOT;50057;15;50054;8;50051;10;50074;15;50075;20;50076;8;50065.5;0.0
37;63500;ASH_COATED_OSMIUM;9992;23;;;;;10008;15;;;;;10000.0;0.0
37;63500;INTARIAN_PEPPER_ROOT;50056;9;;;;;50072;11;;;;;50064.0;0.0
37;63600;ASH_COATED_OSMIUM;9991;27;9989;12;;;10007;11;10010;12;;;9999.0;0.0
37;63600;INTARIAN_PEPPER_ROOT;50055;9;;;;;50075;12;;;;;50065.0;0.0
37;63700;ASH_COATED_OSMIUM;9994;10;;;;;10015;15;;;;;10005.0;0.0
37;63700;INTARIAN_PEPPER_ROOT;50056;9;50055;10;;;50069;11;50072;11;;;50063.0;0.0
37;63800;ASH_COATED_OSMIUM;9988;14;;;;;10004;14;;;;;9996.5;0.0
37;63800;INTARIAN_PEPPER_ROOT;50053;11;;;;;50070;9;;;;;50061.5;0.0
37;63900;ASH_COATED_OSMIUM;9986;13;9985;12;;;10002;3;10005;6;;;9994.0;0.0
37;63900;INTARIAN_PEPPER_ROOT;50058;10;50057;10;;;50072;11;50075;12;;;50065.0;0.0
37;64000;ASH_COATED_OSMIUM;9982;12;9980;10;9977;15;9998;10;10000;11;10003;12;9990.5;0.0
37;64000;INTARIAN_PEPPER_ROOT;50057;25;50054;24;50051;12;50069;11;50070;10;50072;11;50063.5;0.0
37;64100;ASH_COATED_OSMIUM;9988;12;9985;14;9984;13;10004;21;10007;15;10010;15;9996.5;0.0
