day;timestamp;product;bid_price_1;bid_volume_1;bid_price_2;bid_volume_2;bid_price_3;bid_volume_3;ask_price_1;ask_volume_1;ask_price_2;ask_volume_2;ask_price_3;ask_volume_3;mid_price;profit_and_loss
16;0;ASH_COATED_OSMIUM;9997;11;9996;22;;;10013;10;10016;10;;;10005.0;0.0
16;0;INTARIAN_PEPPER_ROOT;28992;9;28991;12;;;29006;10;29009;10;;;28999.5;0.0
16;100;ASH_COATED_OSMIUM;9997;10;;;;;10013;28;;;;;10005.0;0.0
16;100;INTARIAN_PEPPER_ROOT;28995;10;28994;7;;;29009;11;29012;12;;;29002.0;0.0
16;200;ASH_COATED_OSMIUM;9995;11;9994;12;9991;14;10014;12;10016;15;10018;15;10005.0;0.0
16;200;INTARIAN_PEPPER_ROOT;28994;11;;;;;29005;9;;;;;28999.5;0.0
16;300;ASH_COATED_OSMIUM;9997;15;9994;24;;;10013;13;10016;11;;;10005.0;0.0
16;300;INTARIAN_PEPPER_ROOT;28991;9;;;;;29003;8;;;;;28997.5;0.0
16;400;ASH_COATED_OSMIUM;9992;15;;;;;10008;12;;;;;10000.0;0.0
16;400;INTARIAN_PEPPER_ROOT;28992;9;28991;9;28989;8;29011;22;29012;15;29013;10;29001.5;0.0
16;500;ASH_COATED_OSMIUM;9996;12;9995;11;;;10014;25;10017;10;;;10005.0;0.0
16;500;INTARIAN_PEPPER_ROOT;28998;18;;;;;29010;9;;;;;29004.0;0.0
16;600;ASH_COATED_OSMIUM;9997;11;9995;10;9993;23;10013;13;10016;29;10017;14;10005.5;0.0
16;600;INTARIAN_PEPPER_ROOT;28994;9;28993;8;28990;7;29008;11;29011;10;29014;12;29001.0;0.0
16;700;ASH_COATED_OSMIUM;9997;21;9994;13;9993;13;10013;15;10016;14;10018;23;10005.5;0.0
16;700;INTARIAN_PEPPER_ROOT;28996;12;;;;;29005;8;;;;;29001.0;0.0
16;800;ASH_COATED_OSMIUM;9992;25;9989;12;;;10008;14;10010;13;;;10000.0;0.0
16;800;INTARIAN_PEPPER_ROOT;28994;9;;;;;29007;10;;;;;29001.0;0.0
16;900;ASH_COATED_OSMIUM;9992;26;9990;12;9987;2;10008;11;10010;10;10013;13;10000.0;0.0
16;900;INTARIAN_PEPPER_ROOT;28959;10;28958;17;;;28973;24;28975;10;;;28966.5;0.0
16;1000;ASH_COATED_OSMIUM;9997;27;;;;;10013;4;;;;;10005.0;0.0
16;1000;INTARIAN_PEPPER_ROOT;28993;10;28990;11;;;29006;9;29007;9;;;28999.5;0.0
16;1100;ASH_COATED_OSMIUM;9992;11;9989;10;;;10008;12;10009;15;;;10000.0;0.0
16;1100;INTARIAN_PEPPER_ROOT;28995;10;28994;20;;;29010;25;29011;12;;;29003.0;0.0
16;1200;ASH_COATED_OSMIUM;9992;11;;;;;10008;10;;;;;10000.5;0.0
16;1200;INTARIAN_PEPPER_ROOT;28994;12;;;;;29007;25;;;;;29000.5;0.0
16;1300;ASH_COATED_OSMIUM;9997;3;9994;27;;;10013;15;10016;10;;;10005.0;0.0
16;1300;INTARIAN_PEPPER_ROOT;28991;10;28990;10;28987;8;29004;8;29005;10;29008;9;28997.5;0.0
16;1400;ASH_COATED_OSMIUM;9992;11;;;;;10008;13;;;;;10000.0;0.0
16;1400;INTARIAN_PEPPER_ROOT;28992;11;;;;;29007;25;;;;;28999.5;0.0
16;1500;ASH_COATED_OSMIUM;9995;11;9994;14;;;10014;8;10017;15;;;10005.0;0.0
16;1500;INTARIAN_PEPPER_ROOT;28993;10;28992;12;28991;11;29008;7;29010;12;29013;12;29000.5;0.0
16;1600;ASH_COATED_OSMIUM;9996;26;9993;23;9991;15;10014;10;10016;11;10019;15;10005.0;0.0
16;1600;INTARIAN_PEPPER_ROOT;28994;10;28992;10;;;29005;10;29006;10;;;29000.0;0.0
16;1700;ASH_COATED_OSMIUM;9992;11;9991;12;;;10008;11;10009;13;;;10000.0;0.0
16;1700;INTARIAN_PEPPER_ROOT;28994;11;28993;11;;;29006;12;29008;10;;;29000.0;0.0
16;1800;ASH_COATED_OSMIUM;9991;10;;;;;10007;15;;;;;9999.0;0.0
16;1800;INTARIAN_PEPPER_ROOT;28995;9;28992;10;;;29009;11;29011;9;;;29002.0;0.0
16;1900;ASH_COATED_OSMIUM;9996;12;9993;15;;;10012;11;10015;13;;;10004.5;0.0
16;1900;INTARIAN_PEPPER_ROOT;28995;11;;;;;29010;8;;;;;29002.5;0.0
16;2000;ASH_COATED_OSMIUM;9997;15;9995;14;9992;12;10013;15;10016;10;10019;11;10005.0;0.0
16;2000;INTARIAN_PEPPER_ROOT;28994;8;28991;23;28988;20;29006;12;29008;16;29010;8;29000.5;0.0
16;2100;ASH_COATED_OSMIUM;9996;13;;;;;10012;25;;;;;10004.5;0.0
16;2100;INTARIAN_PEPPER_ROOT;28999;11;28998;9;28997;9;29011;8;29013;9;29016;25;29005.5;0.0
16;2200;ASH_COATED_OSMIUM;9992;13;9990;12;;;10008;12;10010;14;;;10000.0;0.0
16;2200;INTARIAN_PEPPER_ROOT;28995;23;28993;8;;;29011;8;29014;11;;;29003.0;0.0
16;2300;ASH_COATED_OSMIUM;9997;14;9995;10;9994;12;10013;11;10015;10;10018;10;10005.5;0.0
16;2300;INTARIAN_PEPPER_ROOT;28992;12;28991;9;28988;10;29007;8;29008;16;29009;12;28999.5;0.0
16;2400;ASH_COATED_OSMIUM;9989;14;9988;4;;;10008;13;10010;24;;;9999.0;0.0
16;2400;INTARIAN_PEPPER_ROOT;28994;11;28991;12;28988;9;29007;12;29009;23;29010;11;29001.0;0.0
16;2500;ASH_COATED_OSMIUM;9996;10;9993;5;;;10012;12;10013;11;;;10004.5;0.0
16;2500;INTARIAN_PEPPER_ROOT;28991;21;28988;7;28986;24;29007;12;29009;22;29012;11;28999.5;0.0
16;2600;ASH_COATED_OSMIUM;9996;11;;;;;10012;13;;;;;10004.5;0.0
16;2600;INTARIAN_PEPPER_ROOT;28996;9;28993;22;28990;15;29008;11;29011;8;29013;8;29002.5;0.0
16;2700;ASH_COATED_OSMIUM;9991;12;;;;;10009;15;;;;;10000.0;0.0
16;2700;INTARIAN_PEPPER_ROOT;28994;18;28991;8;28989;12;29011;18;29014;8;29015;9;29002.5;0.0
16;2800;ASH_COATED_OSMIUM;9992;14;9990;13;;;10008;15;10009;15;;;10000.5;0.0
16;2800;INTARIAN_PEPPER_ROOT;28994;8;28991;8;;;29007;10;29010;12;;;29001.0;0.0
16;2900;ASH_COATED_OSMIUM;9996;15;;;;;10015;14;;;;;10005.5;0.0
16;2900;INTARIAN_PEPPER_ROOT;28996;17;28993;9;;;29010;5;29011;15;;;29003.5;0.0
16;3000;ASH_COATED_OSMIUM;10001;12;9999;15;;;10011;14;10013;11;;;10006.5;0.0
16;3000;INTARIAN_PEPPER_ROOT;28995;7;28993;10;28991;10;29008;9;29011;23;29013;12;29001.5;0.0
16;3100;ASH_COATED_OSMIUM;9998;12;9996;11;;;10014;11;10017;24;;;10006.5;0.0
16;3100;INTARIAN_PEPPER_ROOT;28996;8;;;;;29009;24;;;;;29002.5;0.0
16;3200;ASH_COATED_OSMIUM;9993;22;9991;13;9989;11;10009;14;10012;13;10015;14;10001.5;0.0
16;3200;INTARIAN_PEPPER_ROOT;28999;12;;;;;29011;10;;;;;29005.0;0.0
16;3300;ASH_COATED_OSMIUM;9998;15;9995;14;;;10017;15;10019;15;;;10007.5;0.0
16;3300;INTARIAN_PEPPER_ROOT;28995;24;28992;12;28991;18;29010;8;29013;10;29015;11;29003.0;0.0
16;3400;ASH_COATED_OSMIUM;9999;24;9997;4;;;10015;14;10017;4;;;10007.0;0.0
16;3400;INTARIAN_PEPPER_ROOT;28999;9;;;;;29004;8;;;;;29001.5;0.0
16;3500;ASH_COATED_OSMIUM;9999;21;9997;26;9995;10;10015;15;10018;12;10021;11;10007.5;0.0
16;3500;INTARIAN_PEPPER_ROOT;28995;8;28992;15;28990;12;29007;19;29010;10;29013;8;29001.0;0.0
16;3600;ASH_COATED_OSMIUM;9993;10;;;;;10011;12;;;;;10002.5;0.0
16;3600;INTARIAN_PEPPER_ROOT;28999;11;28997;22;28995;11;29011;9;29013;12;29015;11;29005.5;0.0
16;3700;ASH_COATED_OSMIUM;10003;14;10001;14;;;10014;15;10017;2;;;10008.5;0.0
16;3700;INTARIAN_PEPPER_ROOT;28996;11;28993;11;;;29011;24;29012;10;;;29003.5;0.0
16;3800;ASH_COATED_OSMIUM;10005;13;10002;15;;;10012;13;10015;25;;;10009.0;0.0
16;3800;INTARIAN_PEPPER_ROOT;29000;11;28997;12;28994;19;29012;9;29014;8;29016;9;29006.5;0.0
16;3900;ASH_COATED_OSMIUM;9998;24;9997;13;9996;12;10008;27;10009;15;10012;4;10003.5;0.0
16;3900;INTARIAN_PEPPER_ROOT;28998;9;28997;8;;;29014;12;29015;24;;;29006.5;0.0
16;4000;ASH_COATED_OSMIUM;9995;2;9992;13;9991;14;10011;21;10013;6;10014;12;10003.5;0.0
16;4000;INTARIAN_PEPPER_ROOT;28997;12;;;;;29009;8;;;;;29003.5;0.0
16;4100;ASH_COATED_OSMIUM;9999;15;9996;25;9993;15;10020;13;10023;10;10026;26;10009.5;0.0
16;4100;INTARIAN_PEPPER_ROOT;28996;11;28993;10;;;29008;9;29010;12;;;29002.5;0.0
16;4200;ASH_COATED_OSMIUM;9996;20;9995;9;9994;14;10012;12;10015;15;10018;13;10004.5;0.0
16;4200;INTARIAN_PEPPER_ROOT;28999;11;28996;9;;;29011;9;29013;12;;;29005.0;0.0
16;4300;ASH_COATED_OSMIUM;10000;12;9997;14;9996;14;10018;14;10021;15;10022;10;10009.5;0.0
16;4300;INTARIAN_PEPPER_ROOT;28996;9;28995;10;28994;10;29013;8;29014;25;29017;21;29004.5;0.0
16;4400;ASH_COATED_OSMIUM;9997;14;9994;11;9991;10;10013;25;10016;12;10019;30;10005.0;0.0
16;4400;INTARIAN_PEPPER_ROOT;28996;12;28994;8;;;29008;19;29011;17;;;29002.5;0.0
16;4500;ASH_COATED_OSMIUM;10000;12;;;;;10010;12;;;;;10005.0;0.0
16;4500;INTARIAN_PEPPER_ROOT;28998;9;;;;;29010;11;;;;;29004.5;0.0
16;4600;ASH_COATED_OSMIUM;9998;15;9995;15;9992;26;10014;12;10016;23;10018;13;10006.0;0.0
16;4600;INTARIAN_PEPPER_ROOT;28998;10;28995;9;28994;12;29013;11;29014;9;29016;10;29006.0;0.0
16;4700;ASH_COATED_OSMIUM;10003;10;;;;;10019;23;;;;;10011.5;0.0
16;4700;INTARIAN_PEPPER_ROOT;29002;8;28999;9;;;29015;12;29016;11;;;29008.5;0.0
16;4800;ASH_COATED_OSMIUM;9995;22;9994;21;;;10016;11;10018;13;;;10006.0;0.0
16;4800;INTARIAN_PEPPER_ROOT;29000;12;28999;24;;;29012;9;29013;10;;;29006.5;0.0
16;4900;ASH_COATED_OSMIUM;9998;10;9995;10;;;10014;13;10015;10;;;10006.5;0.0
16;4900;INTARIAN_PEPPER_ROOT;29000;8;28999;9;;;29002;12;29004;8;;;29001.0;0.0
16;5000;ASH_COATED_OSMIUM;9998;15;9997;13;9995;10;10016;11;10019;15;10021;11;10007.0;0.0
16;5000;INTARIAN_PEPPER_ROOT;28996;9;28994;12;28992;18;29011;15;29012;8;29015;11;29004.0;0.0
16;5100;ASH_COATED_OSMIUM;10007;10;10005;15;;;10017;13;10020;12;;;10012.0;0.0
16;5100;INTARIAN_PEPPER_ROOT;29002;12;29001;11;;;29014;10;29016;12;;;29008.0;0.0
16;5200;ASH_COATED_OSMIUM;10009;12;;;;;10014;13;;;;;10012.0;0.0
16;5200;INTARIAN_PEPPER_ROOT;29001;10;;;;;29012;9;;;;;29007.0;0.0
16;5300;ASH_COATED_OSMIUM;9999;15;9996;11;;;10015;5;10016;13;;;10007.5;0.0
16;5300;INTARIAN_PEPPER_ROOT;28997;10;28994;10;;;29010;8;29011;25;;;29003.5;0.0
16;5400;ASH_COATED_OSMIUM;10004;29;10002;12;;;10020;15;10023;12;;;10012.5;0.0
16;5400;INTARIAN_PEPPER_ROOT;29000;8;28998;12;;;29008;11;29009;12;;;29004.0;0.0
16;5500;ASH_COATED_OSMIUM;9999;27;9996;13;9994;13;10015;14;10017;11;10020;13;10007.5;0.0
16;5500;INTARIAN_PEPPER_ROOT;28994;8;28993;8;;;29007;9;29008;11;;;29000.5;0.0
16;5600;ASH_COATED_OSMIUM;10003;12;;;;;10021;10;;;;;10012.5;0.0
16;5600;INTARIAN_PEPPER_ROOT;28999;12;28998;10;;;29015;11;29018;9;;;29007.0;0.0
16;5700;ASH_COATED_OSMIUM;10004;15;10003;21;;;10020;10;10022;10;;;10012.0;0.0
16;5700;INTARIAN_PEPPER_ROOT;29005;18;29003;3;;;29007;15;29008;9;;;29006.5;0.0
16;5800;ASH_COATED_OSMIUM;9999;11;;;;;10015;13;;;;;10007.0;0.0
16;5800;INTARIAN_PEPPER_ROOT;29003;12;;;;;29017;9;;;;;29010.0;0.0
16;5900;ASH_COATED_OSMIUM;10004;10;;;;;10020;15;;;;;10012.0;0.0
16;5900;INTARIAN_PEPPER_ROOT;28999;9;;;;;29012;21;;;;;29005.5;0.0
16;6000;ASH_COATED_OSMIUM;9998;11;9997;14;;;10014;14;10017;14;;;10006.5;0.0
16;6000;INTARIAN_PEPPER_ROOT;29002;17;29000;16;28999;10;29016;10;29017;10;29019;10;29009.0;0.0
16;6100;ASH_COATED_OSMIUM;10002;11;;;;;10021;14;;;;;10011.5;0.0
16;6100;INTARIAN_PEPPER_ROOT;29003;8;29002;22;;;29011;9;29013;8;;;29007.0;0.0
16;6200;ASH_COATED_OSMIUM;10009;25;10006;15;;;10015;13;10016;15;;;10012.0;0.0
16;6200;INTARIAN_PEPPER_ROOT;29002;10;29000;12;;;29015;15;29018;8;;;29009.0;0.0
16;6300;ASH_COATED_OSMIUM;10003;11;;;;;10009;11;;;;;10006.5;0.0
16;6300;INTARIAN_PEPPER_ROOT;28996;10;28994;12;28993;8;29013;9;29014;9;29017;11;29005.0;0.0
16;6400;ASH_COATED_OSMIUM;9996;15;9993;14;9992;12;10014;10;10016;20;10019;22;10005.5;0.0
16;6400;INTARIAN_PEPPER_ROOT;28996;8;28994;11;28991;8;29011;12;29013;17;29016;11;29004.0;0.0
16;6500;ASH_COATED_OSMIUM;10001;10;9998;12;9995;14;10020;10;10021;10;10022;14;10011.0;0.0
16;6500;INTARIAN_PEPPER_ROOT;28998;9;28995;12;;;29012;10;29013;19;;;29005.0;0.0
16;6600;ASH_COATED_OSMIUM;9997;14;;;;;10013;11;;;;;10005.5;0.0
16;6600;INTARIAN_PEPPER_ROOT;28999;8;;;;;29011;12;;;;;29005.5;0.0
16;6700;ASH_COATED_OSMIUM;10003;11;10000;12;;;10019;13;10022;15;;;10011.0;0.0
16;6700;INTARIAN_PEPPER_ROOT;29001;10;29000;8;28997;11;29012;21;29015;12;29016;10;29007.0;0.0
16;6800;ASH_COATED_OSMIUM;10002;13;10001;13;;;10020;14;10021;11;;;10011.0;0.0
16;6800;INTARIAN_PEPPER_ROOT;28998;11;28995;10;28993;19;29012;5;29014;12;29015;8;29005.5;0.0
16;6900;ASH_COATED_OSMIUM;9997;14;9995;11;;;10015;13;10018;23;;;10006.0;0.0
16;6900;INTARIAN_PEPPER_ROOT;29001;10;28998;11;;;29012;10;29013;10;;;29006.5;0.0
16;7000;ASH_COATED_OSMIUM;10003;10;10001;14;9999;2;10019;12;10022;11;10025;14;10011.0;0.0
16;7000;INTARIAN_PEPPER_ROOT;29001;9;29000;8;;;29014;10;29015;12;;;29007.5;0.0
16;7100;ASH_COATED_OSMIUM;10001;15;9998;10;;;10020;14;10021;15;;;10011.0;0.0
16;7100;INTARIAN_PEPPER_ROOT;29000;10;;;;;29014;12;;;;;29007.5;0.0
16;7200;ASH_COATED_OSMIUM;10002;13;10001;13;9999;15;10020;15;10022;11;10024;13;10011.0;0.0
16;7200;INTARIAN_PEPPER_ROOT;29001;8;28999;12;;;29012;12;29013;20;;;29006.5;0.0
16;7300;ASH_COATED_OSMIUM;10006;11;10005;11;10003;12;10015;11;10017;15;10019;11;10010.5;0.0
16;7300;INTARIAN_PEPPER_ROOT;29001;8;;;;;29015;3;;;;;29008.0;0.0
16;7400;ASH_COATED_OSMIUM;10000;12;9997;13;;;10008;11;10011;11;;;10004.5;0.0
16;7400;INTARIAN_PEPPER_ROOT;29000;10;;;;;29013;8;;;;;29006.5;0.0
16;7500;ASH_COATED_OSMIUM;10000;11;;;;;10019;3;;;;;10009.5;0.0
16;7500;INTARIAN_PEPPER_ROOT;28999;8;28998;8;;;29011;11;29013;20;;;29005.5;0.0
16;7600;ASH_COATED_OSMIUM;10004;13;10001;15;;;10015;20;10017;13;;;10009.5;0.0
16;7600;INTARIAN_PEPPER_ROOT;29000;11;28998;25;28996;12;29017;11;29019;20;29022;10;29008.5;0.0
16;7700;ASH_COATED_OSMIUM;10001;14;;;;;10017;13;;;;;10009.0;0.0
16;7700;INTARIAN_PEPPER_ROOT;29002;11;29000;12;28998;9;29016;12;29019;19;29022;10;29009.0;0.0
16;7800;ASH_COATED_OSMIUM;9993;12;;;;;10014;12;;;;;10004.0;0.0
16;7800;INTARIAN_PEPPER_ROOT;29002;8;29001;9;29000;11;29015;20;29016;8;29017;10;29008.5;0.0
16;7900;ASH_COATED_OSMIUM;10001;11;10000;12;9997;5;10017;10;10020;13;10021;22;10009.0;0.0
16;7900;INTARIAN_PEPPER_ROOT;29004;10;29003;12;;;29020;10;29021;23;;;29012.0;0.0
16;8000;ASH_COATED_OSMIUM;9995;13;9993;11;9992;11;10011;10;10013;10;10015;20;10003.5;0.0
16;8000;INTARIAN_PEPPER_ROOT;29002;12;28999;9;28997;8;29017;23;29018;12;29019;8;29009.5;0.0
16;8100;ASH_COATED_OSMIUM;10000;11;9998;13;;;10016;10;10019;14;;;10008.5;0.0
16;8100;INTARIAN_PEPPER_ROOT;29002;9;;;;;29014;12;;;;;29008.5;0.0
16;8200;ASH_COATED_OSMIUM;10000;12;9999;11;;;10016;14;10017;12;;;10008.5;0.0
16;8200;INTARIAN_PEPPER_ROOT;29001;10;28998;10;28995;10;29016;17;29018;15;29019;22;29009.0;0.0
16;8300;ASH_COATED_OSMIUM;10000;20;9999;3;9998;13;10016;14;10018;15;10020;15;10008.5;0.0
16;8300;INTARIAN_PEPPER_ROOT;29003;11;29001;9;;;29017;8;29018;9;;;29010.0;0.0
16;8400;ASH_COATED_OSMIUM;10000;13;9998;12;;;10016;26;10018;14;;;10008.5;0.0
16;8400;INTARIAN_PEPPER_ROOT;29010;8;29008;11;;;29013;8;29014;10;;;29011.5;0.0
16;8500;ASH_COATED_OSMIUM;10000;15;9998;10;;;10016;12;10019;15;;;10008.5;0.0
16;8500;INTARIAN_PEPPER_ROOT;29001;11;;;;;29017;5;;;;;29009.0;0.0
16;8600;ASH_COATED_OSMIUM;10000;10;9998;15;9997;13;10016;12;10018;11;10019;14;10008.5;0.0
16;8600;INTARIAN_PEPPER_ROOT;29003;8;29001;25;;;29015;8;29018;11;;;29009.0;0.0
16;8700;ASH_COATED_OSMIUM;9994;22;;;;;10013;10;;;;;10003.5;0.0
16;8700;INTARIAN_PEPPER_ROOT;29001;10;;;;;29018;11;;;;;29010.0;0.0
16;8800;ASH_COATED_OSMIUM;10000;10;9998;15;;;10016;15;10017;13;;;10008.5;0.0
16;8800;INTARIAN_PEPPER_ROOT;29003;11;;;;;29015;10;;;;;29009.0;0.0
16;8900;ASH_COATED_OSMIUM;10000;12;9997;15;;;10016;12;10017;6;;;10008.5;0.0
16;8900;INTARIAN_PEPPER_ROOT;29004;12;29001;11;;;29020;12;29022;17;;;29012.0;0.0
16;9000;ASH_COATED_OSMIUM;9995;10;9992;11;;;10011;10;10014;23;;;10003.0;0.0
16;9000;INTARIAN_PEPPER_ROOT;29000;10;28997;20;;;29012;10;29014;9;;;29006.0;0.0
16;9100;ASH_COATED_OSMIUM;10000;14;9998;14;9996;28;10016;12;10017;12;10020;14;10008.0;0.0
16;9100;INTARIAN_PEPPER_ROOT;29003;20;29001;10;29000;11;29019;12;29021;10;29023;8;29011.0;0.0
16;9200;ASH_COATED_OSMIUM;9994;25;9992;15;9991;23;10010;12;10012;12;10014;15;10002.5;0.0
16;9200;INTARIAN_PEPPER_ROOT;29003;12;29001;12;;;29016;9;29018;9;;;29009.5;0.0
16;9300;ASH_COATED_OSMIUM;10000;11;9997;13;9995;14;10016;12;10017;12;10020;12;10008.0;0.0
16;9300;INTARIAN_PEPPER_ROOT;28997;11;28994;11;;;29010;11;29011;12;;;29004.0;0.0
16;9400;ASH_COATED_OSMIUM;9994;29;;;;;10010;10;;;;;10002.0;0.0
16;9400;INTARIAN_PEPPER_ROOT;29002;10;28999;12;28997;19;29015;11;29018;22;29021;11;29008.5;0.0
16;9500;ASH_COATED_OSMIUM;9999;12;;;;;10015;15;;;;;10007.5;0.0
16;9500;INTARIAN_PEPPER_ROOT;29003;8;;;;;29017;11;;;;;29010.0;0.0
16;9600;ASH_COATED_OSMIUM;9999;26;9996;15;;;10015;10;10017;12;;;10007.5;0.0
16;9600;INTARIAN_PEPPER_ROOT;29005;24;29002;9;;;29018;11;29019;10;;;29011.5;0.0
16;9700;ASH_COATED_OSMIUM;10002;12;9999;10;;;10013;14;10014;11;;;10007.5;0.0
16;9700;INTARIAN_PEPPER_ROOT;29004;21;;;;;29018;24;;;;;29011.0;0.0
16;9800;ASH_COATED_OSMIUM;9995;14;9994;14;;;10011;11;10013;11;;;10003.0;0.0
16;9800;INTARIAN_PEPPER_ROOT;29003;11;;;;;29016;9;;;;;29010.0;0.0
16;9900;ASH_COATED_OSMIUM;9994;11;;;;;10010;23;;;;;10002.5;0.0
16;9900;INTARIAN_PEPPER_ROOT;29003;10;29002;11;28999;15;29018;10;29019;11;29021;10;29010.5;0.0
16;10000;ASH_COATED_OSMIUM;9994;5;9992;13;;;10010;14;10011;14;;;10002.5;0.0
16;10000;INTARIAN_PEPPER_ROOT;29000;9;;;;;29014;9;;;;;29007.5;0.0
16;10100;ASH_COATED_OSMIUM;9995;28;9992;11;9991;15;10011;12;10014;10;10015;11;10003.0;0.0
16;10100;INTARIAN_PEPPER_ROOT;29005;12;29003;10;;;29016;8;29018;10;;;29010.5;0.0
16;10200;ASH_COATED_OSMIUM;10000;10;9998;13;;;10016;14;10017;11;;;10008.0;0.0
16;10200;INTARIAN_PEPPER_ROOT;29003;8;29000;9;;;29020;11;29023;11;;;29011.5;0.0
16;10300;ASH_COATED_OSMIUM;9995;13;;;;;10011;22;;;;;10003.0;0.0
16;10300;INTARIAN_PEPPER_ROOT;29004;8;29002;12;;;29017;8;29020;8;;;29010.5;0.0
16;10400;ASH_COATED_OSMIUM;10001;29;;;;;10017;15;;;;;10009.0;0.0
16;10400;INTARIAN_PEPPER_ROOT;29005;10;29002;12;29000;12;29013;10;29015;9;29017;11;29009.0;0.0
16;10500;ASH_COATED_OSMIUM;10001;11;9998;28;9995;14;10017;10;10018;10;10020;13;10009.0;0.0
16;10500;INTARIAN_PEPPER_ROOT;29005;12;29004;9;29001;12;29019;23;29022;25;29025;10;29012.5;0.0
16;10600;ASH_COATED_OSMIUM;10001;14;9998;14;;;10017;10;10018;15;;;10009.0;0.0
16;10600;INTARIAN_PEPPER_ROOT;28996;25;;;;;29010;12;;;;;29003.5;0.0
16;10700;ASH_COATED_OSMIUM;10001;30;10000;13;9998;12;10017;13;10019;11;10022;11;10009.0;0.0
16;10700;INTARIAN_PEPPER_ROOT;29000;8;;;;;29013;12;;;;;29007.0;0.0
16;10800;ASH_COATED_OSMIUM;9999;24;9998;15;;;10008;23;10011;10;;;10003.5;0.0
16;10800;INTARIAN_PEPPER_ROOT;29008;11;29005;12;;;29021;11;29024;8;;;29014.5;0.0
16;10900;ASH_COATED_OSMIUM;10000;21;9998;11;;;10016;5;10017;12;;;10008.5;0.0
16;10900;INTARIAN_PEPPER_ROOT;29004;11;29003;11;;;29015;11;29018;8;;;29010.0;0.0
16;11000;ASH_COATED_OSMIUM;10000;11;9997;20;9994;15;10018;12;10021;13;10023;14;10009.0;0.0
16;11000;INTARIAN_PEPPER_ROOT;29004;10;29001;8;28998;9;29020;9;29022;11;29023;23;29012.5;0.0
16;11100;ASH_COATED_OSMIUM;9999;10;9998;15;;;10018;15;10020;13;;;10008.5;0.0
16;11100;INTARIAN_PEPPER_ROOT;29004;3;29003;10;;;29018;8;29021;11;;;29011.0;0.0
16;11200;ASH_COATED_OSMIUM;9994;11;9993;13;;;10013;12;10015;14;;;10004.0;0.0
16;11200;INTARIAN_PEPPER_ROOT;29002;10;;;;;29016;11;;;;;29009.5;0.0
16;11300;ASH_COATED_OSMIUM;10001;4;10000;12;;;10017;12;10018;11;;;10009.0;0.0
16;11300;INTARIAN_PEPPER_ROOT;29004;8;29002;12;28999;11;29017;8;29020;12;29022;5;29011.0;0.0
16;11400;ASH_COATED_OSMIUM;10000;15;9997;13;;;10018;10;10021;15;;;10009.0;0.0
16;11400;INTARIAN_PEPPER_ROOT;29003;11;;;;;29016;11;;;;;29009.5;0.0
16;11500;ASH_COATED_OSMIUM;9994;10;;;;;10013;15;;;;;10004.0;0.0
16;11500;INTARIAN_PEPPER_ROOT;29012;8;;;;;29015;9;;;;;29013.5;0.0
16;11600;ASH_COATED_OSMIUM;9996;13;9994;15;;;10012;11;10015;27;;;10004.0;0.0
16;11600;INTARIAN_PEPPER_ROOT;29004;24;29001;9;;;29019;8;29022;20;;;29011.5;0.0
16;11700;ASH_COATED_OSMIUM;10001;14;9999;4;;;10017;11;10020;13;;;10009.0;0.0
16;11700;INTARIAN_PEPPER_ROOT;28999;10;28997;11;;;29012;12;29014;8;;;29005.5;0.0
16;11800;ASH_COATED_OSMIUM;9994;15;9993;11;9992;24;10013;14;10015;12;10018;15;10004.0;0.0
16;11800;INTARIAN_PEPPER_ROOT;29006;9;29003;17;;;29018;9;29021;8;;;29012.5;0.0
16;11900;ASH_COATED_OSMIUM;10002;26;;;;;10018;15;;;;;10010.0;0.0
16;11900;INTARIAN_PEPPER_ROOT;29006;11;;;;;29018;9;;;;;29012.0;0.0
16;12000;ASH_COATED_OSMIUM;9996;13;9993;11;;;10012;13;10015;25;;;10004.5;0.0
16;12000;INTARIAN_PEPPER_ROOT;29006;11;29003;8;29002;12;29018;12;29020;10;29021;9;29012.5;0.0
16;12100;ASH_COATED_OSMIUM;10002;11;10001;25;9999;11;10018;12;10020;13;10021;15;10010.5;0.0
16;12100;INTARIAN_PEPPER_ROOT;29005;10;;;;;29022;24;;;;;29013.5;0.0
16;12200;ASH_COATED_OSMIUM;10002;11;9999;24;9997;30;10018;14;10019;11;10022;14;10010.0;0.0
16;12200;INTARIAN_PEPPER_ROOT;29005;25;29004;8;;;29019;8;29022;8;;;29012.5;0.0
16;12300;ASH_COATED_OSMIUM;9996;13;9993;4;;;10012;13;10013;22;;;10004.5;0.0
16;12300;INTARIAN_PEPPER_ROOT;29003;24;29002;21;;;29023;10;29026;12;;;29013.0;0.0
16;12400;ASH_COATED_OSMIUM;10002;14;10001;13;;;10018;10;10019;23;;;10010.0;0.0
16;12400;INTARIAN_PEPPER_ROOT;29004;21;29003;8;;;29019;8;29021;17;;;29011.5;0.0
16;12500;ASH_COATED_OSMIUM;9996;13;9995;11;;;10012;24;10014;12;;;10004.5;0.0
16;12500;INTARIAN_PEPPER_ROOT;29008;25;29005;12;;;29022;10;29024;10;;;29015.0;0.0
16;12600;ASH_COATED_OSMIUM;10001;14;;;;;10017;13;;;;;10009.5;0.0
16;12600;INTARIAN_PEPPER_ROOT;29006;12;29004;10;;;29021;8;29022;8;;;29014.0;0.0
16;12700;ASH_COATED_OSMIUM;10002;12;;;;;10017;13;;;;;10009.5;0.0
16;12700;INTARIAN_PEPPER_ROOT;29006;9;;;;;29018;11;;;;;29012.5;0.0
16;12800;ASH_COATED_OSMIUM;9996;13;9993;15;;;10012;14;10014;12;;;10004.0;0.0
16;12800;INTARIAN_PEPPER_ROOT;29007;11;29005;11;;;29021;10;29024;11;;;29014.0;0.0
16;12900;ASH_COATED_OSMIUM;10000;3;9999;15;;;10018;15;10020;15;;;10009.0;0.0
16;12900;INTARIAN_PEPPER_ROOT;29009;9;29008;21;29007;12;29021;9;29024;10;29026;12;29015.0;0.0
16;13000;ASH_COATED_OSMIUM;10000;15;9999;11;;;10016;15;10019;5;;;10008.5;0.0
16;13000;INTARIAN_PEPPER_ROOT;29008;12;29006;8;29003;8;29022;8;29025;16;29027;11;29015.0;0.0
16;13100;ASH_COATED_OSMIUM;9994;13;9992;13;;;10012;13;10014;22;;;10003.0;0.0
16;13100;INTARIAN_PEPPER_ROOT;29005;10;;;;;29017;17;;;;;29011.5;0.0
16;13200;ASH_COATED_OSMIUM;9999;15;9998;10;9996;12;10017;10;10018;4;10019;14;10008.5;0.0
16;13200;INTARIAN_PEPPER_ROOT;29005;12;29004;8;;;29021;11;29023;16;;;29013.5;0.0
16;13300;ASH_COATED_OSMIUM;9995;15;9994;14;;;10011;10;10012;14;;;10003.5;0.0
16;13300;INTARIAN_PEPPER_ROOT;29007;8;29005;20;;;29020;11;29022;10;;;29013.5;0.0
16;13400;ASH_COATED_OSMIUM;9999;11;9998;26;;;10018;23;10020;14;;;10009.0;0.0
16;13400;INTARIAN_PEPPER_ROOT;29005;8;29002;25;;;29017;20;29018;12;;;29011.5;0.0
16;13500;ASH_COATED_OSMIUM;9997;29;;;;;10010;12;;;;;10004.0;0.0
16;13500;INTARIAN_PEPPER_ROOT;29009;9;29006;11;29005;11;29020;10;29023;9;29024;22;29014.5;0.0
16;13600;ASH_COATED_OSMIUM;9996;12;;;;;10012;14;;;;;10004.5;0.0
16;13600;INTARIAN_PEPPER_ROOT;29007;10;29005;8;;;29020;12;29021;24;;;29013.5;0.0
16;13700;ASH_COATED_OSMIUM;10000;12;9999;14;;;10018;14;10020;12;;;10009.5;0.0
16;13700;INTARIAN_PEPPER_ROOT;29007;19;29006;12;;;29020;8;29023;19;;;29014.0;0.0
16;13800;ASH_COATED_OSMIUM;10001;15;9999;10;;;10017;30;10018;20;;;10009.5;0.0
16;13800;INTARIAN_PEPPER_ROOT;29008;8;29005;11;;;29019;12;29021;10;;;29014.0;0.0
16;13900;ASH_COATED_OSMIUM;10002;12;10001;15;;;10008;11;10011;29;;;10005.0;0.0
16;13900;INTARIAN_PEPPER_ROOT;29009;12;;;;;29022;19;;;;;29016.0;0.0
16;14000;ASH_COATED_OSMIUM;9997;14;9994;15;;;10013;14;10016;13;;;10005.0;0.0
16;14000;INTARIAN_PEPPER_ROOT;29008;8;29006;11;;;29019;11;29020;6;;;29014.0;0.0
16;14100;ASH_COATED_OSMIUM;10001;14;;;;;10019;15;;;;;10010.0;0.0
16;14100;INTARIAN_PEPPER_ROOT;29006;8;;;;;29022;12;;;;;29014.0;0.0
16;14200;ASH_COATED_OSMIUM;9999;14;9998;11;9996;10;10009;12;10012;11;10015;10;10004.5;0.0
16;14200;INTARIAN_PEPPER_ROOT;29009;12;29008;25;29006;10;29022;8;29024;12;29025;8;29015.5;0.0
16;14300;ASH_COATED_OSMIUM;10005;15;10003;15;;;10016;11;10019;15;;;10010.5;0.0
16;14300;INTARIAN_PEPPER_ROOT;29006;18;29003;12;29002;11;29017;8;29019;9;29021;10;29012.0;0.0
16;14400;ASH_COATED_OSMIUM;9997;13;9995;4;;;10013;13;10014;22;;;10005.0;0.0
16;14400;INTARIAN_PEPPER_ROOT;29007;3;29004;12;29001;10;29024;12;29025;12;29028;11;29015.5;0.0
16;14500;ASH_COATED_OSMIUM;10002;14;;;;;10018;12;;;;;10010.0;0.0
16;14500;INTARIAN_PEPPER_ROOT;29007;8;29006;11;;;29022;18;29025;23;;;29014.5;0.0
16;14600;ASH_COATED_OSMIUM;9996;28;;;;;10012;11;;;;;10004.0;0.0
16;14600;INTARIAN_PEPPER_ROOT;29009;10;29008;8;;;29021;12;29024;9;;;29015.5;0.0
16;14700;ASH_COATED_OSMIUM;9999;2;9997;11;;;10018;13;10020;4;;;10009.0;0.0
16;14700;INTARIAN_PEPPER_ROOT;29008;9;29006;12;;;29022;19;29023;9;;;29015.0;0.0
16;14800;ASH_COATED_OSMIUM;10001;11;;;;;10017;11;;;;;10009.0;0.0
16;14800;INTARIAN_PEPPER_ROOT;29007;8;29005;10;;;29020;12;29021;10;;;29014.0;0.0
16;14900;ASH_COATED_OSMIUM;9994;14;9991;10;9989;11;10013;15;10016;5;10018;11;10004.0;0.0
16;14900;INTARIAN_PEPPER_ROOT;29007;12;;;;;29020;9;;;;;29014.0;0.0
16;15000;ASH_COATED_OSMIUM;9996;11;9994;11;;;10012;12;10015;13;;;10004.0;0.0
16;15000;INTARIAN_PEPPER_ROOT;29011;8;29010;16;;;29022;9;29025;12;;;29016.5;0.0
16;15100;ASH_COATED_OSMIUM;9996;12;9995;12;;;10012;27;10013;10;;;10004.5;0.0
16;15100;INTARIAN_PEPPER_ROOT;29007;9;29005;12;;;29024;9;29026;9;;;29015.5;0.0
16;15200;ASH_COATED_OSMIUM;10002;15;10001;12;10000;5;10018;13;10019;13;10022;11;10010.0;0.0
16;15200;INTARIAN_PEPPER_ROOT;29010;9;29007;19;29004;12;29023;10;29025;17;29027;8;29017.0;0.0
16;15300;ASH_COATED_OSMIUM;10005;15;10002;15;;;10014;11;10016;14;;;10009.5;0.0
16;15300;INTARIAN_PEPPER_ROOT;29008;10;29005;10;;;29023;25;29025;11;;;29015.5;0.0
16;15400;ASH_COATED_OSMIUM;10001;15;;;;;10017;30;;;;;10009.5;0.0
16;15400;INTARIAN_PEPPER_ROOT;29010;11;29009;10;29007;11;29022;10;29025;11;29027;21;29016.5;0.0
16;15500;ASH_COATED_OSMIUM;10003;12;10001;11;;;10014;12;10017;10;;;10009.0;0.0
16;15500;INTARIAN_PEPPER_ROOT;29012;8;29009;17;29007;12;29027;8;29029;8;29032;11;29020.0;0.0
16;15600;ASH_COATED_OSMIUM;9996;13;9995;14;;;10012;10;10015;11;;;10004.0;0.0
16;15600;INTARIAN_PEPPER_ROOT;29010;11;29009;11;;;29024;19;29026;12;;;29017.0;0.0
16;15700;ASH_COATED_OSMIUM;9996;14;;;;;10012;14;;;;;10004.0;0.0
16;15700;INTARIAN_PEPPER_ROOT;29008;8;;;;;29019;12;;;;;29014.0;0.0
16;15800;ASH_COATED_OSMIUM;10001;12;;;;;10017;15;;;;;10009.5;0.0
16;15800;INTARIAN_PEPPER_ROOT;29010;12;29007;9;;;29023;10;29025;8;;;29017.0;0.0
16;15900;ASH_COATED_OSMIUM;9995;12;9993;12;;;10013;13;10016;13;;;10004.0;0.0
16;15900;INTARIAN_PEPPER_ROOT;29008;20;29005;8;;;29022;22;29024;4;;;29015.5;0.0
16;16000;ASH_COATED_OSMIUM;10001;13;;;;;10017;13;;;;;10009.0;0.0
16;16000;INTARIAN_PEPPER_ROOT;29012;12;29009;21;29008;10;29025;25;29026;11;29028;8;29019.0;0.0
16;16100;ASH_COATED_OSMIUM;10001;5;;;;;10017;10;;;;;10009.0;0.0
16;16100;INTARIAN_PEPPER_ROOT;29004;11;29003;12;;;29021;11;29024;8;;;29013.0;0.0
16;16200;ASH_COATED_OSMIUM;10001;15;9998;13;;;10017;28;10018;12;;;10009.0;0.0
16;16200;INTARIAN_PEPPER_ROOT;29010;9;29007;8;;;29023;10;29026;9;;;29016.5;0.0
16;16300;ASH_COATED_OSMIUM;9996;10;9995;29;;;10012;10;10015;11;;;10004.0;0.0
16;16300;INTARIAN_PEPPER_ROOT;29019;12;29016;19;;;29022;12;29024;8;;;29020.5;0.0
16;16400;ASH_COATED_OSMIUM;9995;26;;;;;10011;13;;;;;10003.5;0.0
16;16400;INTARIAN_PEPPER_ROOT;29012;11;29010;11;29007;9;29020;12;29023;11;29026;12;29016.5;0.0
16;16500;ASH_COATED_OSMIUM;9994;11;;;;;10012;14;;;;;10003.5;0.0
16;16500;INTARIAN_PEPPER_ROOT;29011;9;29010;8;29007;11;29024;9;29025;12;29026;12;29018.0;0.0
16;16600;ASH_COATED_OSMIUM;9996;20;;;;;10012;4;;;;;10004.0;0.0
16;16600;INTARIAN_PEPPER_ROOT;29012;10;29010;8;;;29024;9;29027;17;;;29018.5;0.0
16;16700;ASH_COATED_OSMIUM;10001;13;10000;27;;;10017;14;10020;11;;;10009.0;0.0
16;16700;INTARIAN_PEPPER_ROOT;29005;10;29004;12;;;29025;9;29027;8;;;29015.5;0.0
16;16800;ASH_COATED_OSMIUM;9996;28;;;;;10012;15;;;;;10004.0;0.0
16;16800;INTARIAN_PEPPER_ROOT;29013;9;;;;;29026;11;;;;;29019.5;0.0
16;16900;ASH_COATED_OSMIUM;10001;9;9999;11;;;10017;11;10019;11;;;10009.0;0.0
16;16900;INTARIAN_PEPPER_ROOT;29007;17;29004;12;29003;10;29025;11;29026;10;29028;9;29016.5;0.0
16;17000;ASH_COATED_OSMIUM;9996;10;9995;13;;;10012;11;10013;11;;;10004.0;0.0
16;17000;INTARIAN_PEPPER_ROOT;29010;8;;;;;29023;18;;;;;29016.5;0.0
16;17100;ASH_COATED_OSMIUM;9996;10;;;;;10012;10;;;;;10004.0;0.0
16;17100;INTARIAN_PEPPER_ROOT;29012;12;29011;12;;;29023;25;29025;11;;;29017.5;0.0
16;17200;ASH_COATED_OSMIUM;10001;15;9999;29;;;10017;15;10020;12;;;10009.0;0.0
16;17200;INTARIAN_PEPPER_ROOT;29007;10;29005;8;29002;12;29023;8;29026;24;29029;9;29015.5;0.0
16;17300;ASH_COATED_OSMIUM;10001;13;;;;;10017;25;;;;;10009.5;0.0
16;17300;INTARIAN_PEPPER_ROOT;29009;11;29008;23;;;29023;11;29024;9;;;29016.0;0.0
16;17400;ASH_COATED_OSMIUM;9996;13;;;;;10012;12;;;;;10004.5;0.0
16;17400;INTARIAN_PEPPER_ROOT;29011;8;;;;;29022;11;;;;;29017.0;0.0
16;17500;ASH_COATED_OSMIUM;10000;15;;;;;10019;21;;;;;10009.5;0.0
16;17500;INTARIAN_PEPPER_ROOT;29012;11;29009;9;;;29024;12;29026;19;;;29018.0;0.0
16;17600;ASH_COATED_OSMIUM;9996;27;9994;10;9993;13;10012;15;10013;27;10015;14;10004.5;0.0
16;17600;INTARIAN_PEPPER_ROOT;29014;11;29013;10;29011;11;29027;10;29029;10;29030;9;29021.0;0.0
16;17700;ASH_COATED_OSMIUM;9996;14;9993;15;9991;12;10015;4;10018;25;10020;14;10005.5;0.0
16;17700;INTARIAN_PEPPER_ROOT;29013;11;29010;10;;;29026;12;29029;11;;;29019.5;0.0
16;17800;ASH_COATED_OSMIUM;10003;20;10000;15;;;10019;15;10020;11;;;10011.0;0.0
16;17800;INTARIAN_PEPPER_ROOT;29011;10;;;;;29024;12;;;;;29018.0;0.0
16;17900;ASH_COATED_OSMIUM;9997;12;9994;10;;;10013;4;10014;2;;;10005.5;0.0
16;17900;INTARIAN_PEPPER_ROOT;29012;21;29009;8;;;29025;19;29026;11;;;29019.0;0.0
16;18000;ASH_COATED_OSMIUM;9998;10;9997;12;;;10014;13;10016;14;;;10006.0;0.0
16;18000;INTARIAN_PEPPER_ROOT;29012;19;;;;;29024;9;;;;;29018.0;0.0
16;18100;ASH_COATED_OSMIUM;9997;20;;;;;10013;10;;;;;10005.0;0.0
16;18100;INTARIAN_PEPPER_ROOT;29014;11;29012;12;;;29025;8;29027;10;;;29020.0;0.0
16;18200;ASH_COATED_OSMIUM;10002;15;;;;;10018;14;;;;;10010.5;0.0
16;18200;INTARIAN_PEPPER_ROOT;29011;12;;;;;29024;8;;;;;29017.5;0.0
16;18300;ASH_COATED_OSMIUM;10002;11;9999;11;9998;11;10018;28;10019;10;10021;15;10010.5;0.0
16;18300;INTARIAN_PEPPER_ROOT;29014;10;29012;9;29010;8;29028;25;29029;12;29032;10;29021.5;0.0
16;18400;ASH_COATED_OSMIUM;9999;15;9996;11;9993;20;10010;11;10012;12;10013;15;10004.5;0.0
16;18400;INTARIAN_PEPPER_ROOT;29012;8;29009;9;;;29029;9;29031;9;;;29020.5;0.0
16;18500;ASH_COATED_OSMIUM;10002;21;;;;;10018;22;;;;;10010.0;0.0
16;18500;INTARIAN_PEPPER_ROOT;29012;10;29010;11;29009;11;29027;25;29028;24;29031;21;29020.0;0.0
16;18600;ASH_COATED_OSMIUM;10002;15;9999;14;;;10018;10;10021;12;;;10010.0;0.0
16;18600;INTARIAN_PEPPER_ROOT;29014;12;29012;10;29009;8;29025;8;29028;9;29030;11;29020.0;0.0
16;18700;ASH_COATED_OSMIUM;10002;14;;;;;10018;10;;;;;10010.5;0.0
16;18700;INTARIAN_PEPPER_ROOT;29010;10;;;;;29024;8;;;;;29017.5;0.0
16;18800;ASH_COATED_OSMIUM;9998;22;;;;;10014;15;;;;;10006.0;0.0
16;18800;INTARIAN_PEPPER_ROOT;29019;8;;;;;29032;8;;;;;29026.0;0.0
16;18900;ASH_COATED_OSMIUM;9998;11;9996;30;;;10014;20;10017;15;;;10006.0;0.0
16;18900;INTARIAN_PEPPER_ROOT;29013;19;29011;10;;;29026;9;29028;8;;;29019.5;0.0
16;19000;ASH_COATED_OSMIUM;10006;10;10004;11;;;10015;10;10017;15;;;10011.0;0.0
16;19000;INTARIAN_PEPPER_ROOT;29014;9;29012;8;;;29026;9;29028;8;;;29020.0;0.0
16;19100;ASH_COATED_OSMIUM;9997;23;9996;23;;;10013;23;10016;12;;;10005.0;0.0
16;19100;INTARIAN_PEPPER_ROOT;29015;9;;;;;29028;10;;;;;29021.5;0.0
16;19200;ASH_COATED_OSMIUM;10002;12;10000;10;;;10018;6;10020;15;;;10010.0;0.0
16;19200;INTARIAN_PEPPER_ROOT;29006;11;29004;10;;;29022;9;29023;9;;;29014.5;0.0
16;19300;ASH_COATED_OSMIUM;9996;11;;;;;10012;12;;;;;10004.5;0.0
16;19300;INTARIAN_PEPPER_ROOT;29015;8;;;;;29026;12;;;;;29021.0;0.0
16;19400;ASH_COATED_OSMIUM;9996;2;9994;11;;;10012;13;10013;11;;;10004.5;0.0
16;19400;INTARIAN_PEPPER_ROOT;29013;15;29010;10;;;29028;11;29029;10;;;29020.5;0.0
16;19500;ASH_COATED_OSMIUM;9996;29;9995;10;;;10012;13;10014;15;;;10004.5;0.0
16;19500;INTARIAN_PEPPER_ROOT;29009;3;29006;12;;;29023;8;29026;9;;;29016.5;0.0
16;19600;ASH_COATED_OSMIUM;9996;15;9993;14;;;10012;20;10014;15;;;10004.0;0.0
16;19600;INTARIAN_PEPPER_ROOT;29015;9;;;;;29026;12;;;;;29021.0;0.0
16;19700;ASH_COATED_OSMIUM;10000;15;;;;;10018;13;;;;;10009.5;0.0
16;19700;INTARIAN_PEPPER_ROOT;29009;10;;;;;29023;9;;;;;29016.5;0.0
16;19800;ASH_COATED_OSMIUM;10000;15;9998;11;;;10019;13;10022;13;;;10009.5;0.0
16;19800;INTARIAN_PEPPER_ROOT;29007;21;29004;8;;;29019;12;29021;16;;;29013.0;0.0
16;19900;ASH_COATED_OSMIUM;10000;5;;;;;10019;14;;;;;10009.5;0.0
16;19900;INTARIAN_PEPPER_ROOT;29012;9;;;;;29026;5;;;;;29019.5;0.0
16;20000;ASH_COATED_OSMIUM;9993;10;9992;14;;;10014;12;10015;12;;;10004.0;0.0
16;20000;INTARIAN_PEPPER_ROOT;29011;8;;;;;29028;11;;;;;29020.0;0.0
16;20100;ASH_COATED_OSMIUM;10001;10;;;;;10017;14;;;;;10009.0;0.0
16;20100;INTARIAN_PEPPER_ROOT;29013;12;;;;;29023;11;;;;;29018.5;0.0
16;20200;ASH_COATED_OSMIUM;10000;30;9997;15;;;10016;15;10019;14;;;10008.0;0.0
16;20200;INTARIAN_PEPPER_ROOT;29014;9;29011;8;;;29027;11;29029;10;;;29020.5;0.0
16;20300;ASH_COATED_OSMIUM;9995;12;;;;;10011;15;;;;;10003.0;0.0
16;20300;INTARIAN_PEPPER_ROOT;29014;16;;;;;29027;21;;;;;29020.5;0.0
16;20400;ASH_COATED_OSMIUM;10003;12;;;;;10012;10;;;;;10008.0;0.0
16;20400;INTARIAN_PEPPER_ROOT;29014;8;29012;8;;;29026;11;29029;15;;;29020.5;0.0
16;20500;ASH_COATED_OSMIUM;9993;12;;;;;10012;21;;;;;10003.0;0.0
16;20500;INTARIAN_PEPPER_ROOT;29010;12;29009;10;;;29023;22;29024;8;;;29016.5;0.0
16;20600;ASH_COATED_OSMIUM;9997;10;;;;;10008;11;;;;;10002.5;0.0
16;20600;INTARIAN_PEPPER_ROOT;29011;12;;;;;29022;9;;;;;29016.5;0.0
16;20700;ASH_COATED_OSMIUM;9992;13;9989;15;9988;25;10011;12;10013;12;10015;21;10002.0;0.0
16;20700;INTARIAN_PEPPER_ROOT;29024;20;29023;12;;;29026;10;29029;11;;;29025.5;0.0
16;20800;ASH_COATED_OSMIUM;9994;29;9991;14;;;10010;10;10013;14;;;10002.5;0.0
16;20800;INTARIAN_PEPPER_ROOT;29014;12;29012;3;29010;12;29027;22;29028;9;29029;9;29021.0;0.0
16;20900;ASH_COATED_OSMIUM;9994;14;9993;10;9990;12;10010;13;10013;11;10016;11;10002.0;0.0
16;20900;INTARIAN_PEPPER_ROOT;29016;8;29014;10;29012;10;29028;18;29029;9;29030;11;29022.5;0.0
16;21000;ASH_COATED_OSMIUM;9999;29;9997;13;9995;11;10015;11;10018;15;10021;13;10007.0;0.0
16;21000;INTARIAN_PEPPER_ROOT;29015;9;;;;;29028;9;;;;;29021.5;0.0
16;21100;ASH_COATED_OSMIUM;9994;14;9992;11;9990;10;10010;15;10012;13;10015;29;10002.0;0.0
16;21100;INTARIAN_PEPPER_ROOT;29014;11;;;;;29026;12;;;;;29020.0;0.0
16;21200;ASH_COATED_OSMIUM;9992;10;;;;;10011;11;;;;;10001.5;0.0
16;21200;INTARIAN_PEPPER_ROOT;29017;10;29016;10;;;29030;8;29033;19;;;29024.0;0.0
16;21300;ASH_COATED_OSMIUM;9991;14;9990;11;;;10009;10;10010;12;;;10000.5;0.0
16;21300;INTARIAN_PEPPER_ROOT;29013;9;29010;9;;;29027;22;29029;25;;;29020.0;0.0
16;21400;ASH_COATED_OSMIUM;9992;14;9990;12;;;10008;13;10009;29;;;10000.5;0.0
16;21400;INTARIAN_PEPPER_ROOT;29017;12;;;;;29031;9;;;;;29024.0;0.0
16;21500;ASH_COATED_OSMIUM;9991;12;9989;21;9986;10;10009;10;10012;15;10015;12;10000.5;0.0
16;21500;INTARIAN_PEPPER_ROOT;29012;10;29011;18;;;29026;11;29028;8;;;29019.5;0.0
16;21600;ASH_COATED_OSMIUM;9997;5;9996;14;9995;5;10013;14;10016;15;10019;27;10005.0;0.0
16;21600;INTARIAN_PEPPER_ROOT;29013;11;29012;16;;;29027;12;29029;15;;;29020.5;0.0
16;21700;ASH_COATED_OSMIUM;9991;27;9988;10;9987;14;10007;14;10008;13;10011;13;9999.5;0.0
16;21700;INTARIAN_PEPPER_ROOT;29017;8;29015;9;;;29029;10;29032;11;;;29023.5;0.0
16;21800;ASH_COATED_OSMIUM;9997;26;9996;24;;;10013;14;10015;11;;;10005.0;0.0
16;21800;INTARIAN_PEPPER_ROOT;29015;11;29012;9;;;29030;8;29032;10;;;29022.5;0.0
16;21900;ASH_COATED_OSMIUM;9992;12;9990;20;;;10008;22;10009;21;;;10000.0;0.0
16;21900;INTARIAN_PEPPER_ROOT;29017;10;29015;12;29014;10;29028;21;29030;9;29032;8;29022.5;0.0
16;22000;ASH_COATED_OSMIUM;9992;5;9989;14;;;10008;14;10011;14;;;10000.0;0.0
16;22000;INTARIAN_PEPPER_ROOT;29018;10;29015;9;;;29030;20;29032;15;;;29024.0;0.0
16;22100;ASH_COATED_OSMIUM;9994;12;9991;14;;;10005;14;10008;10;;;10000.0;0.0
16;22100;INTARIAN_PEPPER_ROOT;29016;11;;;;;29032;10;;;;;29024.0;0.0
16;22200;ASH_COATED_OSMIUM;9997;12;9996;10;;;10013;4;10016;13;;;10005.0;0.0
16;22200;INTARIAN_PEPPER_ROOT;29012;8;;;;;29027;11;;;;;29020.0;0.0
16;22300;ASH_COATED_OSMIUM;9990;10;9987;13;;;10008;15;10011;12;;;9999.5;0.0
16;22300;INTARIAN_PEPPER_ROOT;29013;9;29012;11;;;29026;9;29028;12;;;29020.0;0.0
16;22400;ASH_COATED_OSMIUM;10000;4;9997;10;9996;15;10010;13;10011;13;10014;10;10005.0;0.0
16;22400;INTARIAN_PEPPER_ROOT;29019;15;29017;12;;;29033;11;29034;9;;;29026.5;0.0
16;22500;ASH_COATED_OSMIUM;9990;12;9987;14;9985;15;10009;15;10011;12;10013;12;9999.5;0.0
16;22500;INTARIAN_PEPPER_ROOT;29015;12;29013;12;29011;9;29029;10;29031;12;29033;24;29022.0;0.0
16;22600;ASH_COATED_OSMIUM;9996;12;9994;13;;;10012;15;10013;13;;;10004.5;0.0
16;22600;INTARIAN_PEPPER_ROOT;29016;17;29013;19;;;29028;9;29031;17;;;29022.5;0.0
16;22700;ASH_COATED_OSMIUM;10000;13;9999;28;;;10009;14;10010;10;;;10004.5;0.0
16;22700;INTARIAN_PEPPER_ROOT;29013;11;;;;;29027;10;;;;;29020.5;0.0
16;22800;ASH_COATED_OSMIUM;9991;10;9988;13;;;10007;15;10008;13;;;9999.5;0.0
16;22800;INTARIAN_PEPPER_ROOT;29015;16;29013;12;29010;11;29028;12;29031;6;29032;8;29022.0;0.0
16;22900;ASH_COATED_OSMIUM;9995;14;9994;23;;;10014;11;10015;14;;;10005.0;0.0
16;22900;INTARIAN_PEPPER_ROOT;29014;8;29013;11;;;29027;24;29030;20;;;29021.0;0.0
16;23000;ASH_COATED_OSMIUM;9992;13;9989;15;;;10008;11;10011;10;;;10000.0;0.0
16;23000;INTARIAN_PEPPER_ROOT;29022;11;29019;9;29018;10;29036;8;29038;24;29039;12;29029.5;0.0
16;23100;ASH_COATED_OSMIUM;9997;14;9996;12;9995;29;10013;13;10016;13;10019;11;10005.0;0.0
16;23100;INTARIAN_PEPPER_ROOT;29020;10;29019;12;29016;10;29032;9;29034;10;29036;8;29026.5;0.0
16;23200;ASH_COATED_OSMIUM;9989;11;;;;;10008;10;;;;;9999.0;0.0
16;23200;INTARIAN_PEPPER_ROOT;29017;18;;;;;29029;25;;;;;29023.0;0.0
16;23300;ASH_COATED_OSMIUM;9990;14;;;;;10006;28;;;;;9998.5;0.0
16;23300;INTARIAN_PEPPER_ROOT;29019;9;;;;;29031;9;;;;;29025.5;0.0
16;23400;ASH_COATED_OSMIUM;9987;15;9986;10;;;10008;14;10009;26;;;9998.0;0.0
16;23400;INTARIAN_PEPPER_ROOT;29019;10;;;;;29031;10;;;;;29025.5;0.0
16;23500;ASH_COATED_OSMIUM;9990;12;9987;15;;;10006;11;10007;14;;;9998.5;0.0
16;23500;INTARIAN_PEPPER_ROOT;29017;9;29015;19;;;29030;12;29031;9;;;29024.0;0.0
16;23600;ASH_COATED_OSMIUM;9995;11;9993;11;;;10011;15;10014;10;;;10003.5;0.0
16;23600;INTARIAN_PEPPER_ROOT;29017;10;29016;11;;;29029;12;29031;10;;;29023.5;0.0
16;23700;ASH_COATED_OSMIUM;9995;12;9994;29;9992;15;10013;23;10015;14;10017;14;10004.0;0.0
16;23700;INTARIAN_PEPPER_ROOT;29014;11;29012;5;29009;9;29027;11;29028;11;29030;11;29021.0;0.0
16;23800;ASH_COATED_OSMIUM;9995;14;9992;11;;;10002;15;10005;13;;;9998.5;0.0
16;23800;INTARIAN_PEPPER_ROOT;29018;8;29015;8;29012;10;29029;12;29032;19;29034;12;29023.5;0.0
16;23900;ASH_COATED_OSMIUM;9991;24;9989;15;;;10007;14;10008;15;;;9999.0;0.0
16;23900;INTARIAN_PEPPER_ROOT;29014;9;29013;12;29012;22;29029;12;29031;17;29034;10;29021.5;0.0
16;24000;ASH_COATED_OSMIUM;9994;13;9991;30;9990;10;10013;21;10016;11;10017;12;10004.0;0.0
16;24000;INTARIAN_PEPPER_ROOT;29016;9;29015;10;;;29029;11;29031;22;;;29023.0;0.0
16;24100;ASH_COATED_OSMIUM;9989;14;;;;;10008;23;;;;;9999.0;0.0
16;24100;INTARIAN_PEPPER_ROOT;29015;12;29013;12;;;29027;8;29028;8;;;29021.0;0.0
16;24200;ASH_COATED_OSMIUM;9991;15;;;;;10007;15;;;;;9999.0;0.0
16;24200;INTARIAN_PEPPER_ROOT;29015;25;;;;;29028;11;;;;;29021.5;0.0
16;24300;ASH_COATED_OSMIUM;9990;22;9988;12;9986;15;10006;10;10009;12;10011;14;9998.5;0.0
16;24300;INTARIAN_PEPPER_ROOT;29018;11;;;;;29030;25;;;;;29024.5;0.0
16;24400;ASH_COATED_OSMIUM;9990;14;9989;10;;;10006;11;10008;24;;;9998.0;0.0
16;24400;INTARIAN_PEPPER_ROOT;29016;8;29014;11;;;29030;11;29032;11;;;29023.0;0.0
16;24500;ASH_COATED_OSMIUM;9988;14;9987;11;9984;11;10007;12;10010;15;10013;13;9998.0;0.0
16;24500;INTARIAN_PEPPER_ROOT;29015;7;29012;8;;;29028;22;29029;10;;;29022.0;0.0
16;24600;ASH_COATED_OSMIUM;9994;14;9993;6;;;10012;12;10013;15;;;10003.0;0.0
16;24600;INTARIAN_PEPPER_ROOT;29012;11;29011;15;;;29028;12;29030;9;;;29020.0;0.0
16;24700;ASH_COATED_OSMIUM;9995;15;;;;;10011;14;;;;;10003.0;0.0
16;24700;INTARIAN_PEPPER_ROOT;29020;9;29018;9;29017;9;29032;10;29033;24;29035;9;29026.0;0.0
16;24800;ASH_COATED_OSMIUM;9989;15;9988;13;9985;11;10005;11;10007;22;10008;14;9997.5;0.0
16;24800;INTARIAN_PEPPER_ROOT;29022;12;29021;8;29020;10;29033;23;29035;10;29038;23;29027.5;0.0
16;24900;ASH_COATED_OSMIUM;9988;15;9985;2;9982;14;10007;27;10009;14;10011;15;9997.5;0.0
16;24900;INTARIAN_PEPPER_ROOT;29020;10;29018;21;;;29033;8;29036;17;;;29027.0;0.0
16;25000;ASH_COATED_OSMIUM;9989;12;9988;11;;;10005;10;10007;11;;;9997.5;0.0
16;25000;INTARIAN_PEPPER_ROOT;29019;9;29018;8;29015;10;29032;10;29035;16;29038;8;29026.0;0.0
16;25100;ASH_COATED_OSMIUM;9990;14;9989;15;;;10006;15;10007;11;;;9998.0;0.0
16;25100;INTARIAN_PEPPER_ROOT;29019;8;29018;12;29016;9;29032;9;29033;8;29034;21;29025.5;0.0
16;25200;ASH_COATED_OSMIUM;9990;14;;;;;10006;15;;;;;9998.0;0.0
16;25200;INTARIAN_PEPPER_ROOT;29025;11;29023;11;29020;11;29027;12;29028;9;29030;10;29026.5;0.0
16;25300;ASH_COATED_OSMIUM;9988;13;9985;12;;;10009;15;10012;15;;;9998.5;0.0
16;25300;INTARIAN_PEPPER_ROOT;29014;8;;;;;29028;8;;;;;29021.0;0.0
16;25400;ASH_COATED_OSMIUM;9989;14;9987;14;9985;14;10008;14;10010;14;10013;11;9998.5;0.0
16;25400;INTARIAN_PEPPER_ROOT;29018;12;29016;11;;;29031;9;29032;12;;;29024.5;0.0
16;25500;ASH_COATED_OSMIUM;9994;13;9992;25;;;10013;20;10015;14;;;10003.5;0.0
16;25500;INTARIAN_PEPPER_ROOT;29021;11;;;;;29034;12;;;;;29028.0;0.0
16;25600;ASH_COATED_OSMIUM;9989;12;9987;30;9986;14;10005;6;10006;14;10007;15;9997.5;0.0
16;25600;INTARIAN_PEPPER_ROOT;29018;11;29017;10;29015;9;29032;9;29033;10;29035;9;29025.0;0.0
16;25700;ASH_COATED_OSMIUM;9995;27;;;;;10011;14;;;;;10003.0;0.0
16;25700;INTARIAN_PEPPER_ROOT;29020;8;29018;9;;;29033;23;29036;11;;;29026.5;0.0
16;25800;ASH_COATED_OSMIUM;9995;12;9993;11;;;10011;11;10013;10;;;10003.0;0.0
16;25800;INTARIAN_PEPPER_ROOT;29016;10;29015;9;;;29032;11;29033;8;;;29024.5;0.0
16;25900;ASH_COATED_OSMIUM;9995;10;9994;11;;;10011;12;10014;11;;;10003.0;0.0
16;25900;INTARIAN_PEPPER_ROOT;29017;11;29014;11;29012;11;29030;9;29031;8;29032;10;29024.0;0.0
16;26000;ASH_COATED_OSMIUM;9993;11;9990;12;;;10012;15;10015;10;;;10003.0;0.0
16;26000;INTARIAN_PEPPER_ROOT;29018;8;29015;8;;;29034;8;29036;10;;;29026.5;0.0
16;26100;ASH_COATED_OSMIUM;9989;15;9987;13;;;10008;10;10011;5;;;9998.5;0.0
16;26100;INTARIAN_PEPPER_ROOT;29024;9;;;;;29037;24;;;;;29031.0;0.0
16;26200;ASH_COATED_OSMIUM;9993;10;9990;13;9989;12;10014;12;10015;24;10017;8;10004.0;0.0
16;26200;INTARIAN_PEPPER_ROOT;29026;8;29023;23;;;29037;24;29038;8;;;29031.5;0.0
16;26300;ASH_COATED_OSMIUM;9996;12;9993;14;;;10012;15;10013;11;;;10004.0;0.0
16;26300;INTARIAN_PEPPER_ROOT;29019;9;29018;8;29017;19;29031;12;29032;12;29034;12;29025.0;0.0
16;26400;ASH_COATED_OSMIUM;9990;10;9987;15;;;10006;10;10008;15;;;9998.5;0.0
16;26400;INTARIAN_PEPPER_ROOT;29022;12;29019;17;29018;8;29034;12;29037;12;29039;12;29028.0;0.0
16;26500;ASH_COATED_OSMIUM;9987;14;9984;3;;;10006;13;10009;21;;;9997.0;0.0
16;26500;INTARIAN_PEPPER_ROOT;29019;10;29017;11;;;29032;9;29035;9;;;29025.5;0.0
16;26600;ASH_COATED_OSMIUM;9997;14;9994;13;;;10007;26;10008;10;;;10002.5;0.0
16;26600;INTARIAN_PEPPER_ROOT;29022;11;29019;18;29017;10;29034;10;29035;11;29037;11;29028.0;0.0
16;26700;ASH_COATED_OSMIUM;9992;20;9990;15;;;10003;29;10006;10;;;9997.5;0.0
16;26700;INTARIAN_PEPPER_ROOT;29018;11;29015;15;29013;8;29034;11;29035;11;29037;9;29026.5;0.0
16;26800;ASH_COATED_OSMIUM;9989;11;;;;;10005;13;;;;;9997.0;0.0
16;26800;INTARIAN_PEPPER_ROOT;29019;11;29018;12;;;29035;8;29037;25;;;29027.0;0.0
16;26900;ASH_COATED_OSMIUM;9988;29;9985;14;;;10004;10;10007;10;;;9996.5;0.0
16;26900;INTARIAN_PEPPER_ROOT;29018;8;29016;11;29013;8;29035;16;29038;9;29039;10;29026.5;0.0
16;27000;ASH_COATED_OSMIUM;9988;10;9987;15;;;10004;22;10005;11;;;9996.5;0.0
16;27000;INTARIAN_PEPPER_ROOT;29016;11;;;;;29028;11;;;;;29022.5;0.0
16;27100;ASH_COATED_OSMIUM;9988;14;;;;;10004;27;;;;;9996.0;0.0
16;27100;INTARIAN_PEPPER_ROOT;29017;25;29016;17;;;29032;11;29033;12;;;29025.0;0.0
16;27200;ASH_COATED_OSMIUM;9987;11;9984;23;9983;15;10006;11;10009;10;10010;15;9997.0;0.0
16;27200;INTARIAN_PEPPER_ROOT;29021;9;29018;11;;;29032;12;29035;10;;;29027.0;0.0
16;27300;ASH_COATED_OSMIUM;9988;13;9986;13;;;10004;20;10006;14;;;9996.5;0.0
16;27300;INTARIAN_PEPPER_ROOT;29022;16;29021;8;;;29034;8;29035;12;;;29028.5;0.0
16;27400;ASH_COATED_OSMIUM;9987;13;9986;11;;;10005;15;10008;12;;;9996.5;0.0
16;27400;INTARIAN_PEPPER_ROOT;29015;12;29014;9;;;29032;10;29035;10;;;29024.0;0.0
16;27500;ASH_COATED_OSMIUM;9994;11;9992;12;9989;10;10010;11;10013;11;10014;4;10002.5;0.0
16;27500;INTARIAN_PEPPER_ROOT;29018;8;;;;;29030;11;;;;;29024.5;0.0
16;27600;ASH_COATED_OSMIUM;9994;10;;;;;10010;13;;;;;10002.5;0.0
16;27600;INTARIAN_PEPPER_ROOT;29021;7;;;;;29035;11;;;;;29028.0;0.0
16;27700;ASH_COATED_OSMIUM;9989;12;9987;11;;;10005;14;10006;12;;;9997.5;0.0
16;27700;INTARIAN_PEPPER_ROOT;29026;11;;;;;29042;25;;;;;29034.0;0.0
16;27800;ASH_COATED_OSMIUM;9990;3;9987;15;9984;24;10006;13;10008;10;10010;10;9998.0;0.0
16;27800;INTARIAN_PEPPER_ROOT;29030;8;29028;10;;;29033;12;29036;8;;;29031.5;0.0
16;27900;ASH_COATED_OSMIUM;9989;14;9987;11;9984;15;10005;12;10007;27;10010;14;9997.5;0.0
16;27900;INTARIAN_PEPPER_ROOT;29014;8;29013;16;29011;18;29031;12;29034;11;29036;8;29023.0;0.0
16;28000;ASH_COATED_OSMIUM;9990;14;9987;12;9985;11;10006;20;10009;15;10010;12;9998.0;0.0
16;28000;INTARIAN_PEPPER_ROOT;29021;9;29019;10;;;29034;20;29035;22;;;29028.0;0.0
16;28100;ASH_COATED_OSMIUM;9990;12;9989;14;9987;30;10006;13;10009;13;10012;10;9998.5;0.0
16;28100;INTARIAN_PEPPER_ROOT;29023;21;29022;18;;;29035;11;29037;12;;;29029.5;0.0
16;28200;ASH_COATED_OSMIUM;9990;14;9989;10;9986;10;10006;20;10008;12;10009;14;9998.0;0.0
16;28200;INTARIAN_PEPPER_ROOT;29023;10;;;;;29036;10;;;;;29029.5;0.0
16;28300;ASH_COATED_OSMIUM;9993;24;9990;11;;;10012;10;10013;10;;;10003.0;0.0
16;28300;INTARIAN_PEPPER_ROOT;29022;11;;;;;29035;25;;;;;29029.0;0.0
16;28400;ASH_COATED_OSMIUM;9994;14;;;;;10013;10;;;;;10003.5;0.0
16;28400;INTARIAN_PEPPER_ROOT;29019;9;29018;12;;;29033;16;29035;12;;;29026.0;0.0
16;28500;ASH_COATED_OSMIUM;9990;14;9988;12;;;10006;27;10009;2;;;9998.0;0.0
16;28500;INTARIAN_PEPPER_ROOT;29021;12;29020;9;;;29036;12;29038;8;;;29028.5;0.0
16;28600;ASH_COATED_OSMIUM;9990;11;;;;;10006;4;;;;;9998.5;0.0
16;28600;INTARIAN_PEPPER_ROOT;29020;25;29018;9;29016;11;29031;8;29032;8;29033;10;29026.0;0.0
16;28700;ASH_COATED_OSMIUM;9995;10;;;;;10011;15;;;;;10003.0;0.0
16;28700;INTARIAN_PEPPER_ROOT;29016;11;;;;;29028;24;;;;;29022.0;0.0
16;28800;ASH_COATED_OSMIUM;9989;13;9988;30;;;10008;11;10010;12;;;9998.5;0.0
16;28800;INTARIAN_PEPPER_ROOT;29023;9;29022;11;;;29034;12;29035;10;;;29029.0;0.0
16;28900;ASH_COATED_OSMIUM;9990;15;9989;15;9986;15;10006;29;10009;15;10011;10;9998.5;0.0
16;28900;INTARIAN_PEPPER_ROOT;29021;9;29020;18;29019;11;29035;8;29038;9;29039;8;29028.5;0.0
16;29000;ASH_COATED_OSMIUM;9990;15;9987;10;9984;15;10006;26;10007;15;10009;3;9998.5;0.0
16;29000;INTARIAN_PEPPER_ROOT;29023;24;29022;12;;;29038;9;29039;11;;;29030.5;0.0
16;29100;ASH_COATED_OSMIUM;9994;12;9991;14;9988;10;10012;10;10014;12;10016;13;10003.5;0.0
16;29100;INTARIAN_PEPPER_ROOT;29022;10;29019;9;;;29034;11;29037;20;;;29028.5;0.0
16;29200;ASH_COATED_OSMIUM;9993;14;;;;;10012;26;;;;;10003.0;0.0
16;29200;INTARIAN_PEPPER_ROOT;29024;12;29021;8;29019;10;29036;8;29037;18;29040;11;29030.0;0.0
16;29300;ASH_COATED_OSMIUM;9993;14;9991;13;;;10011;10;10012;11;;;10002.5;0.0
16;29300;INTARIAN_PEPPER_ROOT;29025;9;29022;12;;;29037;8;29039;12;;;29031.0;0.0
16;29400;ASH_COATED_OSMIUM;9988;29;;;;;10006;15;;;;;9997.5;0.0
16;29400;INTARIAN_PEPPER_ROOT;29016;10;29015;10;;;29029;9;29031;12;;;29023.0;0.0
16;29500;ASH_COATED_OSMIUM;9989;15;;;;;10005;11;;;;;9997.0;0.0
16;29500;INTARIAN_PEPPER_ROOT;29024;17;;;;;29037;10;;;;;29030.5;0.0
16;29600;ASH_COATED_OSMIUM;9992;13;9990;14;9988;11;10002;11;10005;14;10007;28;9997.5;0.0
16;29600;INTARIAN_PEPPER_ROOT;29021;10;29019;8;;;29038;19;29041;10;;;29029.5;0.0
16;29700;ASH_COATED_OSMIUM;9989;10;;;;;10005;15;;;;;9997.5;0.0
16;29700;INTARIAN_PEPPER_ROOT;29028;9;;;;;29040;10;;;;;29034.5;0.0
16;29800;ASH_COATED_OSMIUM;9988;15;9985;14;9984;24;10006;21;10007;13;10010;29;9997.0;0.0
16;29800;INTARIAN_PEPPER_ROOT;29021;10;29019;9;;;29039;11;29042;9;;;29030.0;0.0
16;29900;ASH_COATED_OSMIUM;9991;12;9988;14;9986;25;10012;10;10013;2;10015;13;10002.0;0.0
16;29900;INTARIAN_PEPPER_ROOT;29023;12;29021;10;;;29034;12;29037;9;;;29029.0;0.0
16;30000;ASH_COATED_OSMIUM;9989;13;9986;12;;;10005;10;10008;22;;;9997.0;0.0
16;30000;INTARIAN_PEPPER_ROOT;29023;15;29020;12;;;29037;8;29038;11;;;29030.0;0.0
16;30100;ASH_COATED_OSMIUM;9990;10;9988;15;9986;15;10006;14;10007;30;10009;10;9998.5;0.0
16;30100;INTARIAN_PEPPER_ROOT;29022;10;;;;;29037;9;;;;;29029.5;0.0
16;30200;ASH_COATED_OSMIUM;9994;10;9993;12;;;10013;14;10015;12;;;10003.5;0.0
16;30200;INTARIAN_PEPPER_ROOT;29024;9;29021;11;;;29037;8;29038;10;;;29031.0;0.0
16;30300;ASH_COATED_OSMIUM;9997;10;;;;;10008;12;;;;;10003.0;0.0
16;30300;INTARIAN_PEPPER_ROOT;29020;9;29018;3;29016;12;29037;11;29040;9;29041;21;29028.5;0.0
16;30400;ASH_COATED_OSMIUM;9996;12;;;;;10012;11;;;;;10004.0;0.0
16;30400;INTARIAN_PEPPER_ROOT;29021;11;29019;12;;;29041;24;29042;5;;;29031.5;0.0
16;30500;ASH_COATED_OSMIUM;9990;10;9989;13;;;10006;10;10008;14;;;9998.0;0.0
16;30500;INTARIAN_PEPPER_ROOT;29022;20;29019;9;;;29034;10;29036;10;;;29028.5;0.0
16;30600;ASH_COATED_OSMIUM;9990;10;;;;;10006;15;;;;;9998.5;0.0
16;30600;INTARIAN_PEPPER_ROOT;29022;12;29019;8;29018;16;29035;8;29038;12;29039;10;29029.0;0.0
16;30700;ASH_COATED_OSMIUM;9990;10;9987;13;;;10006;10;10008;10;;;9998.0;0.0
16;30700;INTARIAN_PEPPER_ROOT;29025;10;29023;10;;;29039;8;29040;8;;;29032.5;0.0
16;30800;ASH_COATED_OSMIUM;9990;15;9988;12;;;10006;10;10009;26;;;9998.5;0.0
16;30800;INTARIAN_PEPPER_ROOT;29031;11;29028;12;;;29033;10;29036;10;;;29032.5;0.0
16;30900;ASH_COATED_OSMIUM;9996;12;9993;10;;;10012;13;10014;11;;;10004.5;0.0
16;30900;INTARIAN_PEPPER_ROOT;29027;8;29026;11;;;29038;8;29039;10;;;29033.0;0.0
16;31000;ASH_COATED_OSMIUM;9991;10;9989;12;9988;11;10007;10;10010;10;10011;10;9999.5;0.0
16;31000;INTARIAN_PEPPER_ROOT;29023;11;;;;;29037;23;;;;;29030.5;0.0
16;31100;ASH_COATED_OSMIUM;9991;10;;;;;10007;14;;;;;9999.5;0.0
16;31100;INTARIAN_PEPPER_ROOT;29023;12;29020;12;;;29040;12;29043;8;;;29031.5;0.0
16;31200;ASH_COATED_OSMIUM;9991;15;9989;24;9986;12;10007;12;10009;14;10012;22;9999.5;0.0
16;31200;INTARIAN_PEPPER_ROOT;29021;9;29020;12;29019;10;29037;25;29040;8;29042;8;29029.0;0.0
16;31300;ASH_COATED_OSMIUM;9992;14;9989;29;9986;11;10008;28;10011;14;10012;13;10000.0;0.0
16;31300;INTARIAN_PEPPER_ROOT;29029;5;29026;12;;;29043;8;29046;9;;;29036.0;0.0
16;31400;ASH_COATED_OSMIUM;9997;14;;;;;10013;11;;;;;10005.0;0.0
16;31400;INTARIAN_PEPPER_ROOT;29022;5;29019;11;;;29038;12;29041;6;;;29030.0;0.0
16;31500;ASH_COATED_OSMIUM;9997;10;;;;;10013;14;;;;;10005.0;0.0
16;31500;INTARIAN_PEPPER_ROOT;29022;10;29021;10;;;29034;10;29036;9;;;29028.0;0.0
16;31600;ASH_COATED_OSMIUM;9990;15;;;;;10011;13;;;;;10000.5;0.0
16;31600;INTARIAN_PEPPER_ROOT;29025;17;29023;12;;;29041;10;29042;10;;;29033.0;0.0
16;31700;ASH_COATED_OSMIUM;9998;13;9997;14;9995;10;10014;23;10016;14;10017;13;10006.0;0.0
16;31700;INTARIAN_PEPPER_ROOT;29025;23;29022;12;;;29038;17;29041;8;;;29032.0;0.0
16;31800;ASH_COATED_OSMIUM;9998;15;9995;29;;;10014;21;10016;14;;;10006.0;0.0
16;31800;INTARIAN_PEPPER_ROOT;29026;16;29023;8;29022;8;29039;9;29041;9;29042;9;29032.5;0.0
16;31900;ASH_COATED_OSMIUM;9998;10;9996;15;;;10004;15;10005;20;;;10001.0;0.0
16;31900;INTARIAN_PEPPER_ROOT;29024;12;29023;12;;;29036;22;29038;8;;;29030.5;0.0
16;32000;ASH_COATED_OSMIUM;9999;10;;;;;10017;13;;;;;10008.0;0.0
16;32000;INTARIAN_PEPPER_ROOT;29024;12;;;;;29037;8;;;;;29030.5;0.0
16;32100;ASH_COATED_OSMIUM;9998;10;9996;15;;;10008;12;10010;10;;;10003.0;0.0
16;32100;INTARIAN_PEPPER_ROOT;29024;12;29021;8;;;29040;8;29042;10;;;29032.0;0.0
16;32200;ASH_COATED_OSMIUM;10000;12;9999;22;9997;15;10016;14;10017;14;10019;14;10008.0;0.0
16;32200;INTARIAN_PEPPER_ROOT;29021;8;29018;11;;;29039;11;29040;11;;;29030.0;0.0
16;32300;ASH_COATED_OSMIUM;9993;12;9992;11;;;10012;15;10013;4;;;10003.0;0.0
16;32300;INTARIAN_PEPPER_ROOT;29025;12;;;;;29039;11;;;;;29032.0;0.0
16;32400;ASH_COATED_OSMIUM;9995;25;9993;22;9991;14;10011;13;10012;13;10014;10;10003.0;0.0
16;32400;INTARIAN_PEPPER_ROOT;29029;20;29028;12;;;29043;9;29044;10;;;29036.0;0.0
16;32500;ASH_COATED_OSMIUM;9999;13;9998;15;9997;15;10017;14;10018;14;10020;10;10008.0;0.0
16;32500;INTARIAN_PEPPER_ROOT;29026;8;29023;12;;;29037;10;29040;12;;;29032.0;0.0
16;32600;ASH_COATED_OSMIUM;10001;27;9999;15;9997;29;10017;20;10019;10;10020;12;10009.0;0.0
16;32600;INTARIAN_PEPPER_ROOT;29026;16;29023;24;;;29039;8;29040;22;;;29032.5;0.0
16;32700;ASH_COATED_OSMIUM;10004;11;10003;10;10001;26;10013;15;10014;11;10017;14;10009.0;0.0
16;32700;INTARIAN_PEPPER_ROOT;29026;19;29025;10;29023;19;29037;9;29039;12;29042;10;29032.0;0.0
16;32800;ASH_COATED_OSMIUM;9995;13;;;;;10013;12;;;;;10004.0;0.0
16;32800;INTARIAN_PEPPER_ROOT;29025;10;29023;16;;;29039;9;29042;9;;;29032.5;0.0
16;32900;ASH_COATED_OSMIUM;10000;25;9998;14;9995;13;10018;14;10021;14;10022;13;10009.5;0.0
16;32900;INTARIAN_PEPPER_ROOT;29030;10;29029;8;;;29046;8;29049;15;;;29038.5;0.0
16;33000;ASH_COATED_OSMIUM;9998;15;9995;4;;;10011;12;10013;14;;;10004.5;0.0
16;33000;INTARIAN_PEPPER_ROOT;29027;8;29025;11;29023;9;29040;11;29043;11;29044;10;29034.0;0.0
16;33100;ASH_COATED_OSMIUM;10002;12;10000;11;;;10018;11;10020;14;;;10010.5;0.0
16;33100;INTARIAN_PEPPER_ROOT;29031;8;;;;;29045;8;;;;;29038.5;0.0
16;33200;ASH_COATED_OSMIUM;10005;10;10003;15;;;10015;10;10018;13;;;10010.5;0.0
16;33200;INTARIAN_PEPPER_ROOT;29027;17;29024;12;;;29041;17;29043;8;;;29034.0;0.0
16;33300;ASH_COATED_OSMIUM;9997;11;9995;11;9993;15;10013;15;10015;11;10017;11;10005.0;0.0
16;33300;INTARIAN_PEPPER_ROOT;29027;8;;;;;29040;9;;;;;29034.0;0.0
16;33400;ASH_COATED_OSMIUM;9995;14;9994;11;;;10014;10;10017;14;;;10005.0;0.0
16;33400;INTARIAN_PEPPER_ROOT;29022;8;29020;9;;;29035;8;29038;21;;;29028.5;0.0
16;33500;ASH_COATED_OSMIUM;10002;10;9999;13;;;10018;22;10021;14;;;10010.5;0.0
16;33500;INTARIAN_PEPPER_ROOT;29027;11;29025;24;29023;10;29039;11;29041;8;29042;9;29033.5;0.0
16;33600;ASH_COATED_OSMIUM;9997;29;9994;25;9992;11;10013;14;10014;14;10015;5;10005.0;0.0
16;33600;INTARIAN_PEPPER_ROOT;29029;19;;;;;29040;10;;;;;29035.0;0.0
16;33700;ASH_COATED_OSMIUM;10002;11;;;;;10018;13;;;;;10010.0;0.0
16;33700;INTARIAN_PEPPER_ROOT;29024;12;;;;;29041;8;;;;;29033.0;0.0
16;33800;ASH_COATED_OSMIUM;10002;12;;;;;10018;13;;;;;10010.5;0.0
16;33800;INTARIAN_PEPPER_ROOT;29027;15;;;;;29040;8;;;;;29033.5;0.0
16;33900;ASH_COATED_OSMIUM;10002;12;9999;13;9998;15;10018;13;10021;15;10024;12;10010.0;0.0
16;33900;INTARIAN_PEPPER_ROOT;29028;25;;;;;29036;9;;;;;29032.0;0.0
16;34000;ASH_COATED_OSMIUM;10002;21;;;;;10018;14;;;;;10010.0;0.0
16;34000;INTARIAN_PEPPER_ROOT;29025;9;;;;;29037;9;;;;;29031.0;0.0
16;34100;ASH_COATED_OSMIUM;10002;13;9999;11;;;10018;14;10020;13;;;10010.0;0.0
16;34100;INTARIAN_PEPPER_ROOT;29028;12;;;;;29041;8;;;;;29035.0;0.0
16;34200;ASH_COATED_OSMIUM;9996;3;9993;12;9991;11;10012;10;10014;11;10015;15;10004.5;0.0
16;34200;INTARIAN_PEPPER_ROOT;29029;23;;;;;29041;20;;;;;29035.0;0.0
16;34300;ASH_COATED_OSMIUM;9996;13;9995;15;;;10012;10;10013;10;;;10004.5;0.0
16;34300;INTARIAN_PEPPER_ROOT;29028;10;29027;9;29024;9;29040;12;29042;9;29045;24;29034.0;0.0
16;34400;ASH_COATED_OSMIUM;9996;11;9994;14;9992;13;10012;11;10013;13;10016;10;10004.0;0.0
16;34400;INTARIAN_PEPPER_ROOT;29027;8;;;;;29038;11;;;;;29033.0;0.0
16;34500;ASH_COATED_OSMIUM;9996;14;9995;10;9992;15;10012;28;10015;10;10017;13;10004.0;0.0
16;34500;INTARIAN_PEPPER_ROOT;29029;10;;;;;29042;9;;;;;29036.0;0.0
16;34600;ASH_COATED_OSMIUM;9995;23;9993;20;;;10011;11;10014;14;;;10003.5;0.0
16;34600;INTARIAN_PEPPER_ROOT;29028;9;29027;10;29026;10;29041;8;29043;12;29046;25;29034.5;0.0
16;34700;ASH_COATED_OSMIUM;9994;22;;;;;10010;12;;;;;10002.5;0.0
16;34700;INTARIAN_PEPPER_ROOT;29027;9;;;;;29039;11;;;;;29033.5;0.0
16;34800;ASH_COATED_OSMIUM;9993;10;9990;10;9989;13;10012;11;10014;10;10015;13;10003.0;0.0
16;34800;INTARIAN_PEPPER_ROOT;29030;25;;;;;29041;8;;;;;29036.0;0.0
16;34900;ASH_COATED_OSMIUM;9993;13;9991;10;;;10012;26;10014;13;;;10003.0;0.0
16;34900;INTARIAN_PEPPER_ROOT;29029;8;;;;;29041;10;;;;;29035.0;0.0
16;35000;ASH_COATED_OSMIUM;9993;14;9990;13;;;10011;30;10014;10;;;10002.5;0.0
16;35000;INTARIAN_PEPPER_ROOT;29031;8;29028;8;29026;17;29043;11;29046;8;29048;8;29037.5;0.0
16;35100;ASH_COATED_OSMIUM;9998;2;9997;12;9995;10;10017;11;10019;13;10022;13;10008.0;0.0
16;35100;INTARIAN_PEPPER_ROOT;29030;11;29027;8;;;29044;23;29046;10;;;29037.0;0.0
16;35200;ASH_COATED_OSMIUM;9998;10;9995;2;;;10016;14;10019;30;;;10007.5;0.0
16;35200;INTARIAN_PEPPER_ROOT;29030;10;;;;;29043;12;;;;;29037.0;0.0
16;35300;ASH_COATED_OSMIUM;9993;13;9990;4;9988;21;10012;20;10015;10;10016;12;10002.5;0.0
16;35300;INTARIAN_PEPPER_ROOT;29028;12;;;;;29042;9;;;;;29035.0;0.0
16;35400;ASH_COATED_OSMIUM;9993;11;;;;;10012;14;;;;;10002.5;0.0
16;35400;INTARIAN_PEPPER_ROOT;29027;10;29024;11;;;29039;20;29040;10;;;29033.5;0.0
16;35500;ASH_COATED_OSMIUM;10003;11;10002;12;;;10013;26;10015;13;;;10008.5;0.0
16;35500;INTARIAN_PEPPER_ROOT;29031;10;29028;16;;;29043;10;29046;16;;;29037.5;0.0
16;35600;ASH_COATED_OSMIUM;9995;11;9994;13;;;10011;21;10014;13;;;10003.0;0.0
16;35600;INTARIAN_PEPPER_ROOT;29034;11;;;;;29046;17;;;;;29040.5;0.0
16;35700;ASH_COATED_OSMIUM;10000;15;9998;11;9997;15;10016;13;10019;22;10022;27;10008.5;0.0
16;35700;INTARIAN_PEPPER_ROOT;29026;11;29025;11;;;29040;10;29042;11;;;29033.5;0.0
16;35800;ASH_COATED_OSMIUM;9997;11;;;;;10008;13;;;;;10002.5;0.0
16;35800;INTARIAN_PEPPER_ROOT;29028;8;29025;8;;;29042;16;29043;8;;;29035.5;0.0
16;35900;ASH_COATED_OSMIUM;9998;12;9997;27;9995;10;10016;4;10018;14;10021;12;10007.0;0.0
16;35900;INTARIAN_PEPPER_ROOT;29029;9;29026;12;29025;12;29045;11;29047;8;29048;8;29037.5;0.0
16;36000;ASH_COATED_OSMIUM;9997;12;;;;;10016;22;;;;;10007.0;0.0
16;36000;INTARIAN_PEPPER_ROOT;29029;8;;;;;29042;17;;;;;29036.0;0.0
16;36100;ASH_COATED_OSMIUM;9999;14;;;;;10015;4;;;;;10007.5;0.0
16;36100;INTARIAN_PEPPER_ROOT;29025;10;29022;12;;;29040;25;29043;10;;;29033.0;0.0
16;36200;ASH_COATED_OSMIUM;9997;14;9995;12;9994;11;10016;14;10017;14;10020;15;10007.0;0.0
16;36200;INTARIAN_PEPPER_ROOT;29030;10;29029;8;;;29042;9;29045;9;;;29036.5;0.0
16;36300;ASH_COATED_OSMIUM;9994;10;;;;;10010;15;;;;;10002.0;0.0
16;36300;INTARIAN_PEPPER_ROOT;29032;8;;;;;29043;10;;;;;29038.0;0.0
16;36400;ASH_COATED_OSMIUM;9994;13;9992;14;9990;15;10010;14;10012;10;10013;10;10002.0;0.0
16;36400;INTARIAN_PEPPER_ROOT;29031;17;29029;10;;;29042;11;29043;12;;;29036.5;0.0
16;36500;ASH_COATED_OSMIUM;9994;2;;;;;10010;26;;;;;10002.5;0.0
16;36500;INTARIAN_PEPPER_ROOT;29035;25;;;;;29037;8;;;;;29036.5;0.0
16;36600;ASH_COATED_OSMIUM;10000;12;9999;11;9996;12;10016;10;10019;26;10022;12;10008.0;0.0
16;36600;INTARIAN_PEPPER_ROOT;29030;9;29028;17;29025;11;29046;8;29049;9;29052;12;29038.5;0.0
16;36700;ASH_COATED_OSMIUM;9999;12;9998;13;;;10015;14;10018;26;;;10007.5;0.0
16;36700;INTARIAN_PEPPER_ROOT;29029;10;29027;9;;;29043;20;29044;8;;;29036.5;0.0
16;36800;ASH_COATED_OSMIUM;9999;15;9996;12;9994;11;10015;12;10017;5;10018;12;10007.5;0.0
16;36800;INTARIAN_PEPPER_ROOT;29028;8;29026;12;;;29041;12;29044;25;;;29035.0;0.0
16;36900;ASH_COATED_OSMIUM;9993;14;;;;;10011;8;;;;;10002.0;0.0
16;36900;INTARIAN_PEPPER_ROOT;29029;9;;;;;29043;11;;;;;29036.0;0.0
16;37000;ASH_COATED_OSMIUM;9997;11;;;;;10007;10;;;;;10002.0;0.0
16;37000;INTARIAN_PEPPER_ROOT;29027;12;29025;9;;;29040;8;29041;11;;;29034.0;0.0
16;37100;ASH_COATED_OSMIUM;9994;13;9991;14;9990;15;10010;14;10013;11;10015;10;10002.0;0.0
16;37100;INTARIAN_PEPPER_ROOT;29034;9;29031;22;;;29045;10;29046;12;;;29039.5;0.0
16;37200;ASH_COATED_OSMIUM;9999;28;9997;12;9994;11;10015;25;10018;25;10019;26;10007.0;0.0
16;37200;INTARIAN_PEPPER_ROOT;29033;3;29032;10;;;29045;12;29046;8;;;29039.0;0.0
16;37300;ASH_COATED_OSMIUM;9994;15;;;;;10010;10;;;;;10002.0;0.0
16;37300;INTARIAN_PEPPER_ROOT;29030;12;29028;9;;;29046;9;29047;20;;;29038.0;0.0
16;37400;ASH_COATED_OSMIUM;9999;12;;;;;10015;12;;;;;10007.0;0.0
16;37400;INTARIAN_PEPPER_ROOT;29032;11;29031;10;29030;19;29044;16;29046;8;29048;9;29038.0;0.0
16;37500;ASH_COATED_OSMIUM;9999;12;9998;14;;;10015;13;10017;10;;;10007.5;0.0
16;37500;INTARIAN_PEPPER_ROOT;29034;11;;;;;29047;9;;;;;29041.0;0.0
16;37600;ASH_COATED_OSMIUM;9999;10;;;;;10015;10;;;;;10007.0;0.0
16;37600;INTARIAN_PEPPER_ROOT;29030;10;29027;12;29024;12;29047;8;29050;12;29053;11;29039.0;0.0
16;37700;ASH_COATED_OSMIUM;9992;13;9991;11;;;10011;10;10012;11;;;10001.5;0.0
16;37700;INTARIAN_PEPPER_ROOT;29035;10;;;;;29048;22;;;;;29041.5;0.0
16;37800;ASH_COATED_OSMIUM;9998;13;;;;;10014;13;;;;;10006.5;0.0
16;37800;INTARIAN_PEPPER_ROOT;29032;21;;;;;29046;12;;;;;29039.0;0.0
16;37900;ASH_COATED_OSMIUM;9999;12;9996;26;9993;15;10015;13;10016;12;10019;14;10007.0;0.0
16;37900;INTARIAN_PEPPER_ROOT;29031;11;29028;21;29027;9;29043;8;29046;11;29048;9;29037.5;0.0
16;38000;ASH_COATED_OSMIUM;9999;12;9996;12;;;10015;14;10017;12;;;10007.0;0.0
16;38000;INTARIAN_PEPPER_ROOT;29031;11;;;;;29044;22;;;;;29038.0;0.0
16;38100;ASH_COATED_OSMIUM;9992;28;;;;;10010;11;;;;;10001.5;0.0
16;38100;INTARIAN_PEPPER_ROOT;29037;24;29036;8;;;29039;9;29040;8;;;29038.0;0.0
16;38200;ASH_COATED_OSMIUM;9998;13;;;;;10004;15;;;;;10001.0;0.0
16;38200;INTARIAN_PEPPER_ROOT;29031;19;29028;9;29025;11;29044;9;29047;12;29050;9;29038.0;0.0
16;38300;ASH_COATED_OSMIUM;9993;13;9991;11;;;10009;11;10012;10;;;10001.5;0.0
16;38300;INTARIAN_PEPPER_ROOT;29029;8;;;;;29045;12;;;;;29037.0;0.0
16;38400;ASH_COATED_OSMIUM;9996;21;9994;13;;;10005;13;10007;11;;;10001.0;0.0
16;38400;INTARIAN_PEPPER_ROOT;29029;25;29027;11;29026;10;29044;9;29046;10;29049;8;29036.5;0.0
16;38500;ASH_COATED_OSMIUM;9998;3;9995;25;9992;13;10014;28;10017;13;10019;13;10006.0;0.0
16;38500;INTARIAN_PEPPER_ROOT;29033;23;;;;;29045;11;;;;;29039.0;0.0
16;38600;ASH_COATED_OSMIUM;9992;13;9990;11;;;10011;14;10012;14;;;10001.5;0.0
16;38600;INTARIAN_PEPPER_ROOT;29030;8;;;;;29044;7;;;;;29037.5;0.0
16;38700;ASH_COATED_OSMIUM;9999;27;;;;;10015;14;;;;;10007.0;0.0
16;38700;INTARIAN_PEPPER_ROOT;29033;19;29031;9;29030;21;29046;12;29049;23;29050;17;29040.0;0.0
16;38800;ASH_COATED_OSMIUM;9997;11;9996;10;;;10016;10;10017;2;;;10006.5;0.0
16;38800;INTARIAN_PEPPER_ROOT;29031;6;;;;;29045;12;;;;;29038.0;0.0
16;38900;ASH_COATED_OSMIUM;9999;13;9997;24;;;10015;28;10018;11;;;10007.0;0.0
16;38900;INTARIAN_PEPPER_ROOT;29033;12;29032;9;29029;8;29047;8;29050;10;29053;23;29040.0;0.0
16;39000;ASH_COATED_OSMIUM;9993;23;;;;;10009;11;;;;;10001.5;0.0
16;39000;INTARIAN_PEPPER_ROOT;29032;11;29030;25;29028;15;29045;9;29047;19;29048;9;29038.5;0.0
16;39100;ASH_COATED_OSMIUM;9993;23;9992;15;9989;13;10009;10;10010;13;10012;11;10001.5;0.0
16;39100;INTARIAN_PEPPER_ROOT;29031;11;29030;8;29029;21;29046;10;29049;12;29050;11;29039.0;0.0
16;39200;ASH_COATED_OSMIUM;10000;15;;;;;10016;15;;;;;10008.0;0.0
16;39200;INTARIAN_PEPPER_ROOT;29029;9;;;;;29048;9;;;;;29039.0;0.0
16;39300;ASH_COATED_OSMIUM;9998;12;;;;;10017;14;;;;;10008.0;0.0
16;39300;INTARIAN_PEPPER_ROOT;29037;9;29035;11;29033;8;29050;11;29053;12;29054;11;29043.5;0.0
16;39400;ASH_COATED_OSMIUM;9994;21;9993;14;9992;10;10010;6;10011;12;10014;15;10002.5;0.0
16;39400;INTARIAN_PEPPER_ROOT;29030;12;29027;12;29026;11;29046;9;29047;11;29049;9;29038.5;0.0
16;39500;ASH_COATED_OSMIUM;9999;12;;;;;10015;12;;;;;10007.5;0.0
16;39500;INTARIAN_PEPPER_ROOT;29031;11;29029;11;;;29045;8;29048;12;;;29038.5;0.0
16;39600;ASH_COATED_OSMIUM;9998;11;9997;10;9995;13;10016;12;10018;20;10019;15;10007.5;0.0
16;39600;INTARIAN_PEPPER_ROOT;29035;10;29034;10;29033;10;29048;12;29051;11;29052;11;29041.5;0.0
16;39700;ASH_COATED_OSMIUM;9994;12;9993;13;;;10010;15;10012;11;;;10002.0;0.0
16;39700;INTARIAN_PEPPER_ROOT;29033;11;29032;10;;;29046;9;29048;11;;;29039.5;0.0
16;39800;ASH_COATED_OSMIUM;9994;11;;;;;10010;10;;;;;10002.0;0.0
16;39800;INTARIAN_PEPPER_ROOT;29030;12;;;;;29044;12;;;;;29037.0;0.0
16;39900;ASH_COATED_OSMIUM;9994;14;9991;11;;;10010;13;10011;13;;;10002.0;0.0
16;39900;INTARIAN_PEPPER_ROOT;29030;12;;;;;29044;10;;;;;29037.5;0.0
16;40000;ASH_COATED_OSMIUM;9999;14;9996;10;;;10015;10;10017;28;;;10007.0;0.0
16;40000;INTARIAN_PEPPER_ROOT;29031;8;29028;19;29026;20;29043;12;29045;8;29047;22;29037.5;0.0
16;40100;ASH_COATED_OSMIUM;9999;14;9997;11;;;10015;10;10016;11;;;10007.0;0.0
16;40100;INTARIAN_PEPPER_ROOT;29033;10;29032;11;;;29046;8;29048;8;;;29040.0;0.0
16;40200;ASH_COATED_OSMIUM;9994;10;;;;;10010;13;;;;;10002.0;0.0
16;40200;INTARIAN_PEPPER_ROOT;29040;10;;;;;29052;9;;;;;29046.5;0.0
16;40300;ASH_COATED_OSMIUM;9999;3;9996;10;9993;12;10015;30;10017;14;10019;12;10007.0;0.0
16;40300;INTARIAN_PEPPER_ROOT;29026;11;29024;9;;;29044;11;29046;10;;;29035.5;0.0
16;40400;ASH_COATED_OSMIUM;9993;22;;;;;10009;28;;;;;10001.0;0.0
16;40400;INTARIAN_PEPPER_ROOT;29033;10;29031;10;29028;22;29047;9;29048;25;29051;12;29040.0;0.0
16;40500;ASH_COATED_OSMIUM;9997;14;9994;13;;;10015;14;10016;15;;;10006.0;0.0
16;40500;INTARIAN_PEPPER_ROOT;29035;9;29033;10;;;29049;9;29051;17;;;29042.0;0.0
16;40600;ASH_COATED_OSMIUM;9992;13;9990;13;;;10008;20;10011;12;;;10000.0;0.0
16;40600;INTARIAN_PEPPER_ROOT;29039;18;;;;;29050;10;;;;;29045.0;0.0
16;40700;ASH_COATED_OSMIUM;9992;28;9991;20;9989;15;10008;14;10011;15;10013;10;10000.0;0.0
16;40700;INTARIAN_PEPPER_ROOT;29035;11;29034;24;;;29047;8;29048;8;;;29041.0;0.0
16;40800;ASH_COATED_OSMIUM;9991;26;9988;12;;;10007;13;10010;23;;;9999.5;0.0
16;40800;INTARIAN_PEPPER_ROOT;29035;8;;;;;29047;10;;;;;29041.0;0.0
16;40900;ASH_COATED_OSMIUM;9997;11;9994;10;;;10013;12;10016;13;;;10005.0;0.0
16;40900;INTARIAN_PEPPER_ROOT;29034;9;29033;8;29030;12;29047;8;29050;11;29053;12;29040.5;0.0
16;41000;ASH_COATED_OSMIUM;9997;15;;;;;10013;14;;;;;10005.0;0.0
16;41000;INTARIAN_PEPPER_ROOT;29037;16;29036;9;29033;17;29049;8;29050;9;29053;8;29043.0;0.0
16;41100;ASH_COATED_OSMIUM;9989;12;9988;28;9986;12;10010;13;10011;12;10014;25;10000.0;0.0
16;41100;INTARIAN_PEPPER_ROOT;29035;8;;;;;29048;11;;;;;29042.0;0.0
16;41200;ASH_COATED_OSMIUM;9990;13;9989;15;9986;15;10009;12;10012;11;10013;23;10000.0;0.0
16;41200;INTARIAN_PEPPER_ROOT;29034;8;;;;;29048;8;;;;;29041.5;0.0
16;41300;ASH_COATED_OSMIUM;9991;25;9990;11;;;10007;11;10009;12;;;9999.5;0.0
16;41300;INTARIAN_PEPPER_ROOT;29033;12;29030;15;29028;9;29044;10;29045;12;29046;8;29039.0;0.0
16;41400;ASH_COATED_OSMIUM;9991;11;;;;;10007;14;;;;;9999.5;0.0
16;41400;INTARIAN_PEPPER_ROOT;29038;12;;;;;29051;23;;;;;29045.0;0.0
16;41500;ASH_COATED_OSMIUM;9997;29;9995;15;;;10013;22;10015;14;;;10005.0;0.0
16;41500;INTARIAN_PEPPER_ROOT;29033;15;29030;6;;;29049;8;29051;11;;;29041.5;0.0
16;41600;ASH_COATED_OSMIUM;9991;21;9990;21;;;10010;10;10012;10;;;10000.5;0.0
16;41600;INTARIAN_PEPPER_ROOT;29037;9;29036;12;;;29050;12;29052;10;;;29043.5;0.0
16;41700;ASH_COATED_OSMIUM;9995;11;;;;;10006;15;;;;;10001.0;0.0
16;41700;INTARIAN_PEPPER_ROOT;29037;9;29036;11;;;29039;11;29042;16;;;29038.5;0.0
16;41800;ASH_COATED_OSMIUM;9993;11;9992;11;;;10009;11;10012;12;;;10001.0;0.0
16;41800;INTARIAN_PEPPER_ROOT;29032;23;;;;;29046;11;;;;;29039.5;0.0
16;41900;ASH_COATED_OSMIUM;9993;15;;;;;10009;12;;;;;10001.0;0.0
16;41900;INTARIAN_PEPPER_ROOT;29035;10;29033;11;;;29049;8;29050;15;;;29042.5;0.0
16;42000;ASH_COATED_OSMIUM;9998;10;;;;;10016;13;;;;;10007.0;0.0
16;42000;INTARIAN_PEPPER_ROOT;29032;10;29029;9;29027;11;29046;8;29049;8;29050;12;29039.0;0.0
16;42100;ASH_COATED_OSMIUM;9991;15;9989;12;9986;10;10012;13;10013;11;10014;13;10002.0;0.0
16;42100;INTARIAN_PEPPER_ROOT;29036;11;;;;;29049;8;;;;;29043.0;0.0
16;42200;ASH_COATED_OSMIUM;9994;10;;;;;10010;12;;;;;10002.5;0.0
16;42200;INTARIAN_PEPPER_ROOT;29035;8;29034;20;;;29048;10;29051;8;;;29042.0;0.0
16;42300;ASH_COATED_OSMIUM;9995;27;9993;10;;;10011;14;10013;25;;;10003.0;0.0
16;42300;INTARIAN_PEPPER_ROOT;29035;10;29034;10;;;29049;11;29051;10;;;29042.0;0.0
16;42400;ASH_COATED_OSMIUM;9996;22;;;;;10012;15;;;;;10004.0;0.0
16;42400;INTARIAN_PEPPER_ROOT;29035;9;29033;12;29032;12;29047;8;29050;12;29053;12;29041.5;0.0
16;42500;ASH_COATED_OSMIUM;9996;14;9995;10;9994;11;10012;13;10014;21;10017;14;10004.0;0.0
16;42500;INTARIAN_PEPPER_ROOT;29037;12;;;;;29050;8;;;;;29043.5;0.0
16;42600;ASH_COATED_OSMIUM;9999;12;;;;;10018;27;;;;;10009.0;0.0
16;42600;INTARIAN_PEPPER_ROOT;29038;10;;;;;29050;8;;;;;29044.0;0.0
16;42700;ASH_COATED_OSMIUM;10000;14;9997;12;;;10016;13;10018;12;;;10008.5;0.0
16;42700;INTARIAN_PEPPER_ROOT;29037;17;29036;11;;;29049;9;29052;12;;;29043.5;0.0
16;42800;ASH_COATED_OSMIUM;9995;15;9993;15;9990;15;10011;11;10012;12;10013;13;10003.5;0.0
16;42800;INTARIAN_PEPPER_ROOT;29035;8;29034;9;;;29048;10;29049;8;;;29041.5;0.0
16;42900;ASH_COATED_OSMIUM;10003;12;;;;;10014;11;;;;;10009.0;0.0
16;42900;INTARIAN_PEPPER_ROOT;29035;8;29033;12;29031;19;29051;8;29054;11;29056;12;29043.0;0.0
16;43000;ASH_COATED_OSMIUM;10001;20;;;;;10017;11;;;;;10009.0;0.0
16;43000;INTARIAN_PEPPER_ROOT;29038;9;29035;16;29033;16;29051;16;29054;9;29056;12;29045.0;0.0
16;43100;ASH_COATED_OSMIUM;9996;11;;;;;10012;13;;;;;10004.0;0.0
16;43100;INTARIAN_PEPPER_ROOT;29031;9;29028;15;29025;10;29047;10;29050;12;29052;9;29039.5;0.0
16;43200;ASH_COATED_OSMIUM;10001;13;9998;11;;;10017;12;10020;14;;;10009.0;0.0
16;43200;INTARIAN_PEPPER_ROOT;29036;11;;;;;29048;10;;;;;29042.5;0.0
16;43300;ASH_COATED_OSMIUM;9994;14;;;;;10013;15;;;;;10004.0;0.0
16;43300;INTARIAN_PEPPER_ROOT;29036;9;29033;12;;;29050;8;29053;11;;;29043.5;0.0
16;43400;ASH_COATED_OSMIUM;9996;13;9995;11;;;10012;22;10013;11;;;10004.5;0.0
16;43400;INTARIAN_PEPPER_ROOT;29038;12;29035;16;;;29051;12;29054;12;;;29044.5;0.0
16;43500;ASH_COATED_OSMIUM;10001;15;10000;30;9999;11;10017;21;10018;15;10020;12;10009.0;0.0
16;43500;INTARIAN_PEPPER_ROOT;29038;8;;;;;29051;9;;;;;29044.5;0.0
16;43600;ASH_COATED_OSMIUM;9998;25;9997;13;9994;10;10016;28;10019;25;10020;14;10007.5;0.0
16;43600;INTARIAN_PEPPER_ROOT;29035;8;;;;;29052;25;;;;;29044.0;0.0
16;43700;ASH_COATED_OSMIUM;9994;10;9993;15;;;10010;11;10011;30;;;10002.0;0.0
16;43700;INTARIAN_PEPPER_ROOT;29043;10;29040;8;;;29055;9;29058;11;;;29049.0;0.0
16;43800;ASH_COATED_OSMIUM;9993;12;;;;;10009;14;;;;;10001.5;0.0
16;43800;INTARIAN_PEPPER_ROOT;29041;22;29040;21;;;29046;10;29049;8;;;29043.5;0.0
16;43900;ASH_COATED_OSMIUM;9999;24;9996;10;9995;10;10015;11;10018;12;10019;24;10007.0;0.0
16;43900;INTARIAN_PEPPER_ROOT;29035;7;29034;10;29032;11;29052;8;29053;9;29054;10;29043.5;0.0
16;44000;ASH_COATED_OSMIUM;9994;12;9993;14;;;10010;15;10011;12;;;10002.0;0.0
16;44000;INTARIAN_PEPPER_ROOT;29039;9;;;;;29052;12;;;;;29046.0;0.0
16;44100;ASH_COATED_OSMIUM;9998;10;9996;11;;;10004;13;10005;15;;;10001.5;0.0
16;44100;INTARIAN_PEPPER_ROOT;29037;10;29036;8;;;29050;8;29053;24;;;29043.5;0.0
16;44200;ASH_COATED_OSMIUM;9996;14;;;;;10007;14;;;;;10002.0;0.0
16;44200;INTARIAN_PEPPER_ROOT;29038;9;29036;9;;;29052;24;29054;10;;;29045.0;0.0
16;44300;ASH_COATED_OSMIUM;9993;13;9991;11;9989;14;10009;12;10012;22;10015;10;10001.5;0.0
16;44300;INTARIAN_PEPPER_ROOT;29038;12;;;;;29054;11;;;;;29046.0;0.0
16;44400;ASH_COATED_OSMIUM;9993;14;9990;14;;;10009;25;10012;24;;;10001.0;0.0
16;44400;INTARIAN_PEPPER_ROOT;29036;8;29034;8;;;29050;23;29052;10;;;29043.0;0.0
16;44500;ASH_COATED_OSMIUM;9992;13;9991;11;;;10011;12;10012;14;;;10001.5;0.0
16;44500;INTARIAN_PEPPER_ROOT;29034;8;29031;12;;;29052;9;29055;9;;;29043.5;0.0
16;44600;ASH_COATED_OSMIUM;9992;30;;;;;10008;11;;;;;10000.0;0.0
16;44600;INTARIAN_PEPPER_ROOT;29038;10;29037;5;29034;8;29051;19;29052;10;29055;16;29045.0;0.0
16;44700;ASH_COATED_OSMIUM;9997;12;9996;10;9994;13;10013;11;10015;20;10018;10;10005.5;0.0
16;44700;INTARIAN_PEPPER_ROOT;29032;12;29030;11;29029;9;29049;12;29051;9;29053;12;29040.5;0.0
16;44800;ASH_COATED_OSMIUM;9996;15;9994;14;;;10012;12;10014;11;;;10004.5;0.0
16;44800;INTARIAN_PEPPER_ROOT;29041;12;;;;;29053;9;;;;;29047.5;0.0
16;44900;ASH_COATED_OSMIUM;9997;13;9994;25;9993;11;10013;12;10015;14;10018;21;10005.0;0.0
16;44900;INTARIAN_PEPPER_ROOT;29035;10;;;;;29052;8;;;;;29044.0;0.0
16;45000;ASH_COATED_OSMIUM;9997;12;9994;15;9992;15;10013;14;10014;26;10017;11;10005.0;0.0
16;45000;INTARIAN_PEPPER_ROOT;29039;8;;;;;29052;8;;;;;29045.5;0.0
16;45100;ASH_COATED_OSMIUM;9990;11;9989;21;;;10009;24;10012;15;;;10000.0;0.0
16;45100;INTARIAN_PEPPER_ROOT;29038;10;29037;6;;;29050;8;29053;19;;;29044.5;0.0
16;45200;ASH_COATED_OSMIUM;9996;10;9993;23;9990;30;10014;24;10015;10;10016;14;10005.5;0.0
16;45200;INTARIAN_PEPPER_ROOT;29034;10;;;;;29048;8;;;;;29041.0;0.0
16;45300;ASH_COATED_OSMIUM;9992;21;9990;14;;;10008;12;10011;12;;;10000.0;0.0
16;45300;INTARIAN_PEPPER_ROOT;29037;10;29036;10;;;29049;11;29052;11;;;29043.0;0.0
16;45400;ASH_COATED_OSMIUM;9989;14;9986;12;;;10010;15;10012;12;;;9999.5;0.0
16;45400;INTARIAN_PEPPER_ROOT;29041;12;29040;10;29037;10;29054;24;29055;10;29056;10;29047.5;0.0
16;45500;ASH_COATED_OSMIUM;9995;14;;;;;10004;22;;;;;9999.5;0.0
16;45500;INTARIAN_PEPPER_ROOT;29040;9;29039;8;;;29055;19;29056;11;;;29047.5;0.0
16;45600;ASH_COATED_OSMIUM;10002;10;10001;20;;;10008;12;10010;30;;;10005.0;0.0
16;45600;INTARIAN_PEPPER_ROOT;29039;11;29036;10;29034;8;29052;10;29055;9;29057;10;29045.5;0.0
16;45700;ASH_COATED_OSMIUM;9995;14;;;;;10013;15;;;;;10004.5;0.0
16;45700;INTARIAN_PEPPER_ROOT;29039;21;;;;;29051;11;;;;;29045.5;0.0
16;45800;ASH_COATED_OSMIUM;9988;13;9987;15;9985;12;10009;14;10010;10;10012;15;9999.0;0.0
16;45800;INTARIAN_PEPPER_ROOT;29040;9;29038;22;;;29053;12;29054;8;;;29047.0;0.0
16;45900;ASH_COATED_OSMIUM;9994;14;9993;10;;;10013;11;10014;14;;;10004.0;0.0
16;45900;INTARIAN_PEPPER_ROOT;29042;9;29040;12;;;29055;10;29056;12;;;29048.5;0.0
16;46000;ASH_COATED_OSMIUM;9991;15;9990;12;;;10007;10;10010;13;;;9999.0;0.0
16;46000;INTARIAN_PEPPER_ROOT;29041;9;29038;11;29036;11;29054;12;29056;11;29059;8;29047.5;0.0
16;46100;ASH_COATED_OSMIUM;9991;13;9989;4;9987;10;10007;15;10009;30;10010;11;9999.0;0.0
16;46100;INTARIAN_PEPPER_ROOT;29042;12;29041;8;;;29055;9;29056;9;;;29049.0;0.0
16;46200;ASH_COATED_OSMIUM;9990;13;9987;14;;;10006;15;10007;12;;;9998.5;0.0
16;46200;INTARIAN_PEPPER_ROOT;29040;11;29037;8;;;29057;12;29060;8;;;29048.5;0.0
16;46300;ASH_COATED_OSMIUM;9989;14;9986;11;9983;10;10007;10;10008;10;10009;25;9998.0;0.0
16;46300;INTARIAN_PEPPER_ROOT;29035;10;29034;8;29033;11;29047;10;29050;11;29051;12;29041.0;0.0
16;46400;ASH_COATED_OSMIUM;9996;10;9993;10;;;10012;10;10014;10;;;10004.5;0.0
16;46400;INTARIAN_PEPPER_ROOT;29040;9;29039;8;;;29053;9;29055;23;;;29046.5;0.0
16;46500;ASH_COATED_OSMIUM;9997;21;;;;;10013;14;;;;;10005.0;0.0
16;46500;INTARIAN_PEPPER_ROOT;29040;8;29038;9;;;29053;9;29055;11;;;29046.5;0.0
16;46600;ASH_COATED_OSMIUM;9992;12;9991;27;;;10008;30;10011;15;;;10000.0;0.0
16;46600;INTARIAN_PEPPER_ROOT;29039;10;29037;11;;;29051;11;29053;9;;;29045.5;0.0
16;46700;ASH_COATED_OSMIUM;9997;13;;;;;10013;20;;;;;10005.0;0.0
16;46700;INTARIAN_PEPPER_ROOT;29041;11;;;;;29057;10;;;;;29049.0;0.0
16;46800;ASH_COATED_OSMIUM;9995;13;9993;15;9990;14;10014;11;10017;14;10019;15;10005.0;0.0
16;46800;INTARIAN_PEPPER_ROOT;29038;8;29035;10;29034;12;29051;12;29052;10;29055;9;29045.0;0.0
16;46900;ASH_COATED_OSMIUM;9990;10;9988;4;9987;11;10008;15;10011;13;10014;3;9999.5;0.0
16;46900;INTARIAN_PEPPER_ROOT;29040;12;29038;19;29036;10;29055;9;29056;21;29057;11;29048.0;0.0
16;47000;ASH_COATED_OSMIUM;9996;11;9995;10;;;10012;14;10015;10;;;10004.5;0.0
16;47000;INTARIAN_PEPPER_ROOT;29038;11;29036;12;29034;11;29052;10;29054;10;29056;12;29045.0;0.0
16;47100;ASH_COATED_OSMIUM;9991;12;;;;;10007;3;;;;;9999.5;0.0
16;47100;INTARIAN_PEPPER_ROOT;29041;10;29039;10;;;29052;20;29055;12;;;29047.0;0.0
16;47200;ASH_COATED_OSMIUM;9996;15;;;;;10012;14;;;;;10004.5;0.0
16;47200;INTARIAN_PEPPER_ROOT;29042;11;29039;8;;;29055;10;29056;11;;;29049.0;0.0
16;47300;ASH_COATED_OSMIUM;9991;11;9990;21;9987;11;10007;15;10009;21;10010;30;9999.0;0.0
16;47300;INTARIAN_PEPPER_ROOT;29040;19;29037;8;29035;5;29053;9;29055;12;29056;10;29046.5;0.0
16;47400;ASH_COATED_OSMIUM;9993;11;9992;14;9991;15;10006;11;10007;13;10010;29;9999.5;0.0
16;47400;INTARIAN_PEPPER_ROOT;29043;8;29042;12;;;29056;6;29059;8;;;29049.5;0.0
16;47500;ASH_COATED_OSMIUM;9992;21;9991;11;9990;14;10008;11;10009;20;10010;25;10000.0;0.0
16;47500;INTARIAN_PEPPER_ROOT;29040;9;29038;10;;;29054;8;29055;10;;;29047.5;0.0
16;47600;ASH_COATED_OSMIUM;9992;11;9991;10;9990;14;10008;13;10011;11;10014;15;10000.5;0.0
16;47600;INTARIAN_PEPPER_ROOT;29039;11;29036;11;;;29053;10;29055;10;;;29046.5;0.0
16;47700;ASH_COATED_OSMIUM;9997;15;9996;11;9993;15;10013;13;10014;12;10016;13;10005.5;0.0
16;47700;INTARIAN_PEPPER_ROOT;29042;10;29041;8;;;29055;24;29058;10;;;29049.0;0.0
16;47800;ASH_COATED_OSMIUM;9992;10;9991;10;;;10008;29;10010;14;;;10000.5;0.0
16;47800;INTARIAN_PEPPER_ROOT;29043;10;29041;9;29040;12;29055;11;29057;8;29058;17;29049.0;0.0
16;47900;ASH_COATED_OSMIUM;9991;15;9989;12;;;10010;23;10013;11;;;10000.5;0.0
16;47900;INTARIAN_PEPPER_ROOT;29042;9;;;;;29056;25;;;;;29049.0;0.0
16;48000;ASH_COATED_OSMIUM;9998;3;9995;15;9993;11;10014;13;10016;25;10019;15;10006.0;0.0
16;48000;INTARIAN_PEPPER_ROOT;29044;9;;;;;29055;6;;;;;29049.5;0.0
16;48100;ASH_COATED_OSMIUM;10001;10;9998;11;;;10011;22;10013;23;;;10006.0;0.0
16;48100;INTARIAN_PEPPER_ROOT;29044;11;29043;15;;;29057;22;29059;10;;;29050.5;0.0
16;48200;ASH_COATED_OSMIUM;9993;11;9992;13;;;10009;15;10012;10;;;10001.0;0.0
16;48200;INTARIAN_PEPPER_ROOT;29040;10;;;;;29051;9;;;;;29046.0;0.0
16;48300;ASH_COATED_OSMIUM;9998;15;9997;10;;;10014;20;10015;11;;;10006.0;0.0
16;48300;INTARIAN_PEPPER_ROOT;29045;11;29044;12;;;29056;19;29059;10;;;29051.0;0.0
16;48400;ASH_COATED_OSMIUM;10001;15;9998;15;9996;12;10011;20;10014;24;10015;14;10006.0;0.0
16;48400;INTARIAN_PEPPER_ROOT;29040;11;;;;;29053;10;;;;;29046.5;0.0
16;48500;ASH_COATED_OSMIUM;9993;10;9990;30;;;10009;15;10010;13;;;10001.0;0.0
16;48500;INTARIAN_PEPPER_ROOT;29044;11;;;;;29051;11;;;;;29048.0;0.0
16;48600;ASH_COATED_OSMIUM;9998;12;;;;;10014;13;;;;;10006.0;0.0
16;48600;INTARIAN_PEPPER_ROOT;29038;12;29036;9;;;29054;25;29056;8;;;29046.0;0.0
16;48700;ASH_COATED_OSMIUM;9993;26;;;;;10009;27;;;;;10001.0;0.0
16;48700;INTARIAN_PEPPER_ROOT;29048;11;29047;9;;;29050;23;29051;8;;;29049.0;0.0
16;48800;ASH_COATED_OSMIUM;10001;23;9999;11;;;10011;25;10014;15;;;10006.0;0.0
16;48800;INTARIAN_PEPPER_ROOT;29040;10;29039;9;29037;11;29057;12;29059;12;29060;16;29048.5;0.0
16;48900;ASH_COATED_OSMIUM;9993;14;9991;13;;;10009;11;10010;12;;;10001.0;0.0
16;48900;INTARIAN_PEPPER_ROOT;29045;8;29044;10;;;29057;10;29060;9;;;29051.0;0.0
16;49000;ASH_COATED_OSMIUM;9993;11;;;;;10009;23;;;;;10001.0;0.0
16;49000;INTARIAN_PEPPER_ROOT;29042;11;29040;12;;;29055;9;29058;9;;;29049.0;0.0
16;49100;ASH_COATED_OSMIUM;9991;13;9990;10;;;10012;10;10015;14;;;10002.0;0.0
16;49100;INTARIAN_PEPPER_ROOT;29045;8;29042;12;29041;8;29059;8;29061;17;29062;10;29052.0;0.0
16;49200;ASH_COATED_OSMIUM;9996;13;9994;12;;;10017;11;10019;14;;;10007.0;0.0
16;49200;INTARIAN_PEPPER_ROOT;29041;25;;;;;29052;7;;;;;29046.5;0.0
16;49300;ASH_COATED_OSMIUM;9999;13;;;;;10015;11;;;;;10007.0;0.0
16;49300;INTARIAN_PEPPER_ROOT;29043;8;29040;10;;;29055;8;29056;10;;;29049.0;0.0
16;49400;ASH_COATED_OSMIUM;9991;15;9989;13;9986;4;10012;11;10013;11;10016;14;10001.5;0.0
16;49400;INTARIAN_PEPPER_ROOT;29043;12;29042;9;29040;8;29054;21;29057;6;29059;21;29048.5;0.0
16;49500;ASH_COATED_OSMIUM;9996;10;9993;15;;;10005;12;10007;14;;;10001.0;0.0
16;49500;INTARIAN_PEPPER_ROOT;29040;8;29038;9;29035;19;29054;10;29057;9;29058;10;29047.0;0.0
16;49600;ASH_COATED_OSMIUM;9992;11;9991;10;;;10008;30;10010;12;;;10000.5;0.0
16;49600;INTARIAN_PEPPER_ROOT;29039;9;;;;;29055;9;;;;;29047.0;0.0
16;49700;ASH_COATED_OSMIUM;9998;14;9995;10;;;10014;20;10016;12;;;10006.0;0.0
16;49700;INTARIAN_PEPPER_ROOT;29043;10;29042;11;29040;8;29056;8;29059;10;29061;11;29050.0;0.0
16;49800;ASH_COATED_OSMIUM;9993;13;9992;12;;;10009;10;10010;12;;;10001.0;0.0
16;49800;INTARIAN_PEPPER_ROOT;29044;21;29041;8;;;29056;8;29057;16;;;29050.5;0.0
16;49900;ASH_COATED_OSMIUM;9998;10;;;;;10014;14;;;;;10006.5;0.0
16;49900;INTARIAN_PEPPER_ROOT;29042;11;29041;10;;;29056;9;29059;8;;;29049.5;0.0
16;50000;ASH_COATED_OSMIUM;9992;14;;;;;10010;8;;;;;10001.5;0.0
16;50000;INTARIAN_PEPPER_ROOT;29039;9;29036;10;;;29057;10;29058;11;;;29048.0;0.0
16;50100;ASH_COATED_OSMIUM;9994;12;9992;12;;;10010;11;10013;13;;;10002.0;0.0
16;50100;INTARIAN_PEPPER_ROOT;29047;10;;;;;29061;8;;;;;29054.0;0.0
16;50200;ASH_COATED_OSMIUM;9998;13;;;;;10014;10;;;;;10006.5;0.0
16;50200;INTARIAN_PEPPER_ROOT;29044;11;;;;;29057;10;;;;;29050.5;0.0
16;50300;ASH_COATED_OSMIUM;9998;12;;;;;10014;10;;;;;10006.5;0.0
16;50300;INTARIAN_PEPPER_ROOT;29039;10;29037;10;29034;12;29056;10;29059;9;29062;11;29048.0;0.0
16;50400;ASH_COATED_OSMIUM;9994;13;9993;11;;;10010;14;10013;15;;;10002.0;0.0
16;50400;INTARIAN_PEPPER_ROOT;29043;12;29040;10;29038;11;29059;11;29062;20;29065;11;29051.0;0.0
16;50500;ASH_COATED_OSMIUM;9994;15;;;;;10010;14;;;;;10002.0;0.0
16;50500;INTARIAN_PEPPER_ROOT;29043;9;29040;8;29037;11;29056;22;29059;11;29062;11;29049.5;0.0
16;50600;ASH_COATED_OSMIUM;9994;6;9993;14;;;10010;13;10011;10;;;10002.0;0.0
16;50600;INTARIAN_PEPPER_ROOT;29044;8;;;;;29055;10;;;;;29050.0;0.0
16;50700;ASH_COATED_OSMIUM;9992;6;9989;12;;;10011;13;10012;14;;;10001.5;0.0
16;50700;INTARIAN_PEPPER_ROOT;29051;10;;;;;29053;9;;;;;29052.5;0.0
16;50800;ASH_COATED_OSMIUM;9999;11;9997;11;9995;9;10015;10;10018;14;10019;15;10007.0;0.0
16;50800;INTARIAN_PEPPER_ROOT;29043;23;;;;;29059;8;;;;;29051.5;0.0
16;50900;ASH_COATED_OSMIUM;9992;13;9989;14;9987;23;10010;14;10012;13;10014;14;10001.5;0.0
16;50900;INTARIAN_PEPPER_ROOT;29044;10;29041;8;;;29056;8;29058;10;;;29050.0;0.0
16;51000;ASH_COATED_OSMIUM;9993;14;9992;21;;;10009;15;10010;12;;;10001.0;0.0
16;51000;INTARIAN_PEPPER_ROOT;29043;11;29040;12;;;29055;10;29058;9;;;29049.5;0.0
16;51100;ASH_COATED_OSMIUM;9993;12;9992;15;;;10009;11;10011;14;;;10001.5;0.0
16;51100;INTARIAN_PEPPER_ROOT;29044;11;29043;16;;;29055;5;29056;8;;;29049.5;0.0
16;51200;ASH_COATED_OSMIUM;9998;13;9997;12;9996;12;10014;11;10017;14;10018;15;10006.5;0.0
16;51200;INTARIAN_PEPPER_ROOT;29045;8;29042;10;;;29059;10;29061;19;;;29052.5;0.0
16;51300;ASH_COATED_OSMIUM;9992;10;9990;13;9987;25;10010;13;10012;27;10014;26;10001.0;0.0
16;51300;INTARIAN_PEPPER_ROOT;29049;11;29047;12;29044;11;29061;11;29062;17;29063;22;29055.0;0.0
16;51400;ASH_COATED_OSMIUM;9997;11;9996;10;;;10015;13;10017;21;;;10006.0;0.0
16;51400;INTARIAN_PEPPER_ROOT;29042;12;;;;;29058;12;;;;;29050.5;0.0
16;51500;ASH_COATED_OSMIUM;9991;15;9988;15;;;10010;4;10013;11;;;10001.0;0.0
16;51500;INTARIAN_PEPPER_ROOT;29044;5;;;;;29058;8;;;;;29051.0;0.0
16;51600;ASH_COATED_OSMIUM;9992;25;9991;14;;;10010;15;10013;13;;;10001.5;0.0
16;51600;INTARIAN_PEPPER_ROOT;29040;10;29037;24;;;29056;15;29058;23;;;29048.5;0.0
16;51700;ASH_COATED_OSMIUM;9998;10;9996;14;;;10014;21;10017;15;;;10006.5;0.0
16;51700;INTARIAN_PEPPER_ROOT;29044;9;29043;16;29041;11;29056;8;29059;9;29061;21;29050.0;0.0
16;51800;ASH_COATED_OSMIUM;9992;30;;;;;10008;13;;;;;10000.5;0.0
16;51800;INTARIAN_PEPPER_ROOT;29047;10;;;;;29058;10;;;;;29053.0;0.0
16;51900;ASH_COATED_OSMIUM;9997;14;9994;26;;;10015;15;10018;14;;;10006.0;0.0
16;51900;INTARIAN_PEPPER_ROOT;29044;11;29042;9;;;29057;15;29059;10;;;29050.5;0.0
16;52000;ASH_COATED_OSMIUM;9998;5;9995;13;9993;14;10014;12;10015;21;10016;13;10006.5;0.0
16;52000;INTARIAN_PEPPER_ROOT;29044;10;29041;9;;;29056;11;29058;24;;;29050.0;0.0
16;52100;ASH_COATED_OSMIUM;9999;13;9998;13;;;10015;10;10017;15;;;10007.0;0.0
16;52100;INTARIAN_PEPPER_ROOT;29046;10;;;;;29058;9;;;;;29052.0;0.0
16;52200;ASH_COATED_OSMIUM;9999;11;9998;11;9997;15;10015;27;10017;28;10020;15;10007.0;0.0
16;52200;INTARIAN_PEPPER_ROOT;29046;12;29043;11;;;29058;23;29061;11;;;29052.0;0.0
16;52300;ASH_COATED_OSMIUM;9999;14;9997;11;9994;11;10015;13;10016;14;10019;15;10007.5;0.0
16;52300;INTARIAN_PEPPER_ROOT;29047;10;29046;8;;;29059;21;29061;22;;;29053.5;0.0
16;52400;ASH_COATED_OSMIUM;9999;13;9996;10;9993;12;10015;12;10016;13;10019;15;10007.5;0.0
16;52400;INTARIAN_PEPPER_ROOT;29046;11;29045;12;;;29054;8;29057;11;;;29050.5;0.0
16;52500;ASH_COATED_OSMIUM;9999;11;9998;10;9996;26;10015;12;10017;12;10020;9;10007.5;0.0
16;52500;INTARIAN_PEPPER_ROOT;29049;8;29048;11;29047;12;29063;11;29065;12;29067;12;29056.5;0.0
16;52600;ASH_COATED_OSMIUM;9999;13;9996;15;;;10015;27;10018;15;;;10007.5;0.0
16;52600;INTARIAN_PEPPER_ROOT;29044;9;;;;;29058;12;;;;;29051.0;0.0
16;52700;ASH_COATED_OSMIUM;9994;21;;;;;10012;25;;;;;10003.0;0.0
16;52700;INTARIAN_PEPPER_ROOT;29047;9;29044;10;29041;12;29060;9;29063;10;29065;8;29053.5;0.0
16;52800;ASH_COATED_OSMIUM;9994;13;9992;15;9989;25;10012;14;10013;10;10016;12;10003.0;0.0
16;52800;INTARIAN_PEPPER_ROOT;29051;11;;;;;29062;9;;;;;29056.5;0.0
16;52900;ASH_COATED_OSMIUM;9995;2;9993;15;9991;10;10011;12;10012;14;10014;11;10003.0;0.0
16;52900;INTARIAN_PEPPER_ROOT;29047;3;;;;;29060;11;;;;;29054.0;0.0
16;53000;ASH_COATED_OSMIUM;9995;14;9993;10;;;10011;13;10014;10;;;10003.5;0.0
16;53000;INTARIAN_PEPPER_ROOT;29047;8;29046;24;29044;8;29062;25;29063;8;29064;11;29054.5;0.0
16;53100;ASH_COATED_OSMIUM;9996;11;9994;12;;;10012;13;10014;12;;;10004.0;0.0
16;53100;INTARIAN_PEPPER_ROOT;29047;21;29046;11;29045;9;29063;11;29065;8;29067;8;29055.0;0.0
16;53200;ASH_COATED_OSMIUM;9999;14;9998;11;9996;13;10020;11;10022;12;10024;21;10009.5;0.0
16;53200;INTARIAN_PEPPER_ROOT;29047;11;29046;12;;;29059;11;29062;11;;;29053.0;0.0
16;53300;ASH_COATED_OSMIUM;9995;13;9993;13;;;10013;14;10015;11;;;10004.0;0.0
16;53300;INTARIAN_PEPPER_ROOT;29043;8;29041;8;29039;10;29059;16;29061;12;29064;11;29051.0;0.0
16;53400;ASH_COATED_OSMIUM;9996;11;9994;14;;;10012;22;10014;11;;;10004.0;0.0
16;53400;INTARIAN_PEPPER_ROOT;29047;9;;;;;29061;9;;;;;29054.5;0.0
16;53500;ASH_COATED_OSMIUM;9995;15;;;;;10011;15;;;;;10003.5;0.0
16;53500;INTARIAN_PEPPER_ROOT;29047;8;29045;8;;;29059;11;29061;12;;;29053.0;0.0
16;53600;ASH_COATED_OSMIUM;9995;10;9994;15;9991;14;10011;12;10012;27;10013;13;10003.5;0.0
16;53600;INTARIAN_PEPPER_ROOT;29049;11;29046;10;;;29052;12;29053;19;;;29051.0;0.0
16;53700;ASH_COATED_OSMIUM;10000;13;9997;26;;;10016;13;10017;10;;;10008.5;0.0
16;53700;INTARIAN_PEPPER_ROOT;29043;9;29042;22;;;29057;9;29060;23;;;29050.5;0.0
16;53800;ASH_COATED_OSMIUM;10000;11;9998;14;;;10016;13;10019;15;;;10008.5;0.0
16;53800;INTARIAN_PEPPER_ROOT;29046;12;29043;8;;;29059;8;29062;9;;;29053.0;0.0
16;53900;ASH_COATED_OSMIUM;9994;10;9991;11;;;10012;11;10015;13;;;10003.0;0.0
16;53900;INTARIAN_PEPPER_ROOT;29048;11;;;;;29060;10;;;;;29054.0;0.0
16;54000;ASH_COATED_OSMIUM;9994;15;9992;14;;;10012;14;10014;15;;;10003.5;0.0
16;54000;INTARIAN_PEPPER_ROOT;29048;21;;;;;29062;8;;;;;29055.5;0.0
16;54100;ASH_COATED_OSMIUM;9995;27;9994;12;;;10011;13;10014;14;;;10003.5;0.0
16;54100;INTARIAN_PEPPER_ROOT;29048;24;29047;17;;;29060;8;29061;5;;;29054.0;0.0
16;54200;ASH_COATED_OSMIUM;10001;12;;;;;10017;28;;;;;10009.0;0.0
16;54200;INTARIAN_PEPPER_ROOT;29049;10;;;;;29061;9;;;;;29055.5;0.0
16;54300;ASH_COATED_OSMIUM;10001;13;10000;14;;;10017;11;10019;14;;;10009.0;0.0
16;54300;INTARIAN_PEPPER_ROOT;29045;9;29044;9;;;29059;8;29060;10;;;29052.5;0.0
16;54400;ASH_COATED_OSMIUM;9994;11;9991;11;;;10012;12;10014;15;;;10003.5;0.0
16;54400;INTARIAN_PEPPER_ROOT;29050;7;;;;;29063;11;;;;;29056.5;0.0
16;54500;ASH_COATED_OSMIUM;9993;30;9990;13;;;10012;30;10014;15;;;10003.0;0.0
16;54500;INTARIAN_PEPPER_ROOT;29051;9;29049;20;;;29064;15;29065;12;;;29058.0;0.0
16;54600;ASH_COATED_OSMIUM;9995;11;;;;;10011;10;;;;;10003.0;0.0
16;54600;INTARIAN_PEPPER_ROOT;29046;8;29045;8;;;29058;11;29060;25;;;29052.5;0.0
16;54700;ASH_COATED_OSMIUM;9999;14;;;;;10006;27;;;;;10002.5;0.0
16;54700;INTARIAN_PEPPER_ROOT;29045;12;29042;10;29039;19;29060;12;29062;11;29063;25;29052.5;0.0
16;54800;ASH_COATED_OSMIUM;9998;12;9995;14;;;10017;12;10020;15;;;10007.5;0.0
16;54800;INTARIAN_PEPPER_ROOT;29047;11;29044;19;29042;22;29059;12;29062;9;29063;4;29053.0;0.0
16;54900;ASH_COATED_OSMIUM;10000;12;;;;;10016;14;;;;;10008.0;0.0
16;54900;INTARIAN_PEPPER_ROOT;29045;18;;;;;29057;12;;;;;29051.0;0.0
16;55000;ASH_COATED_OSMIUM;9994;14;;;;;10010;12;;;;;10002.5;0.0
16;55000;INTARIAN_PEPPER_ROOT;29048;8;;;;;29060;12;;;;;29054.5;0.0
16;55100;ASH_COATED_OSMIUM;9994;14;9993;23;9991;11;10010;10;10012;5;10014;14;10002.0;0.0
16;55100;INTARIAN_PEPPER_ROOT;29050;8;29047;12;29044;10;29062;10;29064;10;29067;9;29056.0;0.0
16;55200;ASH_COATED_OSMIUM;9993;12;9990;14;;;10012;13;10013;15;;;10002.5;0.0
16;55200;INTARIAN_PEPPER_ROOT;29046;8;;;;;29061;9;;;;;29054.0;0.0
16;55300;ASH_COATED_OSMIUM;9993;15;9992;14;;;10011;11;10013;15;;;10002.5;0.0
16;55300;INTARIAN_PEPPER_ROOT;29054;10;;;;;29057;11;;;;;29055.5;0.0
16;55400;ASH_COATED_OSMIUM;9994;12;9992;13;;;10010;10;10013;28;;;10002.5;0.0
16;55400;INTARIAN_PEPPER_ROOT;29047;11;29045;3;;;29061;9;29062;8;;;29054.5;0.0
16;55500;ASH_COATED_OSMIUM;10000;24;9997;13;;;10016;13;10017;20;;;10008.0;0.0
16;55500;INTARIAN_PEPPER_ROOT;29053;9;;;;;29066;9;;;;;29060.0;0.0
16;55600;ASH_COATED_OSMIUM;9995;11;;;;;10011;11;;;;;10003.0;0.0
16;55600;INTARIAN_PEPPER_ROOT;29051;10;29048;12;;;29064;16;29066;15;;;29057.5;0.0
16;55700;ASH_COATED_OSMIUM;10000;10;;;;;10016;7;;;;;10008.5;0.0
16;55700;INTARIAN_PEPPER_ROOT;29048;9;;;;;29063;10;;;;;29056.0;0.0
16;55800;ASH_COATED_OSMIUM;10001;12;10000;10;;;10017;12;10019;11;;;10009.0;0.0
16;55800;INTARIAN_PEPPER_ROOT;29051;10;29048;12;;;29063;10;29066;20;;;29057.0;0.0
16;55900;ASH_COATED_OSMIUM;9994;11;9992;14;9989;15;10013;11;10014;15;10017;13;10003.5;0.0
16;55900;INTARIAN_PEPPER_ROOT;29046;9;;;;;29064;21;;;;;29055.5;0.0
16;56000;ASH_COATED_OSMIUM;9995;12;9994;20;;;10011;12;10013;12;;;10003.0;0.0
16;56000;INTARIAN_PEPPER_ROOT;29047;11;;;;;29060;23;;;;;29054.0;0.0
16;56100;ASH_COATED_OSMIUM;9999;12;;;;;10017;14;;;;;10008.5;0.0
16;56100;INTARIAN_PEPPER_ROOT;29046;18;29044;12;;;29059;11;29060;12;;;29052.5;0.0
16;56200;ASH_COATED_OSMIUM;10000;12;9999;12;9997;11;10016;13;10019;14;10022;14;10008.5;0.0
16;56200;INTARIAN_PEPPER_ROOT;29053;11;29050;12;;;29064;12;29066;12;;;29059.0;0.0
16;56300;ASH_COATED_OSMIUM;9995;15;9994;15;9991;15;10011;12;10013;27;10016;10;10003.5;0.0
16;56300;INTARIAN_PEPPER_ROOT;29049;8;;;;;29063;9;;;;;29056.5;0.0
16;56400;ASH_COATED_OSMIUM;9994;5;;;;;10012;15;;;;;10003.5;0.0
16;56400;INTARIAN_PEPPER_ROOT;29052;8;;;;;29063;11;;;;;29057.5;0.0
16;56500;ASH_COATED_OSMIUM;10000;12;9997;13;;;10016;14;10018;12;;;10008.5;0.0
16;56500;INTARIAN_PEPPER_ROOT;29046;8;29044;8;;;29058;12;29059;10;;;29052.5;0.0
16;56600;ASH_COATED_OSMIUM;10000;24;9997;23;;;10016;10;10018;9;;;10008.5;0.0
16;56600;INTARIAN_PEPPER_ROOT;29048;18;;;;;29061;9;;;;;29055.0;0.0
16;56700;ASH_COATED_OSMIUM;9995;14;9993;10;;;10011;12;10014;28;;;10003.5;0.0
16;56700;INTARIAN_PEPPER_ROOT;29052;12;29050;7;29048;10;29065;12;29066;10;29068;3;29058.5;0.0
16;56800;ASH_COATED_OSMIUM;9999;10;9998;10;9995;15;10018;14;10019;12;10020;10;10008.5;0.0
16;56800;INTARIAN_PEPPER_ROOT;29049;12;;;;;29060;12;;;;;29055.0;0.0
16;56900;ASH_COATED_OSMIUM;10000;3;;;;;10016;11;;;;;10008.5;0.0
16;56900;INTARIAN_PEPPER_ROOT;29046;12;29043;11;29040;10;29063;8;29064;12;29065;11;29054.5;0.0
16;57000;ASH_COATED_OSMIUM;9995;14;9993;11;;;10011;10;10013;12;;;10003.0;0.0
16;57000;INTARIAN_PEPPER_ROOT;29053;10;29052;11;29049;8;29065;11;29067;6;29070;8;29059.5;0.0
16;57100;ASH_COATED_OSMIUM;9995;13;9993;28;;;10011;13;10013;15;;;10003.0;0.0
16;57100;INTARIAN_PEPPER_ROOT;29048;9;29046;12;;;29064;9;29066;9;;;29056.5;0.0
16;57200;ASH_COATED_OSMIUM;9998;13;9995;15;;;10007;14;10009;11;;;10003.0;0.0
16;57200;INTARIAN_PEPPER_ROOT;29044;25;;;;;29061;9;;;;;29053.0;0.0
16;57300;ASH_COATED_OSMIUM;9993;13;;;;;10011;12;;;;;10002.5;0.0
16;57300;INTARIAN_PEPPER_ROOT;29052;9;29051;17;29050;11;29069;8;29071;10;29074;24;29060.5;0.0
16;57400;ASH_COATED_OSMIUM;9999;12;9996;10;;;10015;11;10017;11;;;10007.5;0.0
16;57400;INTARIAN_PEPPER_ROOT;29053;19;;;;;29064;10;;;;;29059.0;0.0
16;57500;ASH_COATED_OSMIUM;9998;10;9996;10;9993;10;10006;14;10008;10;10010;14;10002.0;0.0
16;57500;INTARIAN_PEPPER_ROOT;29048;11;29046;12;;;29060;10;29063;8;;;29054.5;0.0
16;57600;ASH_COATED_OSMIUM;9998;12;;;;;10016;12;;;;;10007.0;0.0
16;57600;INTARIAN_PEPPER_ROOT;29051;9;29048;10;;;29065;11;29066;9;;;29058.0;0.0
16;57700;ASH_COATED_OSMIUM;9999;12;9997;4;;;10015;14;10017;11;;;10007.0;0.0
16;57700;INTARIAN_PEPPER_ROOT;29057;12;29054;8;;;29062;17;29065;10;;;29059.5;0.0
16;57800;ASH_COATED_OSMIUM;9999;14;9996;10;;;10015;14;10018;15;;;10007.0;0.0
16;57800;INTARIAN_PEPPER_ROOT;29048;9;;;;;29065;8;;;;;29056.5;0.0
16;57900;ASH_COATED_OSMIUM;9992;13;;;;;10010;11;;;;;10001.0;0.0
16;57900;INTARIAN_PEPPER_ROOT;29048;15;29046;12;29044;9;29065;22;29066;10;29067;9;29056.5;0.0
16;58000;ASH_COATED_OSMIUM;9993;13;9992;11;;;10009;15;10012;14;;;10001.0;0.0
16;58000;INTARIAN_PEPPER_ROOT;29049;12;29048;8;29046;11;29062;11;29065;9;29066;10;29056.0;0.0
16;58100;ASH_COATED_OSMIUM;9998;14;;;;;10014;14;;;;;10006.5;0.0
16;58100;INTARIAN_PEPPER_ROOT;29052;11;29050;9;29048;12;29068;10;29071;12;29074;10;29060.0;0.0
16;58200;ASH_COATED_OSMIUM;9991;12;9990;10;;;10009;28;10011;8;;;10000.5;0.0
16;58200;INTARIAN_PEPPER_ROOT;29047;9;29046;20;;;29061;11;29063;10;;;29054.0;0.0
16;58300;ASH_COATED_OSMIUM;9997;10;9995;14;9992;10;10015;10;10017;26;10019;15;10006.5;0.0
16;58300;INTARIAN_PEPPER_ROOT;29049;8;29048;22;29046;12;29066;10;29069;9;29070;11;29058.0;0.0
16;58400;ASH_COATED_OSMIUM;9998;15;;;;;10014;11;;;;;10006.5;0.0
16;58400;INTARIAN_PEPPER_ROOT;29058;9;29055;10;;;29069;10;29072;17;;;29064.0;0.0
16;58500;ASH_COATED_OSMIUM;9999;13;9997;12;9996;13;10015;12;10017;10;10018;3;10007.0;0.0
16;58500;INTARIAN_PEPPER_ROOT;29054;9;29052;8;29050;11;29066;12;29069;22;29070;10;29060.0;0.0
16;58600;ASH_COATED_OSMIUM;10001;11;10000;11;;;10012;10;10013;13;;;10006.5;0.0
16;58600;INTARIAN_PEPPER_ROOT;29057;12;;;;;29060;11;;;;;29059.0;0.0
16;58700;ASH_COATED_OSMIUM;9994;24;;;;;10010;27;;;;;10002.0;0.0
16;58700;INTARIAN_PEPPER_ROOT;29053;19;29051;8;29049;8;29065;10;29067;12;29070;12;29059.5;0.0
16;58800;ASH_COATED_OSMIUM;9999;15;9998;13;;;10015;11;10018;13;;;10007.0;0.0
16;58800;INTARIAN_PEPPER_ROOT;29059;12;29056;11;;;29073;11;29075;21;;;29066.0;0.0
16;58900;ASH_COATED_OSMIUM;9993;10;9990;14;;;10009;13;10010;10;;;10001.5;0.0
16;58900;INTARIAN_PEPPER_ROOT;29052;21;;;;;29069;15;;;;;29061.0;0.0
16;59000;ASH_COATED_OSMIUM;9999;14;9996;15;9994;13;10015;12;10017;10;10020;15;10007.0;0.0
16;59000;INTARIAN_PEPPER_ROOT;29055;10;29052;8;;;29066;12;29069;9;;;29061.0;0.0
16;59100;ASH_COATED_OSMIUM;9999;10;;;;;10015;15;;;;;10007.0;0.0
16;59100;INTARIAN_PEPPER_ROOT;29050;12;;;;;29065;11;;;;;29057.5;0.0
16;59200;ASH_COATED_OSMIUM;9999;12;9996;10;;;10015;12;10018;14;;;10007.0;0.0
16;59200;INTARIAN_PEPPER_ROOT;29053;9;29050;8;29048;9;29065;16;29068;9;29071;11;29059.5;0.0
16;59300;ASH_COATED_OSMIUM;9999;13;9996;14;;;10015;15;10017;10;;;10007.0;0.0
16;59300;INTARIAN_PEPPER_ROOT;29053;12;29052;12;;;29065;11;29068;11;;;29059.0;0.0
16;59400;ASH_COATED_OSMIUM;10001;15;9998;10;;;10013;14;10014;27;;;10007.0;0.0
16;59400;INTARIAN_PEPPER_ROOT;29053;9;;;;;29067;10;;;;;29060.5;0.0
16;59500;ASH_COATED_OSMIUM;9999;12;9997;12;;;10015;12;10018;11;;;10007.0;0.0
16;59500;INTARIAN_PEPPER_ROOT;29053;11;29052;9;;;29064;8;29065;8;;;29059.0;0.0
16;59600;ASH_COATED_OSMIUM;9992;14;;;;;10011;26;;;;;10001.5;0.0
16;59600;INTARIAN_PEPPER_ROOT;29054;20;29053;9;29050;12;29064;10;29067;11;29070;12;29059.5;0.0
16;59700;ASH_COATED_OSMIUM;9993;11;;;;;10009;29;;;;;10001.5;0.0
16;59700;INTARIAN_PEPPER_ROOT;29055;12;29053;10;29051;10;29070;9;29073;23;29074;12;29063.0;0.0
16;59800;ASH_COATED_OSMIUM;9993;4;;;;;10009;15;;;;;10001.0;0.0
16;59800;INTARIAN_PEPPER_ROOT;29057;8;29055;8;;;29060;10;29062;9;;;29058.5;0.0
16;59900;ASH_COATED_OSMIUM;9998;15;;;;;10014;13;;;;;10006.5;0.0
16;59900;INTARIAN_PEPPER_ROOT;29051;9;29049;8;29046;10;29065;11;29067;8;29068;11;29058.5;0.0
16;60000;ASH_COATED_OSMIUM;9997;11;9995;14;;;10005;10;10007;13;;;10001.0;0.0
16;60000;INTARIAN_PEPPER_ROOT;29052;17;29049;12;;;29064;9;29067;12;;;29058.5;0.0
16;60100;ASH_COATED_OSMIUM;9996;14;9995;15;;;10005;26;10008;15;;;10001.0;0.0
16;60100;INTARIAN_PEPPER_ROOT;29055;25;29053;9;;;29067;12;29070;9;;;29061.0;0.0
16;60200;ASH_COATED_OSMIUM;9993;11;9991;11;9990;3;10009;12;10012;15;10015;20;10001.5;0.0
16;60200;INTARIAN_PEPPER_ROOT;29059;21;;;;;29062;9;;;;;29060.5;0.0
16;60300;ASH_COATED_OSMIUM;9993;13;9990;13;;;10011;14;10014;30;;;10002.0;0.0
16;60300;INTARIAN_PEPPER_ROOT;29054;8;29053;11;;;29068;22;29071;9;;;29061.5;0.0
16;60400;ASH_COATED_OSMIUM;10004;13;10003;14;;;10010;12;10012;13;;;10007.0;0.0
16;60400;INTARIAN_PEPPER_ROOT;29057;8;29054;10;29053;8;29070;10;29071;8;29072;10;29063.5;0.0
16;60500;ASH_COATED_OSMIUM;9994;11;9993;12;;;10010;13;10012;10;;;10002.0;0.0
16;60500;INTARIAN_PEPPER_ROOT;29054;10;29051;20;;;29067;9;29069;12;;;29061.0;0.0
16;60600;ASH_COATED_OSMIUM;9994;10;9992;13;;;10010;21;10011;10;;;10002.0;0.0
16;60600;INTARIAN_PEPPER_ROOT;29055;12;29054;9;29052;8;29069;24;29072;10;29075;8;29062.5;0.0
16;60700;ASH_COATED_OSMIUM;9994;12;9992;11;9989;14;10010;12;10013;12;10016;11;10002.0;0.0
16;60700;INTARIAN_PEPPER_ROOT;29058;12;29055;8;29054;8;29069;12;29072;12;29073;11;29063.5;0.0
16;60800;ASH_COATED_OSMIUM;9993;12;;;;;10009;13;;;;;10001.5;0.0
16;60800;INTARIAN_PEPPER_ROOT;29057;12;29054;19;29051;11;29068;8;29069;11;29071;8;29062.5;0.0
16;60900;ASH_COATED_OSMIUM;9998;15;9996;12;;;10005;15;10006;13;;;10002.0;0.0
16;60900;INTARIAN_PEPPER_ROOT;29054;21;29052;12;29049;10;29066;9;29069;12;29072;18;29060.5;0.0
16;61000;ASH_COATED_OSMIUM;9992;12;9991;11;;;10011;13;10012;15;;;10002.0;0.0
16;61000;INTARIAN_PEPPER_ROOT;29059;12;;;;;29067;12;;;;;29063.5;0.0
16;61100;ASH_COATED_OSMIUM;9994;22;9993;12;;;10013;14;10014;11;;;10004.0;0.0
16;61100;INTARIAN_PEPPER_ROOT;29055;8;29054;8;29051;12;29068;9;29070;17;29073;25;29062.0;0.0
16;61200;ASH_COATED_OSMIUM;10001;14;9999;11;;;10017;29;10019;15;;;10009.0;0.0
16;61200;INTARIAN_PEPPER_ROOT;29057;10;29056;9;29053;9;29073;21;29074;10;29076;25;29065.5;0.0
16;61300;ASH_COATED_OSMIUM;9996;10;;;;;10012;13;;;;;10004.0;0.0
16;61300;INTARIAN_PEPPER_ROOT;29057;11;;;;;29069;10;;;;;29063.5;0.0
16;61400;ASH_COATED_OSMIUM;9994;12;9991;10;;;10012;14;10013;29;;;10003.5;0.0
16;61400;INTARIAN_PEPPER_ROOT;29051;12;;;;;29062;12;;;;;29057.0;0.0
16;61500;ASH_COATED_OSMIUM;10001;10;10000;10;9999;14;10017;13;10020;11;10022;10;10009.5;0.0
16;61500;INTARIAN_PEPPER_ROOT;29055;8;29054;9;;;29067;11;29068;11;;;29061.0;0.0
16;61600;ASH_COATED_OSMIUM;9996;11;;;;;10012;11;;;;;10004.0;0.0
16;61600;INTARIAN_PEPPER_ROOT;29054;17;29051;9;;;29070;9;29073;22;;;29062.5;0.0
16;61700;ASH_COATED_OSMIUM;9996;13;;;;;10012;15;;;;;10004.5;0.0
16;61700;INTARIAN_PEPPER_ROOT;29055;10;;;;;29067;12;;;;;29061.5;0.0
16;61800;ASH_COATED_OSMIUM;9996;13;9993;11;;;10012;15;10014;13;;;10004.0;0.0
16;61800;INTARIAN_PEPPER_ROOT;29053;8;;;;;29061;10;;;;;29057.5;0.0
16;61900;ASH_COATED_OSMIUM;10001;10;9998;12;;;10017;10;10020;15;;;10009.0;0.0
16;61900;INTARIAN_PEPPER_ROOT;29053;19;29051;9;;;29067;17;29069;9;;;29060.0;0.0
16;62000;ASH_COATED_OSMIUM;9994;14;9991;23;;;10013;14;10016;23;;;10004.0;0.0
16;62000;INTARIAN_PEPPER_ROOT;29055;12;29054;10;29051;8;29070;21;29072;8;29073;16;29062.5;0.0
16;62100;ASH_COATED_OSMIUM;9996;11;;;;;10012;15;;;;;10004.5;0.0
16;62100;INTARIAN_PEPPER_ROOT;29059;12;29056;12;;;29072;17;29075;9;;;29065.5;0.0
16;62200;ASH_COATED_OSMIUM;10001;10;9999;14;;;10017;10;10019;4;;;10009.5;0.0
16;62200;INTARIAN_PEPPER_ROOT;29056;11;;;;;29069;11;;;;;29063.0;0.0
16;62300;ASH_COATED_OSMIUM;10001;11;9999;15;;;10017;25;10018;11;;;10009.5;0.0
16;62300;INTARIAN_PEPPER_ROOT;29058;12;;;;;29070;20;;;;;29064.0;0.0
16;62400;ASH_COATED_OSMIUM;9996;14;9995;14;;;10012;10;10014;2;;;10004.5;0.0
16;62400;INTARIAN_PEPPER_ROOT;29055;11;;;;;29072;8;;;;;29063.5;0.0
16;62500;ASH_COATED_OSMIUM;10001;3;;;;;10017;12;;;;;10009.5;0.0
16;62500;INTARIAN_PEPPER_ROOT;29058;6;29057;10;;;29071;9;29073;11;;;29065.0;0.0
16;62600;ASH_COATED_OSMIUM;9996;30;9993;13;;;10012;15;10015;14;;;10004.5;0.0
16;62600;INTARIAN_PEPPER_ROOT;29059;12;29058;10;;;29071;9;29072;12;;;29065.5;0.0
16;62700;ASH_COATED_OSMIUM;10002;13;10000;15;;;10018;14;10020;11;;;10010.0;0.0
16;62700;INTARIAN_PEPPER_ROOT;29054;11;29053;10;;;29065;9;29068;7;;;29059.5;0.0
16;62800;ASH_COATED_OSMIUM;9995;20;;;;;10014;12;;;;;10004.5;0.0
16;62800;INTARIAN_PEPPER_ROOT;29057;10;29055;21;;;29069;11;29070;15;;;29063.0;0.0
16;62900;ASH_COATED_OSMIUM;10001;24;;;;;10017;12;;;;;10009.5;0.0
16;62900;INTARIAN_PEPPER_ROOT;29057;12;29054;11;;;29060;10;29061;11;;;29058.5;0.0
16;63000;ASH_COATED_OSMIUM;9996;13;;;;;10012;14;;;;;10004.5;0.0
16;63000;INTARIAN_PEPPER_ROOT;29054;11;29052;21;;;29065;10;29068;8;;;29059.5;0.0
16;63100;ASH_COATED_OSMIUM;9995;10;;;;;10013;13;;;;;10004.5;0.0
16;63100;INTARIAN_PEPPER_ROOT;29053;19;;;;;29070;11;;;;;29062.0;0.0
16;63200;ASH_COATED_OSMIUM;9996;22;;;;;10012;13;;;;;10004.5;0.0
16;63200;INTARIAN_PEPPER_ROOT;29057;18;29056;12;;;29069;19;29071;11;;;29063.0;0.0
16;63300;ASH_COATED_OSMIUM;9996;13;;;;;10012;15;;;;;10004.5;0.0
16;63300;INTARIAN_PEPPER_ROOT;29058;10;29055;11;;;29069;8;29071;12;;;29063.5;0.0
16;63400;ASH_COATED_OSMIUM;10002;10;9999;11;;;10018;20;10021;23;;;10010.0;0.0
16;63400;INTARIAN_PEPPER_ROOT;29057;8;29056;10;;;29069;10;29070;24;;;29063.5;0.0
16;63500;ASH_COATED_OSMIUM;9994;13;9993;10;;;10015;11;10016;11;;;10005.0;0.0
16;63500;INTARIAN_PEPPER_ROOT;29064;9;;;;;29075;8;;;;;29069.5;0.0
16;63600;ASH_COATED_OSMIUM;10002;26;10000;5;;;10018;12;10021;21;;;10010.5;0.0
16;63600;INTARIAN_PEPPER_ROOT;29056;17;29055;11;29052;19;29069;10;29071;8;29074;12;29062.5;0.0
16;63700;ASH_COATED_OSMIUM;9996;12;;;;;10015;14;;;;;10005.5;0.0
16;63700;INTARIAN_PEPPER_ROOT;29057;8;29055;8;29052;10;29071;23;29074;9;29077;17;29064.5;0.0
