day;timestamp;product;bid_price_1;bid_volume_1;bid_price_2;bid_volume_2;bid_price_3;bid_volume_3;ask_price_1;ask_volume_1;ask_price_2;ask_volume_2;ask_price_3;ask_volume_3;mid_price;profit_and_loss
26;0;ASH_COATED_OSMIUM;9989;21;9986;13;;;10005;11;10008;25;;;9997.0;0.0
26;0;INTARIAN_PEPPER_ROOT;38993;12;38991;9;;;39006;8;39007;10;;;38999.5;0.0
26;100;ASH_COATED_OSMIUM;9990;21;;;;;10006;26;;;;;9998.5;0.0
26;100;INTARIAN_PEPPER_ROOT;38995;25;38992;12;;;39008;10;39011;9;;;39001.5;0.0
26;200;ASH_COATED_OSMIUM;9986;28;9985;11;;;10005;13;10008;28;;;9995.5;0.0
26;200;INTARIAN_PEPPER_ROOT;38995;8;38992;10;;;39008;12;39010;23;;;39002.0;0.0
26;300;ASH_COATED_OSMIUM;9982;11;9981;30;;;10001;15;10004;10;;;9992.0;0.0
26;300;INTARIAN_PEPPER_ROOT;38995;12;38992;9;;;39009;18;39012;8;;;39002.5;0.0
26;400;ASH_COATED_OSMIUM;9984;12;9983;27;;;10002;11;10005;14;;;9993.5;0.0
26;400;INTARIAN_PEPPER_ROOT;38995;10;38994;10;;;39010;12;39011;17;;;39003.0;0.0
26;500;ASH_COATED_OSMIUM;9992;14;9991;12;9989;14;10010;11;10012;10;10015;11;10001.5;0.0
26;500;INTARIAN_PEPPER_ROOT;38994;25;38991;8;;;39007;24;39008;17;;;39000.5;0.0
26;600;ASH_COATED_OSMIUM;9994;15;9993;23;;;10010;25;10012;10;;;10002.0;0.0
26;600;INTARIAN_PEPPER_ROOT;38996;8;;;;;39008;9;;;;;39002.5;0.0
26;700;ASH_COATED_OSMIUM;9994;11;;;;;10010;15;;;;;10002.0;0.0
26;700;INTARIAN_PEPPER_ROOT;38994;12;38992;8;;;39006;11;39007;25;;;39000.5;0.0
26;800;ASH_COATED_OSMIUM;9989;15;9988;13;;;10005;29;10008;11;;;9997.5;0.0
26;800;INTARIAN_PEPPER_ROOT;38995;10;38994;8;38993;24;39008;12;39009;16;39012;10;39001.5;0.0
26;900;ASH_COATED_OSMIUM;9994;14;9992;11;9989;15;10010;15;10011;14;10013;15;10002.0;0.0
26;900;INTARIAN_PEPPER_ROOT;38999;11;38997;9;;;39002;23;39003;8;;;39000.5;0.0
26;1000;ASH_COATED_OSMIUM;9986;15;;;;;10005;12;;;;;9996.0;0.0
26;1000;INTARIAN_PEPPER_ROOT;38996;10;38993;9;;;39007;8;39009;10;;;39002.0;0.0
26;1100;ASH_COATED_OSMIUM;9989;13;9986;11;;;10005;14;10007;10;;;9997.5;0.0
26;1100;INTARIAN_PEPPER_ROOT;39000;16;38999;25;;;39015;10;39016;19;;;39007.5;0.0
26;1200;ASH_COATED_OSMIUM;9991;12;;;;;10007;10;;;;;9999.5;0.0
26;1200;INTARIAN_PEPPER_ROOT;38992;22;38989;10;38987;19;39008;10;39009;11;39010;9;39000.5;0.0
26;1300;ASH_COATED_OSMIUM;9996;11;9995;13;9992;10;10006;12;10008;14;10009;15;10001.0;0.0
26;1300;INTARIAN_PEPPER_ROOT;38994;12;38993;16;;;39009;20;39010;17;;;39001.5;0.0
26;1400;ASH_COATED_OSMIUM;9994;27;9993;14;;;10010;11;10013;10;;;10002.5;0.0
26;1400;INTARIAN_PEPPER_ROOT;38995;9;38993;9;38992;9;39009;11;39010;10;39011;9;39002.5;0.0
26;1500;ASH_COATED_OSMIUM;9995;12;9992;12;9990;13;10011;10;10013;11;10014;12;10003.5;0.0
26;1500;INTARIAN_PEPPER_ROOT;38994;12;38992;11;;;39008;22;39011;5;;;39001.0;0.0
26;1600;ASH_COATED_OSMIUM;9992;15;;;;;10008;11;;;;;10000.5;0.0
26;1600;INTARIAN_PEPPER_ROOT;38993;11;38991;8;38988;19;39007;11;39010;12;39011;11;39000.0;0.0
26;1700;ASH_COATED_OSMIUM;9991;26;;;;;10007;12;;;;;9999.5;0.0
26;1700;INTARIAN_PEPPER_ROOT;38993;11;38992;18;;;39006;10;39007;11;;;38999.5;0.0
26;1800;ASH_COATED_OSMIUM;9989;11;9986;13;9983;13;10005;12;10008;11;10009;11;9997.0;0.0
26;1800;INTARIAN_PEPPER_ROOT;38993;18;;;;;39008;12;;;;;39001.0;0.0
26;1900;ASH_COATED_OSMIUM;9991;12;;;;;10007;23;;;;;9999.5;0.0
26;1900;INTARIAN_PEPPER_ROOT;38995;8;38993;18;;;39009;12;39011;15;;;39002.5;0.0
26;2000;ASH_COATED_OSMIUM;9988;26;9985;12;9982;12;10001;15;10003;12;10005;10;9995.0;0.0
26;2000;INTARIAN_PEPPER_ROOT;38992;17;38989;12;;;39007;12;39010;7;;;39000.0;0.0
26;2100;ASH_COATED_OSMIUM;9992;30;;;;;10001;12;;;;;9997.0;0.0
26;2100;INTARIAN_PEPPER_ROOT;39000;11;38998;8;38995;10;39002;8;39005;15;39007;10;39001.0;0.0
26;2200;ASH_COATED_OSMIUM;9992;14;9990;13;;;10002;14;10004;11;;;9997.5;0.0
26;2200;INTARIAN_PEPPER_ROOT;38997;23;38996;8;;;39010;12;39012;8;;;39004.0;0.0
26;2300;ASH_COATED_OSMIUM;9994;14;9991;15;;;10013;12;10014;10;;;10003.5;0.0
26;2300;INTARIAN_PEPPER_ROOT;38996;9;38995;10;;;39009;15;39012;10;;;39002.5;0.0
26;2400;ASH_COATED_OSMIUM;9998;26;9997;15;9995;12;10017;13;10019;10;10020;28;10007.5;0.0
26;2400;INTARIAN_PEPPER_ROOT;38995;11;38992;16;;;39008;10;39011;8;;;39001.5;0.0
26;2500;ASH_COATED_OSMIUM;9999;13;;;;;10015;13;;;;;10007.5;0.0
26;2500;INTARIAN_PEPPER_ROOT;38999;17;38996;11;38994;12;39011;12;39012;12;39013;11;39005.5;0.0
26;2600;ASH_COATED_OSMIUM;10002;13;10000;12;;;10021;15;10022;14;;;10011.5;0.0
26;2600;INTARIAN_PEPPER_ROOT;38997;12;;;;;39009;10;;;;;39003.5;0.0
26;2700;ASH_COATED_OSMIUM;10003;10;10002;29;10001;10;10022;10;10024;10;10025;10;10012.5;0.0
26;2700;INTARIAN_PEPPER_ROOT;39000;8;38997;12;;;39013;21;39016;9;;;39006.5;0.0
26;2800;ASH_COATED_OSMIUM;10000;14;9999;13;9997;4;10016;23;10018;10;10019;10;10008.5;0.0
26;2800;INTARIAN_PEPPER_ROOT;38999;9;;;;;39016;11;;;;;39008.0;0.0
26;2900;ASH_COATED_OSMIUM;10005;11;10002;15;;;10015;10;10018;10;;;10010.0;0.0
26;2900;INTARIAN_PEPPER_ROOT;38996;8;38993;11;;;39009;11;39010;10;;;39003.0;0.0
26;3000;ASH_COATED_OSMIUM;9996;24;9993;14;;;10012;12;10013;11;;;10004.0;0.0
26;3000;INTARIAN_PEPPER_ROOT;39000;20;;;;;39011;8;;;;;39005.5;0.0
26;3100;ASH_COATED_OSMIUM;9997;10;9995;11;9994;13;10013;25;10015;21;10018;22;10005.5;0.0
26;3100;INTARIAN_PEPPER_ROOT;38995;11;;;;;39007;11;;;;;39001.5;0.0
26;3200;ASH_COATED_OSMIUM;10000;10;9998;14;;;10016;12;10017;14;;;10008.0;0.0
26;3200;INTARIAN_PEPPER_ROOT;38996;12;;;;;39008;12;;;;;39002.5;0.0
26;3300;ASH_COATED_OSMIUM;9996;22;9995;11;;;10012;13;10013;15;;;10004.5;0.0
26;3300;INTARIAN_PEPPER_ROOT;38998;21;;;;;39010;8;;;;;39004.0;0.0
26;3400;ASH_COATED_OSMIUM;9997;14;9994;12;9991;15;10013;11;10016;25;10019;30;10005.5;0.0
26;3400;INTARIAN_PEPPER_ROOT;38991;9;38988;8;38985;11;39007;8;39008;10;39009;11;38999.0;0.0
26;3500;ASH_COATED_OSMIUM;10000;22;9997;10;;;10016;10;10017;15;;;10008.0;0.0
26;3500;INTARIAN_PEPPER_ROOT;38995;9;38993;11;38992;19;39009;11;39012;9;39015;8;39002.0;0.0
26;3600;ASH_COATED_OSMIUM;9996;12;9995;14;;;10014;14;10017;11;;;10005.5;0.0
26;3600;INTARIAN_PEPPER_ROOT;38996;9;;;;;39007;4;;;;;39001.5;0.0
26;3700;ASH_COATED_OSMIUM;9993;14;;;;;10009;13;;;;;10001.5;0.0
26;3700;INTARIAN_PEPPER_ROOT;38993;9;38990;11;;;39006;10;39008;10;;;39000.0;0.0
26;3800;ASH_COATED_OSMIUM;9997;10;;;;;10013;12;;;;;10005.0;0.0
26;3800;INTARIAN_PEPPER_ROOT;39005;8;39004;12;;;39011;9;39014;21;;;39008.0;0.0
26;3900;ASH_COATED_OSMIUM;9993;10;9990;25;9987;10;10011;13;10014;13;10015;14;10002.5;0.0
26;3900;INTARIAN_PEPPER_ROOT;38997;12;38996;12;;;39009;9;39012;8;;;39003.5;0.0
26;4000;ASH_COATED_OSMIUM;9990;13;;;;;10006;15;;;;;9998.0;0.0
26;4000;INTARIAN_PEPPER_ROOT;38997;10;38994;11;;;39014;8;39016;9;;;39005.5;0.0
26;4100;ASH_COATED_OSMIUM;9990;12;9989;10;;;10006;23;10008;13;;;9998.5;0.0
26;4100;INTARIAN_PEPPER_ROOT;38997;10;38994;8;;;39010;9;39012;21;;;39004.0;0.0
26;4200;ASH_COATED_OSMIUM;9993;4;9992;11;;;10009;14;10010;13;;;10001.5;0.0
26;4200;INTARIAN_PEPPER_ROOT;38996;9;;;;;39009;21;;;;;39002.5;0.0
26;4300;ASH_COATED_OSMIUM;9995;14;9993;11;;;10011;15;10012;13;;;10003.5;0.0
26;4300;INTARIAN_PEPPER_ROOT;38999;8;38998;8;38996;10;39016;11;39019;18;39022;10;39007.5;0.0
26;4400;ASH_COATED_OSMIUM;9997;10;9996;12;;;10013;14;10014;15;;;10005.0;0.0
26;4400;INTARIAN_PEPPER_ROOT;39001;10;39000;22;;;39014;10;39017;8;;;39008.0;0.0
26;4500;ASH_COATED_OSMIUM;9995;29;9992;14;9989;13;10011;25;10012;25;10013;14;10003.0;0.0
26;4500;INTARIAN_PEPPER_ROOT;38997;8;;;;;39014;19;;;;;39006.0;0.0
26;4600;ASH_COATED_OSMIUM;9994;15;9993;11;;;10012;10;10015;26;;;10003.5;0.0
26;4600;INTARIAN_PEPPER_ROOT;38997;11;38994;12;;;39010;11;39013;11;;;39003.5;0.0
26;4700;ASH_COATED_OSMIUM;9998;12;9995;24;;;10017;12;10019;11;;;10007.5;0.0
26;4700;INTARIAN_PEPPER_ROOT;38997;8;38994;10;;;39008;16;39010;11;;;39003.0;0.0
26;4800;ASH_COATED_OSMIUM;9997;12;9994;23;9993;14;10016;27;10018;11;10020;13;10007.0;0.0
26;4800;INTARIAN_PEPPER_ROOT;39001;20;38999;12;;;39012;9;39014;11;;;39007.0;0.0
26;4900;ASH_COATED_OSMIUM;9993;14;9992;14;9989;12;10009;13;10012;10;10014;15;10001.5;0.0
26;4900;INTARIAN_PEPPER_ROOT;39000;11;;;;;39015;11;;;;;39007.5;0.0
26;5000;ASH_COATED_OSMIUM;9997;11;;;;;10013;13;;;;;10005.5;0.0
26;5000;INTARIAN_PEPPER_ROOT;38999;8;38998;9;;;39013;9;39016;8;;;39006.5;0.0
26;5100;ASH_COATED_OSMIUM;10002;10;10001;12;;;10012;13;10013;10;;;10007.0;0.0
26;5100;INTARIAN_PEPPER_ROOT;39003;11;39001;10;;;39015;10;39016;10;;;39009.5;0.0
26;5200;ASH_COATED_OSMIUM;9999;13;9998;28;;;10015;11;10017;27;;;10007.0;0.0
26;5200;INTARIAN_PEPPER_ROOT;38998;21;38997;23;;;39011;9;39012;12;;;39004.5;0.0
26;5300;ASH_COATED_OSMIUM;10000;13;9998;15;;;10016;12;10019;12;;;10008.5;0.0
26;5300;INTARIAN_PEPPER_ROOT;38995;8;;;;;39008;12;;;;;39002.0;0.0
26;5400;ASH_COATED_OSMIUM;9997;13;9995;20;9994;13;10013;20;10014;15;10016;12;10005.5;0.0
26;5400;INTARIAN_PEPPER_ROOT;39000;21;38999;10;;;39011;8;39014;21;;;39005.5;0.0
26;5500;ASH_COATED_OSMIUM;9995;11;9993;10;;;10011;15;10013;14;;;10003.0;0.0
26;5500;INTARIAN_PEPPER_ROOT;39000;8;38997;12;38994;9;39014;9;39016;8;39017;23;39007.5;0.0
26;5600;ASH_COATED_OSMIUM;10001;12;9998;11;9995;11;10017;15;10018;11;10021;15;10009.0;0.0
26;5600;INTARIAN_PEPPER_ROOT;38998;6;38997;11;;;39011;8;39013;8;;;39004.5;0.0
26;5700;ASH_COATED_OSMIUM;9999;25;9998;12;;;10015;29;10018;12;;;10007.0;0.0
26;5700;INTARIAN_PEPPER_ROOT;38998;11;;;;;39010;21;;;;;39004.0;0.0
26;5800;ASH_COATED_OSMIUM;9999;10;9997;29;9995;5;10015;24;10017;14;10019;12;10007.0;0.0
26;5800;INTARIAN_PEPPER_ROOT;39001;12;;;;;39015;12;;;;;39008.5;0.0
26;5900;ASH_COATED_OSMIUM;9995;15;9994;30;9992;11;10011;14;10013;12;10016;12;10003.0;0.0
26;5900;INTARIAN_PEPPER_ROOT;38996;9;38993;10;38990;11;39009;12;39011;8;39013;12;39003.0;0.0
26;6000;ASH_COATED_OSMIUM;9986;14;;;;;10005;12;;;;;9996.0;0.0
26;6000;INTARIAN_PEPPER_ROOT;38998;10;38995;8;38992;11;39012;8;39013;8;39016;8;39005.0;0.0
26;6100;ASH_COATED_OSMIUM;9986;25;9983;13;;;10004;14;10005;23;;;9995.0;0.0
26;6100;INTARIAN_PEPPER_ROOT;38999;11;38998;11;;;39015;21;39016;11;;;39007.5;0.0
26;6200;ASH_COATED_OSMIUM;9983;14;;;;;9996;15;;;;;9989.5;0.0
26;6200;INTARIAN_PEPPER_ROOT;38999;8;;;;;39012;10;;;;;39005.5;0.0
26;6300;ASH_COATED_OSMIUM;9987;10;9984;15;9981;10;10003;15;10006;11;10009;15;9995.0;0.0
26;6300;INTARIAN_PEPPER_ROOT;39001;8;38999;21;38997;12;39013;9;39016;12;39018;9;39007.0;0.0
26;6400;ASH_COATED_OSMIUM;9985;13;;;;;10004;15;;;;;9994.5;0.0
26;6400;INTARIAN_PEPPER_ROOT;39000;11;38999;20;;;39012;21;39015;9;;;39006.5;0.0
26;6500;ASH_COATED_OSMIUM;9981;4;;;;;9999;11;;;;;9990.0;0.0
26;6500;INTARIAN_PEPPER_ROOT;39000;12;38999;9;;;39013;11;39015;12;;;39006.5;0.0
26;6600;ASH_COATED_OSMIUM;9983;14;9982;13;9981;12;9999;14;10000;12;10003;24;9991.5;0.0
26;6600;INTARIAN_PEPPER_ROOT;39001;25;38998;12;;;39012;10;39015;12;;;39007.0;0.0
26;6700;ASH_COATED_OSMIUM;9986;15;;;;;10002;11;;;;;9994.0;0.0
26;6700;INTARIAN_PEPPER_ROOT;38999;10;38998;19;38997;10;39012;12;39014;18;39017;12;39006.0;0.0
26;6800;ASH_COATED_OSMIUM;9988;12;9986;28;;;10004;14;10005;11;;;9996.5;0.0
26;6800;INTARIAN_PEPPER_ROOT;39000;10;38997;8;;;39011;11;39012;10;;;39005.5;0.0
26;6900;ASH_COATED_OSMIUM;9992;10;9990;15;;;10011;15;10014;11;;;10002.0;0.0
26;6900;INTARIAN_PEPPER_ROOT;39006;20;;;;;39009;11;;;;;39008.0;0.0
26;7000;ASH_COATED_OSMIUM;9999;11;9996;22;;;10015;15;10017;13;;;10007.0;0.0
26;7000;INTARIAN_PEPPER_ROOT;39000;9;;;;;39013;10;;;;;39007.0;0.0
26;7100;ASH_COATED_OSMIUM;9996;15;9994;12;9993;24;10012;10;10015;13;10018;12;10004.5;0.0
26;7100;INTARIAN_PEPPER_ROOT;38999;22;38998;25;38995;9;39014;18;39016;8;39019;10;39006.5;0.0
26;7200;ASH_COATED_OSMIUM;9988;13;;;;;10006;22;;;;;9997.5;0.0
26;7200;INTARIAN_PEPPER_ROOT;39001;9;;;;;39016;12;;;;;39008.5;0.0
26;7300;ASH_COATED_OSMIUM;9993;10;;;;;10012;13;;;;;10002.5;0.0
26;7300;INTARIAN_PEPPER_ROOT;39006;8;39003;8;;;39018;9;39021;10;;;39012.0;0.0
26;7400;ASH_COATED_OSMIUM;9996;21;;;;;10015;15;;;;;10006.0;0.0
26;7400;INTARIAN_PEPPER_ROOT;39000;18;;;;;39016;9;;;;;39008.5;0.0
26;7500;ASH_COATED_OSMIUM;10000;24;9998;12;9997;11;10012;10;10015;13;10016;13;10006.0;0.0
26;7500;INTARIAN_PEPPER_ROOT;39002;8;39000;23;;;39015;11;39017;19;;;39009.0;0.0
26;7600;ASH_COATED_OSMIUM;9991;23;;;;;10007;10;;;;;9999.0;0.0
26;7600;INTARIAN_PEPPER_ROOT;39001;11;38999;11;;;39014;10;39017;11;;;39008.0;0.0
26;7700;ASH_COATED_OSMIUM;9984;11;;;;;10003;26;;;;;9993.5;0.0
26;7700;INTARIAN_PEPPER_ROOT;38998;10;38996;9;;;39011;8;39012;8;;;39005.0;0.0
26;7800;ASH_COATED_OSMIUM;9980;12;9978;15;;;9998;13;10001;13;;;9989.0;0.0
26;7800;INTARIAN_PEPPER_ROOT;39000;9;38997;12;;;39013;9;39014;9;;;39007.0;0.0
26;7900;ASH_COATED_OSMIUM;9978;12;;;;;9997;13;;;;;9988.0;0.0
26;7900;INTARIAN_PEPPER_ROOT;39001;11;;;;;39014;9;;;;;39007.5;0.0
26;8000;ASH_COATED_OSMIUM;9980;22;9977;13;;;9999;12;10001;11;;;9990.0;0.0
26;8000;INTARIAN_PEPPER_ROOT;39001;11;;;;;39014;11;;;;;39008.0;0.0
26;8100;ASH_COATED_OSMIUM;9990;30;9989;14;9988;12;10008;20;10010;15;10012;11;9999.5;0.0
26;8100;INTARIAN_PEPPER_ROOT;39002;9;39000;9;;;39015;8;39017;25;;;39008.5;0.0
26;8200;ASH_COATED_OSMIUM;9983;12;9980;12;9978;11;10002;4;10003;15;10005;12;9992.5;0.0
26;8200;INTARIAN_PEPPER_ROOT;39001;19;;;;;39018;12;;;;;39009.5;0.0
26;8300;ASH_COATED_OSMIUM;9988;13;9986;11;;;10004;10;10007;12;;;9996.0;0.0
26;8300;INTARIAN_PEPPER_ROOT;39003;11;39002;9;39000;8;39015;9;39016;18;39018;11;39009.0;0.0
26;8400;ASH_COATED_OSMIUM;9988;12;9986;28;9983;25;10009;15;10012;22;10014;11;9998.5;0.0
26;8400;INTARIAN_PEPPER_ROOT;38997;11;;;;;39010;11;;;;;39003.5;0.0
26;8500;ASH_COATED_OSMIUM;9998;14;9995;11;;;10005;10;10006;12;;;10001.5;0.0
26;8500;INTARIAN_PEPPER_ROOT;39002;8;;;;;39016;18;;;;;39009.5;0.0
26;8600;ASH_COATED_OSMIUM;9992;13;;;;;10008;14;;;;;10000.5;0.0
26;8600;INTARIAN_PEPPER_ROOT;39002;11;;;;;39013;10;;;;;39008.0;0.0
26;8700;ASH_COATED_OSMIUM;9990;15;9988;11;9985;10;10009;12;10012;11;10014;10;10000.0;0.0
26;8700;INTARIAN_PEPPER_ROOT;39001;10;38998;3;;;39014;9;39016;11;;;39007.5;0.0
26;8800;ASH_COATED_OSMIUM;9990;14;9988;15;9986;10;10006;3;10009;15;10012;15;9998.5;0.0
26;8800;INTARIAN_PEPPER_ROOT;39003;8;39002;12;38999;23;39014;8;39017;7;39019;9;39009.0;0.0
26;8900;ASH_COATED_OSMIUM;9992;13;9991;12;;;10011;13;10012;10;;;10001.5;0.0
26;8900;INTARIAN_PEPPER_ROOT;39001;12;38998;9;;;39015;8;39018;10;;;39008.5;0.0
26;9000;ASH_COATED_OSMIUM;9982;14;9980;11;9977;14;10003;30;10005;21;10006;28;9993.0;0.0
26;9000;INTARIAN_PEPPER_ROOT;38995;11;;;;;39007;10;;;;;39001.0;0.0
26;9100;ASH_COATED_OSMIUM;9989;12;9988;15;;;10005;11;10006;15;;;9997.5;0.0
26;9100;INTARIAN_PEPPER_ROOT;39002;9;39000;10;;;39015;8;39017;9;;;39009.0;0.0
26;9200;ASH_COATED_OSMIUM;9988;13;9985;10;;;10004;13;10006;9;;;9996.5;0.0
26;9200;INTARIAN_PEPPER_ROOT;39008;12;39005;11;;;39015;11;39018;9;;;39012.0;0.0
26;9300;ASH_COATED_OSMIUM;9986;12;;;;;10002;11;;;;;9994.5;0.0
26;9300;INTARIAN_PEPPER_ROOT;39000;8;38997;19;38996;12;39014;9;39015;12;39018;17;39007.5;0.0
26;9400;ASH_COATED_OSMIUM;9992;14;9990;15;;;10008;30;10011;11;;;10000.0;0.0
26;9400;INTARIAN_PEPPER_ROOT;38998;9;38997;9;;;39014;9;39017;11;;;39006.5;0.0
26;9500;ASH_COATED_OSMIUM;9990;20;;;;;10006;12;;;;;9998.5;0.0
26;9500;INTARIAN_PEPPER_ROOT;39009;15;39007;8;39006;8;39013;11;39015;8;39017;12;39011.5;0.0
26;9600;ASH_COATED_OSMIUM;9988;14;9985;15;;;10004;14;10006;13;;;9996.0;0.0
26;9600;INTARIAN_PEPPER_ROOT;39004;12;39003;9;;;39016;12;39017;12;;;39010.5;0.0
26;9700;ASH_COATED_OSMIUM;9987;22;9984;13;;;10005;15;10006;11;;;9996.5;0.0
26;9700;INTARIAN_PEPPER_ROOT;39002;9;39000;12;38997;8;39015;8;39018;11;39021;8;39008.5;0.0
26;9800;ASH_COATED_OSMIUM;9987;12;;;;;10003;13;;;;;9995.5;0.0
26;9800;INTARIAN_PEPPER_ROOT;39002;10;;;;;39015;12;;;;;39009.0;0.0
26;9900;ASH_COATED_OSMIUM;9998;11;;;;;10016;13;;;;;10007.0;0.0
26;9900;INTARIAN_PEPPER_ROOT;38999;10;38997;8;;;39015;19;39018;25;;;39007.0;0.0
26;10000;ASH_COATED_OSMIUM;9989;14;;;;;10008;14;;;;;9998.5;0.0
26;10000;INTARIAN_PEPPER_ROOT;39005;10;;;;;39017;8;;;;;39011.5;0.0
26;10100;ASH_COATED_OSMIUM;9995;13;9992;29;;;10001;13;10002;10;;;9998.0;0.0
26;10100;INTARIAN_PEPPER_ROOT;39004;10;39001;8;38999;8;39015;8;39018;11;39020;12;39009.5;0.0
26;10200;ASH_COATED_OSMIUM;9991;11;;;;;10007;11;;;;;9999.5;0.0
26;10200;INTARIAN_PEPPER_ROOT;39001;9;;;;;39014;12;;;;;39007.5;0.0
26;10300;ASH_COATED_OSMIUM;9994;12;;;;;10010;11;;;;;10002.0;0.0
26;10300;INTARIAN_PEPPER_ROOT;39005;8;39003;18;39002;9;39019;12;39021;10;39023;10;39012.0;0.0
26;10400;ASH_COATED_OSMIUM;9992;13;;;;;10008;11;;;;;10000.5;0.0
26;10400;INTARIAN_PEPPER_ROOT;39003;10;39002;10;39001;10;39016;9;39018;11;39021;8;39010.0;0.0
26;10500;ASH_COATED_OSMIUM;9990;3;9988;11;;;10006;12;10009;10;;;9998.5;0.0
26;10500;INTARIAN_PEPPER_ROOT;38999;11;38996;11;38994;9;39016;12;39019;12;39021;15;39007.5;0.0
26;10600;ASH_COATED_OSMIUM;9988;14;9987;11;;;9996;10;9997;20;;;9992.0;0.0
26;10600;INTARIAN_PEPPER_ROOT;39010;9;39009;22;;;39012;10;39013;21;;;39011.0;0.0
26;10700;ASH_COATED_OSMIUM;9988;14;9986;10;;;10004;12;10005;10;;;9996.0;0.0
26;10700;INTARIAN_PEPPER_ROOT;39004;3;39001;12;;;39017;9;39019;11;;;39011.0;0.0
26;10800;ASH_COATED_OSMIUM;9981;29;9980;14;;;9997;13;10000;14;;;9989.0;0.0
26;10800;INTARIAN_PEPPER_ROOT;39003;11;;;;;39018;23;;;;;39011.0;0.0
26;10900;ASH_COATED_OSMIUM;9981;11;9979;14;;;9997;13;9999;11;;;9989.5;0.0
26;10900;INTARIAN_PEPPER_ROOT;39004;9;;;;;39021;11;;;;;39012.5;0.0
26;11000;ASH_COATED_OSMIUM;9981;13;9980;10;;;9997;10;9999;13;;;9989.0;0.0
26;11000;INTARIAN_PEPPER_ROOT;39005;10;39003;9;;;39018;10;39020;9;;;39012.0;0.0
26;11100;ASH_COATED_OSMIUM;9982;15;;;;;9998;12;;;;;9990.0;0.0
26;11100;INTARIAN_PEPPER_ROOT;39002;12;39000;10;;;39017;10;39019;24;;;39009.5;0.0
26;11200;ASH_COATED_OSMIUM;9987;10;;;;;10003;22;;;;;9995.0;0.0
26;11200;INTARIAN_PEPPER_ROOT;39005;21;39002;12;;;39017;9;39019;24;;;39011.5;0.0
26;11300;ASH_COATED_OSMIUM;9989;14;9987;14;;;10008;20;10009;13;;;9998.5;0.0
26;11300;INTARIAN_PEPPER_ROOT;39008;8;39005;12;;;39020;8;39022;9;;;39014.0;0.0
26;11400;ASH_COATED_OSMIUM;9990;13;;;;;10009;14;;;;;10000.0;0.0
26;11400;INTARIAN_PEPPER_ROOT;39003;10;;;;;39018;9;;;;;39010.5;0.0
26;11500;ASH_COATED_OSMIUM;9991;10;9989;27;;;10009;11;10010;26;;;10000.5;0.0
26;11500;INTARIAN_PEPPER_ROOT;39006;10;39003;9;39002;12;39020;18;39022;12;39024;10;39013.0;0.0
26;11600;ASH_COATED_OSMIUM;9989;23;9988;21;9986;15;10008;15;10010;10;10012;5;9998.5;0.0
26;11600;INTARIAN_PEPPER_ROOT;39002;11;38999;21;;;39018;11;39021;12;;;39010.0;0.0
26;11700;ASH_COATED_OSMIUM;9989;11;9986;30;9985;30;10005;11;10007;25;10008;15;9997.5;0.0
26;11700;INTARIAN_PEPPER_ROOT;39006;21;39003;11;;;39019;9;39020;16;;;39013.0;0.0
26;11800;ASH_COATED_OSMIUM;9987;29;9984;11;9981;12;9997;11;9998;13;9999;13;9992.5;0.0
26;11800;INTARIAN_PEPPER_ROOT;39008;12;39006;12;;;39021;12;39024;10;;;39015.0;0.0
26;11900;ASH_COATED_OSMIUM;9987;27;;;;;10003;11;;;;;9995.5;0.0
26;11900;INTARIAN_PEPPER_ROOT;39005;12;39004;12;39002;9;39019;9;39020;11;39021;18;39012.5;0.0
26;12000;ASH_COATED_OSMIUM;9993;12;;;;;10012;20;;;;;10002.5;0.0
26;12000;INTARIAN_PEPPER_ROOT;39008;8;39005;12;;;39021;10;39022;11;;;39014.5;0.0
26;12100;ASH_COATED_OSMIUM;9986;13;;;;;10005;10;;;;;9995.5;0.0
26;12100;INTARIAN_PEPPER_ROOT;39006;9;39004;8;;;39018;18;39021;8;;;39012.5;0.0
26;12200;ASH_COATED_OSMIUM;9992;15;;;;;10010;13;;;;;10001.5;0.0
26;12200;INTARIAN_PEPPER_ROOT;39007;11;39006;8;;;39020;11;39022;10;;;39013.5;0.0
26;12300;ASH_COATED_OSMIUM;9992;15;9989;13;;;10008;15;10011;3;;;10000.0;0.0
26;12300;INTARIAN_PEPPER_ROOT;39004;24;39001;10;39000;12;39017;11;39018;10;39021;11;39010.5;0.0
26;12400;ASH_COATED_OSMIUM;9989;11;9987;10;;;10005;11;10006;27;;;9997.0;0.0
26;12400;INTARIAN_PEPPER_ROOT;39010;10;39008;20;;;39023;8;39024;12;;;39016.5;0.0
26;12500;ASH_COATED_OSMIUM;9989;10;9988;13;9985;12;10005;11;10008;23;10011;22;9997.0;0.0
26;12500;INTARIAN_PEPPER_ROOT;39010;10;;;;;39022;19;;;;;39016.5;0.0
26;12600;ASH_COATED_OSMIUM;9990;22;;;;;10009;10;;;;;9999.5;0.0
26;12600;INTARIAN_PEPPER_ROOT;39007;22;39006;19;39005;8;39021;8;39022;21;39023;9;39014.0;0.0
26;12700;ASH_COATED_OSMIUM;9986;12;9983;15;9980;12;10002;15;10003;10;10004;21;9994.5;0.0
26;12700;INTARIAN_PEPPER_ROOT;39007;11;39005;9;;;39020;9;39021;8;;;39013.5;0.0
26;12800;ASH_COATED_OSMIUM;9985;11;9982;15;9980;5;10003;14;10006;12;10007;14;9994.0;0.0
26;12800;INTARIAN_PEPPER_ROOT;39007;25;;;;;39019;8;;;;;39013.5;0.0
26;12900;ASH_COATED_OSMIUM;9987;13;9985;12;9982;10;10003;14;10004;13;10005;13;9995.5;0.0
26;12900;INTARIAN_PEPPER_ROOT;39008;12;;;;;39021;9;;;;;39015.0;0.0
26;13000;ASH_COATED_OSMIUM;9988;13;9987;14;;;10006;12;10009;15;;;9997.5;0.0
26;13000;INTARIAN_PEPPER_ROOT;39006;12;39005;8;39003;17;39020;8;39021;25;39024;16;39013.0;0.0
26;13100;ASH_COATED_OSMIUM;9998;15;;;;;10008;11;;;;;10003.5;0.0
26;13100;INTARIAN_PEPPER_ROOT;39008;9;39005;12;;;39019;16;39020;12;;;39013.5;0.0
26;13200;ASH_COATED_OSMIUM;9993;15;;;;;10014;14;;;;;10003.5;0.0
26;13200;INTARIAN_PEPPER_ROOT;39005;10;;;;;39018;8;;;;;39012.0;0.0
26;13300;ASH_COATED_OSMIUM;9994;11;;;;;10012;12;;;;;10003.0;0.0
26;13300;INTARIAN_PEPPER_ROOT;39004;3;;;;;39017;20;;;;;39010.5;0.0
26;13400;ASH_COATED_OSMIUM;9990;12;;;;;10006;27;;;;;9998.0;0.0
26;13400;INTARIAN_PEPPER_ROOT;39007;15;39004;8;;;39021;20;39024;21;;;39014.0;0.0
26;13500;ASH_COATED_OSMIUM;9987;12;;;;;10006;11;;;;;9996.5;0.0
26;13500;INTARIAN_PEPPER_ROOT;39007;3;39005;12;39004;10;39019;24;39021;8;39023;22;39013.5;0.0
26;13600;ASH_COATED_OSMIUM;9989;15;;;;;10005;13;;;;;9997.5;0.0
26;13600;INTARIAN_PEPPER_ROOT;39007;11;;;;;39020;8;;;;;39013.5;0.0
26;13700;ASH_COATED_OSMIUM;9991;10;9989;29;;;10007;14;10008;12;;;9999.5;0.0
26;13700;INTARIAN_PEPPER_ROOT;39009;12;39007;9;39004;10;39020;12;39023;10;39025;8;39015.0;0.0
26;13800;ASH_COATED_OSMIUM;9992;13;;;;;10010;30;;;;;10001.0;0.0
26;13800;INTARIAN_PEPPER_ROOT;39006;10;39004;6;;;39019;8;39020;11;;;39012.5;0.0
26;13900;ASH_COATED_OSMIUM;9988;11;9985;14;9983;13;10004;13;10007;11;10008;4;9996.5;0.0
26;13900;INTARIAN_PEPPER_ROOT;39007;11;;;;;39020;10;;;;;39013.5;0.0
26;14000;ASH_COATED_OSMIUM;9985;13;9982;14;;;10006;10;10009;13;;;9995.5;0.0
26;14000;INTARIAN_PEPPER_ROOT;39005;8;39004;8;;;39016;3;39017;11;;;39011.0;0.0
26;14100;ASH_COATED_OSMIUM;9983;15;;;;;9999;15;;;;;9991.5;0.0
26;14100;INTARIAN_PEPPER_ROOT;39013;4;;;;;39015;10;;;;;39014.5;0.0
26;14200;ASH_COATED_OSMIUM;9995;12;9993;22;;;10001;11;10003;26;;;9998.0;0.0
26;14200;INTARIAN_PEPPER_ROOT;39008;9;;;;;39020;15;;;;;39014.5;0.0
26;14300;ASH_COATED_OSMIUM;9988;10;;;;;10007;11;;;;;9997.5;0.0
26;14300;INTARIAN_PEPPER_ROOT;39008;11;;;;;39020;10;;;;;39014.5;0.0
26;14400;ASH_COATED_OSMIUM;9985;14;9983;10;;;10004;20;10006;12;;;9994.5;0.0
26;14400;INTARIAN_PEPPER_ROOT;39003;22;39001;12;38999;10;39017;8;39019;11;39021;8;39010.0;0.0
26;14500;ASH_COATED_OSMIUM;9992;10;;;;;10004;21;;;;;9998.0;0.0
26;14500;INTARIAN_PEPPER_ROOT;39008;12;;;;;39021;11;;;;;39014.5;0.0
26;14600;ASH_COATED_OSMIUM;9988;13;;;;;10004;12;;;;;9996.0;0.0
26;14600;INTARIAN_PEPPER_ROOT;39006;12;39005;8;39004;22;39023;10;39025;12;39026;8;39014.5;0.0
26;14700;ASH_COATED_OSMIUM;9987;29;;;;;10003;15;;;;;9995.0;0.0
26;14700;INTARIAN_PEPPER_ROOT;39012;24;39009;16;;;39026;10;39029;8;;;39019.5;0.0
26;14800;ASH_COATED_OSMIUM;9990;12;;;;;10006;11;;;;;9998.0;0.0
26;14800;INTARIAN_PEPPER_ROOT;39007;3;39004;10;;;39019;9;39022;10;;;39013.5;0.0
26;14900;ASH_COATED_OSMIUM;9990;14;;;;;10009;13;;;;;10000.0;0.0
26;14900;INTARIAN_PEPPER_ROOT;39007;10;39006;12;;;39021;11;39024;10;;;39014.5;0.0
26;15000;ASH_COATED_OSMIUM;9994;11;9991;11;9989;11;10010;11;10013;12;10016;22;10002.0;0.0
26;15000;INTARIAN_PEPPER_ROOT;39007;10;39005;12;;;39020;12;39021;11;;;39014.0;0.0
26;15100;ASH_COATED_OSMIUM;9993;15;;;;;10011;15;;;;;10002.0;0.0
26;15100;INTARIAN_PEPPER_ROOT;39007;11;39005;12;39004;9;39023;8;39024;8;39026;8;39015.0;0.0
26;15200;ASH_COATED_OSMIUM;9990;13;9989;15;;;10006;30;10008;13;;;9998.5;0.0
26;15200;INTARIAN_PEPPER_ROOT;39006;10;;;;;39019;24;;;;;39013.0;0.0
26;15300;ASH_COATED_OSMIUM;10001;11;10000;10;9997;12;10009;14;10012;27;10015;11;10005.0;0.0
26;15300;INTARIAN_PEPPER_ROOT;39006;10;;;;;39018;20;;;;;39012.0;0.0
26;15400;ASH_COATED_OSMIUM;9998;23;9996;14;;;10017;12;10018;11;;;10007.5;0.0
26;15400;INTARIAN_PEPPER_ROOT;39010;9;39007;12;;;39022;16;39023;11;;;39016.5;0.0
26;15500;ASH_COATED_OSMIUM;9994;4;9992;15;;;10010;10;10013;12;;;10002.5;0.0
26;15500;INTARIAN_PEPPER_ROOT;39010;9;;;;;39022;8;;;;;39016.5;0.0
26;15600;ASH_COATED_OSMIUM;9989;15;9987;13;;;10005;12;10006;12;;;9997.0;0.0
26;15600;INTARIAN_PEPPER_ROOT;39009;19;39007;9;39006;8;39020;15;39022;18;39023;12;39014.5;0.0
26;15700;ASH_COATED_OSMIUM;9994;29;9991;15;9990;10;10010;10;10013;15;10014;26;10002.0;0.0
26;15700;INTARIAN_PEPPER_ROOT;39009;15;;;;;39026;18;;;;;39018.0;0.0
26;15800;ASH_COATED_OSMIUM;9996;15;9995;12;;;10012;13;10013;14;;;10004.0;0.0
26;15800;INTARIAN_PEPPER_ROOT;39011;12;;;;;39023;12;;;;;39017.0;0.0
26;15900;ASH_COATED_OSMIUM;9994;13;9991;15;;;10010;29;10011;13;;;10002.5;0.0
26;15900;INTARIAN_PEPPER_ROOT;39003;12;39001;16;39000;8;39020;12;39022;8;39024;8;39012.0;0.0
26;16000;ASH_COATED_OSMIUM;9994;10;9992;14;9989;13;10010;14;10011;11;10013;13;10002.5;0.0
26;16000;INTARIAN_PEPPER_ROOT;39010;8;39009;9;39007;22;39025;8;39028;10;39029;11;39018.0;0.0
26;16100;ASH_COATED_OSMIUM;9989;11;;;;;10005;10;;;;;9997.5;0.0
26;16100;INTARIAN_PEPPER_ROOT;39005;10;;;;;39022;12;;;;;39013.5;0.0
26;16200;ASH_COATED_OSMIUM;9995;24;;;;;10011;11;;;;;10003.0;0.0
26;16200;INTARIAN_PEPPER_ROOT;39009;10;;;;;39021;21;;;;;39015.0;0.0
26;16300;ASH_COATED_OSMIUM;9988;15;9986;14;9985;20;10004;14;10007;13;10010;5;9996.0;0.0
26;16300;INTARIAN_PEPPER_ROOT;39006;9;;;;;39017;9;;;;;39011.5;0.0
26;16400;ASH_COATED_OSMIUM;9992;10;;;;;10008;14;;;;;10000.5;0.0
26;16400;INTARIAN_PEPPER_ROOT;39009;8;39007;8;;;39021;23;39023;10;;;39015.5;0.0
26;16500;ASH_COATED_OSMIUM;9995;23;9993;26;;;10016;11;10018;12;;;10006.0;0.0
26;16500;INTARIAN_PEPPER_ROOT;39011;12;;;;;39024;12;;;;;39017.5;0.0
26;16600;ASH_COATED_OSMIUM;10001;12;;;;;10008;13;;;;;10005.0;0.0
26;16600;INTARIAN_PEPPER_ROOT;39010;8;39007;10;39006;11;39021;9;39022;23;39025;18;39015.5;0.0
26;16700;ASH_COATED_OSMIUM;9992;15;;;;;10008;12;;;;;10000.0;0.0
26;16700;INTARIAN_PEPPER_ROOT;39005;11;39002;11;;;39019;9;39022;8;;;39012.5;0.0
26;16800;ASH_COATED_OSMIUM;9992;29;;;;;10008;12;;;;;10000.5;0.0
26;16800;INTARIAN_PEPPER_ROOT;39010;9;;;;;39022;9;;;;;39016.0;0.0
26;16900;ASH_COATED_OSMIUM;9989;10;;;;;10005;28;;;;;9997.5;0.0
26;16900;INTARIAN_PEPPER_ROOT;39010;9;39008;9;39006;12;39023;12;39026;23;39027;11;39017.0;0.0
26;17000;ASH_COATED_OSMIUM;9990;12;9987;14;;;10009;12;10012;26;;;9999.5;0.0
26;17000;INTARIAN_PEPPER_ROOT;39008;22;39005;12;;;39019;11;39021;12;;;39013.5;0.0
26;17100;ASH_COATED_OSMIUM;9988;28;9987;30;9984;11;10007;15;10009;15;10010;26;9998.0;0.0
26;17100;INTARIAN_PEPPER_ROOT;39007;5;39006;10;;;39026;10;39028;8;;;39017.0;0.0
26;17200;ASH_COATED_OSMIUM;9994;10;9991;14;;;10010;15;10012;15;;;10002.0;0.0
26;17200;INTARIAN_PEPPER_ROOT;39012;9;39011;12;39009;9;39025;11;39026;10;39027;11;39018.5;0.0
26;17300;ASH_COATED_OSMIUM;9990;10;;;;;10008;10;;;;;9999.5;0.0
26;17300;INTARIAN_PEPPER_ROOT;39011;9;39008;11;;;39026;10;39027;10;;;39018.5;0.0
26;17400;ASH_COATED_OSMIUM;9991;12;9989;14;;;10010;11;10012;15;;;10000.5;0.0
26;17400;INTARIAN_PEPPER_ROOT;39010;16;39009;19;;;39025;8;39028;8;;;39017.5;0.0
26;17500;ASH_COATED_OSMIUM;9990;24;9987;15;;;10006;15;10009;15;;;9998.0;0.0
26;17500;INTARIAN_PEPPER_ROOT;39008;20;;;;;39025;10;;;;;39016.5;0.0
26;17600;ASH_COATED_OSMIUM;9986;10;9985;11;;;10002;10;10005;2;;;9994.0;0.0
26;17600;INTARIAN_PEPPER_ROOT;39007;8;39004;8;;;39022;10;39023;12;;;39014.5;0.0
26;17700;ASH_COATED_OSMIUM;9987;12;9986;13;;;10003;12;10006;14;;;9995.0;0.0
26;17700;INTARIAN_PEPPER_ROOT;39013;12;39012;10;39010;8;39027;11;39030;10;39032;8;39020.5;0.0
26;17800;ASH_COATED_OSMIUM;9987;14;9985;8;9984;13;10006;12;10009;2;10011;15;9996.5;0.0
26;17800;INTARIAN_PEPPER_ROOT;39008;11;39007;12;39006;10;39020;9;39023;8;39026;10;39014.5;0.0
26;17900;ASH_COATED_OSMIUM;9992;14;;;;;10008;15;;;;;10000.5;0.0
26;17900;INTARIAN_PEPPER_ROOT;39013;12;;;;;39024;8;;;;;39019.0;0.0
26;18000;ASH_COATED_OSMIUM;9991;14;;;;;10009;14;;;;;10000.0;0.0
26;18000;INTARIAN_PEPPER_ROOT;39012;12;39010;11;39008;10;39024;19;39025;9;39026;11;39018.0;0.0
26;18100;ASH_COATED_OSMIUM;9993;14;;;;;10009;14;;;;;10001.0;0.0
26;18100;INTARIAN_PEPPER_ROOT;39005;12;39004;9;;;39022;8;39023;18;;;39014.0;0.0
26;18200;ASH_COATED_OSMIUM;9999;12;9998;12;9995;14;10015;14;10018;10;10021;25;10007.0;0.0
26;18200;INTARIAN_PEPPER_ROOT;39007;9;;;;;39022;11;;;;;39015.0;0.0
26;18300;ASH_COATED_OSMIUM;10003;14;10001;25;;;10009;14;10012;15;;;10006.5;0.0
26;18300;INTARIAN_PEPPER_ROOT;39010;8;39007;4;;;39025;8;39026;10;;;39017.5;0.0
26;18400;ASH_COATED_OSMIUM;9993;10;9990;14;9989;11;10009;13;10010;24;10011;12;10001.5;0.0
26;18400;INTARIAN_PEPPER_ROOT;39011;20;;;;;39022;9;;;;;39017.0;0.0
26;18500;ASH_COATED_OSMIUM;9998;12;9995;14;;;10004;12;10007;14;;;10001.0;0.0
26;18500;INTARIAN_PEPPER_ROOT;39010;9;39008;12;;;39026;10;39028;10;;;39018.5;0.0
26;18600;ASH_COATED_OSMIUM;9998;13;9995;13;9992;11;10014;13;10016;14;10019;15;10006.0;0.0
26;18600;INTARIAN_PEPPER_ROOT;39011;11;;;;;39028;11;;;;;39019.5;0.0
26;18700;ASH_COATED_OSMIUM;9996;15;9993;5;;;10003;15;10006;25;;;9999.5;0.0
26;18700;INTARIAN_PEPPER_ROOT;39015;12;39012;12;;;39027;10;39030;19;;;39021.0;0.0
26;18800;ASH_COATED_OSMIUM;9986;15;9983;20;;;10002;11;10003;15;;;9994.5;0.0
26;18800;INTARIAN_PEPPER_ROOT;39011;10;;;;;39023;25;;;;;39017.0;0.0
26;18900;ASH_COATED_OSMIUM;9985;11;;;;;10004;11;;;;;9994.5;0.0
26;18900;INTARIAN_PEPPER_ROOT;39010;21;39009;12;39006;24;39022;8;39023;15;39026;10;39016.5;0.0
26;19000;ASH_COATED_OSMIUM;9992;12;;;;;10008;11;;;;;10000.5;0.0
26;19000;INTARIAN_PEPPER_ROOT;39011;5;;;;;39027;9;;;;;39019.5;0.0
26;19100;ASH_COATED_OSMIUM;9993;10;9990;12;;;10002;24;10004;11;;;9997.5;0.0
26;19100;INTARIAN_PEPPER_ROOT;39012;12;;;;;39024;19;;;;;39018.5;0.0
26;19200;ASH_COATED_OSMIUM;9987;11;9986;26;;;10000;11;10003;11;;;9994.0;0.0
26;19200;INTARIAN_PEPPER_ROOT;39012;12;;;;;39024;8;;;;;39018.5;0.0
26;19300;ASH_COATED_OSMIUM;9983;12;9982;13;9979;12;9999;11;10000;12;10001;14;9991.0;0.0
26;19300;INTARIAN_PEPPER_ROOT;39015;9;39013;8;;;39026;9;39028;8;;;39020.5;0.0
26;19400;ASH_COATED_OSMIUM;9977;23;9974;13;;;9998;11;9999;20;;;9988.0;0.0
26;19400;INTARIAN_PEPPER_ROOT;39012;15;;;;;39027;8;;;;;39019.5;0.0
26;19500;ASH_COATED_OSMIUM;9980;14;;;;;9996;21;;;;;9988.5;0.0
26;19500;INTARIAN_PEPPER_ROOT;39011;9;39009;11;;;39028;10;39031;20;;;39020.0;0.0
26;19600;ASH_COATED_OSMIUM;9984;12;;;;;10000;14;;;;;9992.5;0.0
26;19600;INTARIAN_PEPPER_ROOT;39013;12;;;;;39025;10;;;;;39019.5;0.0
26;19700;ASH_COATED_OSMIUM;9990;13;9988;12;9987;14;10001;12;10003;25;10006;6;9996.0;0.0
26;19700;INTARIAN_PEPPER_ROOT;39013;9;;;;;39026;11;;;;;39019.5;0.0
26;19800;ASH_COATED_OSMIUM;9987;12;9985;14;;;10003;15;10005;11;;;9995.0;0.0
26;19800;INTARIAN_PEPPER_ROOT;39013;8;39010;12;39009;12;39024;12;39026;10;39027;12;39018.5;0.0
26;19900;ASH_COATED_OSMIUM;9989;12;9986;14;;;10005;10;10006;13;;;9997.0;0.0
26;19900;INTARIAN_PEPPER_ROOT;39012;9;39011;12;39010;11;39027;12;39029;17;39032;12;39019.5;0.0
26;20000;ASH_COATED_OSMIUM;9991;4;9988;13;9985;13;10007;13;10010;26;10013;12;9999.0;0.0
26;20000;INTARIAN_PEPPER_ROOT;39014;10;39011;8;39010;11;39025;10;39028;8;39031;10;39019.5;0.0
26;20100;ASH_COATED_OSMIUM;9992;14;9990;11;9988;12;10010;14;10013;20;10014;12;10001.0;0.0
26;20100;INTARIAN_PEPPER_ROOT;39011;9;39008;10;39006;12;39027;15;39030;3;39032;9;39019.5;0.0
26;20200;ASH_COATED_OSMIUM;9989;5;9987;11;;;10005;15;10008;11;;;9997.0;0.0
26;20200;INTARIAN_PEPPER_ROOT;39011;10;39009;24;;;39025;12;39027;21;;;39018.0;0.0
26;20300;ASH_COATED_OSMIUM;9995;23;9993;29;;;10013;11;10014;15;;;10004.0;0.0
26;20300;INTARIAN_PEPPER_ROOT;39014;17;39013;24;;;39027;16;39030;8;;;39020.5;0.0
26;20400;ASH_COATED_OSMIUM;9993;22;;;;;10011;11;;;;;10002.0;0.0
26;20400;INTARIAN_PEPPER_ROOT;39008;8;39006;10;39003;15;39026;11;39029;12;39030;11;39017.5;0.0
26;20500;ASH_COATED_OSMIUM;9993;24;9991;12;;;10009;12;10011;12;;;10001.5;0.0
26;20500;INTARIAN_PEPPER_ROOT;39011;7;;;;;39024;25;;;;;39018.0;0.0
26;20600;ASH_COATED_OSMIUM;9991;5;9990;14;;;10006;10;10007;13;;;9999.0;0.0
26;20600;INTARIAN_PEPPER_ROOT;39013;10;;;;;39027;9;;;;;39020.5;0.0
26;20700;ASH_COATED_OSMIUM;9993;12;9991;11;;;10009;12;10010;12;;;10001.5;0.0
26;20700;INTARIAN_PEPPER_ROOT;39014;17;;;;;39028;12;;;;;39021.5;0.0
26;20800;ASH_COATED_OSMIUM;9992;22;9991;11;9990;12;10010;27;10013;12;10016;21;10001.0;0.0
26;20800;INTARIAN_PEPPER_ROOT;39015;12;39014;10;;;39028;9;39029;9;;;39022.0;0.0
26;20900;ASH_COATED_OSMIUM;9992;13;9989;15;;;10010;13;10012;26;;;10001.5;0.0
26;20900;INTARIAN_PEPPER_ROOT;39012;11;39010;8;39007;10;39024;8;39025;24;39027;24;39018.0;0.0
26;21000;ASH_COATED_OSMIUM;9991;12;9990;11;9989;22;10007;14;10008;15;10011;29;9999.0;0.0
26;21000;INTARIAN_PEPPER_ROOT;39019;8;;;;;39022;9;;;;;39020.5;0.0
26;21100;ASH_COATED_OSMIUM;9994;11;;;;;10010;14;;;;;10002.0;0.0
26;21100;INTARIAN_PEPPER_ROOT;39017;8;39015;12;;;39031;9;39033;11;;;39024.5;0.0
26;21200;ASH_COATED_OSMIUM;9997;24;9995;10;9993;27;10013;11;10014;11;10016;14;10005.5;0.0
26;21200;INTARIAN_PEPPER_ROOT;39018;9;;;;;39031;11;;;;;39024.5;0.0
26;21300;ASH_COATED_OSMIUM;9994;12;;;;;10010;11;;;;;10002.0;0.0
26;21300;INTARIAN_PEPPER_ROOT;39015;11;39013;17;;;39029;8;39030;10;;;39022.5;0.0
26;21400;ASH_COATED_OSMIUM;9992;11;;;;;10011;15;;;;;10002.0;0.0
26;21400;INTARIAN_PEPPER_ROOT;39015;10;39013;11;;;39026;22;39029;10;;;39020.5;0.0
26;21500;ASH_COATED_OSMIUM;9996;10;9994;15;9992;10;10012;10;10014;14;10016;11;10004.0;0.0
26;21500;INTARIAN_PEPPER_ROOT;39011;11;39009;10;39006;12;39027;11;39028;21;39030;10;39019.0;0.0
26;21600;ASH_COATED_OSMIUM;9997;10;9994;11;;;10013;10;10015;15;;;10005.5;0.0
26;21600;INTARIAN_PEPPER_ROOT;39017;8;39014;9;;;39033;11;39034;10;;;39025.5;0.0
26;21700;ASH_COATED_OSMIUM;10001;13;9999;12;;;10019;12;10020;2;;;10010.5;0.0
26;21700;INTARIAN_PEPPER_ROOT;39014;9;39012;11;39010;8;39031;12;39033;24;39034;8;39022.5;0.0
26;21800;ASH_COATED_OSMIUM;10005;29;10003;15;10001;12;10015;11;10017;3;10019;26;10010.5;0.0
26;21800;INTARIAN_PEPPER_ROOT;39017;25;39014;9;;;39028;8;39030;23;;;39023.0;0.0
26;21900;ASH_COATED_OSMIUM;10003;13;10001;10;;;10022;11;10024;23;;;10012.5;0.0
26;21900;INTARIAN_PEPPER_ROOT;39016;8;39015;9;39012;9;39032;18;39035;11;39037;8;39024.5;0.0
26;22000;ASH_COATED_OSMIUM;10008;13;10006;14;10005;12;10013;11;10015;23;10017;20;10011.0;0.0
26;22000;INTARIAN_PEPPER_ROOT;39014;9;;;;;39028;8;;;;;39021.5;0.0
26;22100;ASH_COATED_OSMIUM;10007;13;;;;;10018;15;;;;;10012.5;0.0
26;22100;INTARIAN_PEPPER_ROOT;39012;10;39011;8;39010;25;39029;12;39032;11;39035;8;39020.5;0.0
26;22200;ASH_COATED_OSMIUM;9994;11;9992;13;;;10010;10;10013;15;;;10002.0;0.0
26;22200;INTARIAN_PEPPER_ROOT;39014;21;39012;9;39011;10;39028;12;39031;11;39033;12;39021.5;0.0
26;22300;ASH_COATED_OSMIUM;9995;15;9994;11;;;10014;11;10015;11;;;10005.0;0.0
26;22300;INTARIAN_PEPPER_ROOT;39018;8;;;;;39029;11;;;;;39024.0;0.0
26;22400;ASH_COATED_OSMIUM;9997;10;9996;13;9993;11;10013;10;10015;14;10018;15;10005.0;0.0
26;22400;INTARIAN_PEPPER_ROOT;39014;11;;;;;39026;10;;;;;39020.5;0.0
26;22500;ASH_COATED_OSMIUM;9997;12;;;;;10010;12;;;;;10004.0;0.0
26;22500;INTARIAN_PEPPER_ROOT;39018;8;39015;9;39012;12;39029;9;39032;10;39033;9;39023.5;0.0
26;22600;ASH_COATED_OSMIUM;9989;10;;;;;10010;15;;;;;9999.5;0.0
26;22600;INTARIAN_PEPPER_ROOT;39017;11;39014;8;;;39030;10;39031;9;;;39024.0;0.0
26;22700;ASH_COATED_OSMIUM;9990;30;9989;14;;;10006;14;10008;13;;;9998.5;0.0
26;22700;INTARIAN_PEPPER_ROOT;39020;8;39018;10;39015;17;39031;9;39032;8;39034;11;39026.0;0.0
26;22800;ASH_COATED_OSMIUM;9998;22;;;;;10014;13;;;;;10006.5;0.0
26;22800;INTARIAN_PEPPER_ROOT;39017;12;;;;;39029;24;;;;;39023.5;0.0
26;22900;ASH_COATED_OSMIUM;9997;14;;;;;10015;10;;;;;10006.5;0.0
26;22900;INTARIAN_PEPPER_ROOT;39020;9;39017;8;39016;12;39023;12;39026;20;39027;25;39022.0;0.0
26;23000;ASH_COATED_OSMIUM;9997;10;;;;;10013;24;;;;;10005.0;0.0
26;23000;INTARIAN_PEPPER_ROOT;39018;11;;;;;39029;8;;;;;39023.5;0.0
26;23100;ASH_COATED_OSMIUM;9998;15;9997;10;9996;13;10014;14;10017;10;10020;14;10006.0;0.0
26;23100;INTARIAN_PEPPER_ROOT;39017;12;39016;15;;;39030;8;39031;11;;;39024.0;0.0
26;23200;ASH_COATED_OSMIUM;9989;15;9986;12;;;10005;12;10006;14;;;9997.5;0.0
26;23200;INTARIAN_PEPPER_ROOT;39015;8;39012;12;39009;10;39029;8;39030;12;39032;12;39022.5;0.0
26;23300;ASH_COATED_OSMIUM;9992;15;9991;14;;;10008;13;10010;14;;;10000.0;0.0
26;23300;INTARIAN_PEPPER_ROOT;39021;11;39020;9;39019;11;39034;8;39036;10;39037;9;39028.0;0.0
26;23400;ASH_COATED_OSMIUM;9996;13;;;;;10014;11;;;;;10005.5;0.0
26;23400;INTARIAN_PEPPER_ROOT;39016;23;;;;;39029;12;;;;;39023.0;0.0
26;23500;ASH_COATED_OSMIUM;10002;22;10000;10;;;10018;24;10021;12;;;10010.0;0.0
26;23500;INTARIAN_PEPPER_ROOT;39016;10;;;;;39030;8;;;;;39023.5;0.0
26;23600;ASH_COATED_OSMIUM;9998;22;9996;13;;;10014;11;10015;24;;;10006.0;0.0
26;23600;INTARIAN_PEPPER_ROOT;39017;24;39014;10;;;39029;24;39031;11;;;39023.0;0.0
26;23700;ASH_COATED_OSMIUM;9997;14;;;;;10013;15;;;;;10005.0;0.0
26;23700;INTARIAN_PEPPER_ROOT;39021;5;39020;10;39019;11;39033;12;39034;10;39037;11;39027.5;0.0
26;23800;ASH_COATED_OSMIUM;9994;12;;;;;10010;12;;;;;10002.5;0.0
26;23800;INTARIAN_PEPPER_ROOT;39020;8;39017;10;;;39031;10;39032;8;;;39025.5;0.0
26;23900;ASH_COATED_OSMIUM;9991;11;9988;11;9987;11;10007;14;10008;13;10009;23;9999.5;0.0
26;23900;INTARIAN_PEPPER_ROOT;39014;12;39011;9;;;39026;11;39028;11;;;39020.5;0.0
26;24000;ASH_COATED_OSMIUM;9990;11;9989;13;;;10006;14;10007;10;;;9998.0;0.0
26;24000;INTARIAN_PEPPER_ROOT;39019;11;39016;11;39014;12;39031;17;39033;8;39036;10;39025.0;0.0
26;24100;ASH_COATED_OSMIUM;9982;14;;;;;10001;14;;;;;9992.0;0.0
26;24100;INTARIAN_PEPPER_ROOT;39019;10;39018;18;;;39032;8;39035;9;;;39026.0;0.0
26;24200;ASH_COATED_OSMIUM;9990;15;9988;13;9985;13;10006;28;10007;11;10009;15;9998.5;0.0
26;24200;INTARIAN_PEPPER_ROOT;39015;17;39013;8;39012;9;39027;11;39029;8;39032;17;39021.0;0.0
26;24300;ASH_COATED_OSMIUM;9995;12;;;;;10005;10;;;;;10000.5;0.0
26;24300;INTARIAN_PEPPER_ROOT;39016;19;39015;9;;;39029;10;39030;12;;;39022.5;0.0
26;24400;ASH_COATED_OSMIUM;9996;14;9994;20;;;10012;13;10015;2;;;10004.0;0.0
26;24400;INTARIAN_PEPPER_ROOT;39017;9;39015;10;;;39030;8;39032;9;;;39023.5;0.0
26;24500;ASH_COATED_OSMIUM;10001;30;9998;15;9996;23;10017;22;10020;21;10021;10;10009.5;0.0
26;24500;INTARIAN_PEPPER_ROOT;39017;12;39014;9;;;39030;8;39033;9;;;39024.0;0.0
26;24600;ASH_COATED_OSMIUM;9996;11;;;;;10015;29;;;;;10006.0;0.0
26;24600;INTARIAN_PEPPER_ROOT;39018;11;;;;;39029;12;;;;;39024.0;0.0
26;24700;ASH_COATED_OSMIUM;9996;11;9993;13;9990;15;10012;15;10015;13;10016;27;10004.0;0.0
26;24700;INTARIAN_PEPPER_ROOT;39016;21;39015;9;;;39033;11;39035;10;;;39025.0;0.0
26;24800;ASH_COATED_OSMIUM;9992;10;9989;15;9988;13;10011;11;10014;11;10017;13;10001.5;0.0
26;24800;INTARIAN_PEPPER_ROOT;39021;8;39020;7;39019;11;39033;11;39035;19;39038;12;39027.0;0.0
26;24900;ASH_COATED_OSMIUM;9996;21;9993;14;9991;30;10012;14;10013;3;10014;13;10004.5;0.0
26;24900;INTARIAN_PEPPER_ROOT;39017;9;39016;12;;;39029;10;39031;10;;;39023.5;0.0
26;25000;ASH_COATED_OSMIUM;9993;14;9990;12;;;10009;11;10010;10;;;10001.5;0.0
26;25000;INTARIAN_PEPPER_ROOT;39018;9;;;;;39035;11;;;;;39027.0;0.0
26;25100;ASH_COATED_OSMIUM;9998;12;9996;12;;;10016;14;10018;10;;;10007.0;0.0
26;25100;INTARIAN_PEPPER_ROOT;39017;10;39016;10;39013;12;39030;9;39033;10;39035;22;39023.5;0.0
26;25200;ASH_COATED_OSMIUM;9999;14;9997;13;9994;10;10018;14;10019;13;10022;13;10008.5;0.0
26;25200;INTARIAN_PEPPER_ROOT;39016;8;;;;;39032;8;;;;;39024.5;0.0
26;25300;ASH_COATED_OSMIUM;9993;11;9992;13;9990;13;10009;10;10011;30;10013;22;10001.5;0.0
26;25300;INTARIAN_PEPPER_ROOT;39020;18;;;;;39031;8;;;;;39025.5;0.0
26;25400;ASH_COATED_OSMIUM;9991;10;9989;14;9986;11;10007;30;10010;2;10013;15;9999.0;0.0
26;25400;INTARIAN_PEPPER_ROOT;39025;10;39024;9;;;39037;12;39039;12;;;39031.0;0.0
26;25500;ASH_COATED_OSMIUM;9986;11;;;;;10002;11;;;;;9994.5;0.0
26;25500;INTARIAN_PEPPER_ROOT;39019;8;39017;10;;;39031;9;39032;10;;;39025.0;0.0
26;25600;ASH_COATED_OSMIUM;9978;23;9975;12;;;9994;14;9995;15;;;9986.5;0.0
26;25600;INTARIAN_PEPPER_ROOT;39020;12;;;;;39035;9;;;;;39028.0;0.0
26;25700;ASH_COATED_OSMIUM;9986;12;;;;;10002;14;;;;;9994.5;0.0
26;25700;INTARIAN_PEPPER_ROOT;39026;8;;;;;39038;10;;;;;39032.0;0.0
26;25800;ASH_COATED_OSMIUM;9988;11;;;;;10007;10;;;;;9998.0;0.0
26;25800;INTARIAN_PEPPER_ROOT;39017;11;39014;10;39013;11;39031;20;39032;22;39035;9;39024.0;0.0
26;25900;ASH_COATED_OSMIUM;9993;12;;;;;10002;10;;;;;9998.0;0.0
26;25900;INTARIAN_PEPPER_ROOT;39020;12;39018;11;39015;10;39032;12;39034;9;39037;9;39026.0;0.0
26;26000;ASH_COATED_OSMIUM;9991;14;;;;;10007;25;;;;;9999.0;0.0
26;26000;INTARIAN_PEPPER_ROOT;39018;4;39017;11;;;39032;11;39035;12;;;39025.5;0.0
26;26100;ASH_COATED_OSMIUM;9994;15;9992;10;9989;11;10010;10;10011;10;10013;14;10002.5;0.0
26;26100;INTARIAN_PEPPER_ROOT;39017;11;;;;;39037;10;;;;;39027.0;0.0
26;26200;ASH_COATED_OSMIUM;9995;10;;;;;10011;15;;;;;10003.0;0.0
26;26200;INTARIAN_PEPPER_ROOT;39022;9;;;;;39034;10;;;;;39028.0;0.0
26;26300;ASH_COATED_OSMIUM;9992;11;9991;10;9988;14;10011;15;10012;13;10013;27;10001.5;0.0
26;26300;INTARIAN_PEPPER_ROOT;39023;19;39020;24;39018;11;39034;11;39037;10;39040;9;39028.5;0.0
26;26400;ASH_COATED_OSMIUM;9995;10;9994;11;9991;10;10011;15;10014;15;10016;27;10003.0;0.0
26;26400;INTARIAN_PEPPER_ROOT;39017;8;39015;8;;;39031;8;39033;17;;;39024.0;0.0
26;26500;ASH_COATED_OSMIUM;9991;13;9990;29;9988;15;10007;13;10009;12;10010;15;9999.0;0.0
26;26500;INTARIAN_PEPPER_ROOT;39019;10;39018;10;39017;12;39036;8;39038;9;39041;11;39028.0;0.0
26;26600;ASH_COATED_OSMIUM;9996;15;9995;15;;;10015;14;10017;15;;;10006.0;0.0
26;26600;INTARIAN_PEPPER_ROOT;39021;19;;;;;39034;9;;;;;39027.5;0.0
26;26700;ASH_COATED_OSMIUM;10000;12;9998;12;;;10010;21;10012;12;;;10005.5;0.0
26;26700;INTARIAN_PEPPER_ROOT;39025;12;;;;;39037;8;;;;;39031.0;0.0
26;26800;ASH_COATED_OSMIUM;9996;23;9994;12;;;10012;11;10013;23;;;10004.5;0.0
26;26800;INTARIAN_PEPPER_ROOT;39020;11;;;;;39032;24;;;;;39026.5;0.0
26;26900;ASH_COATED_OSMIUM;10000;12;9999;22;;;10016;14;10018;12;;;10008.0;0.0
26;26900;INTARIAN_PEPPER_ROOT;39022;11;39020;9;;;39034;12;39035;10;;;39028.5;0.0
26;27000;ASH_COATED_OSMIUM;9994;12;9993;12;9992;11;10013;12;10014;23;10016;15;10004.0;0.0
26;27000;INTARIAN_PEPPER_ROOT;39022;12;39020;11;;;39033;8;39035;10;;;39028.0;0.0
26;27100;ASH_COATED_OSMIUM;9995;14;;;;;10013;14;;;;;10004.5;0.0
26;27100;INTARIAN_PEPPER_ROOT;39021;8;39018;9;;;39034;9;39036;11;;;39028.0;0.0
26;27200;ASH_COATED_OSMIUM;9992;14;9990;14;;;10008;10;10011;14;;;10000.5;0.0
26;27200;INTARIAN_PEPPER_ROOT;39018;8;39015;18;39014;16;39033;25;39036;11;39038;10;39026.0;0.0
26;27300;ASH_COATED_OSMIUM;9988;20;9986;12;;;10007;21;10010;14;;;9998.0;0.0
26;27300;INTARIAN_PEPPER_ROOT;39020;10;39019;12;;;39037;12;39039;15;;;39028.5;0.0
26;27400;ASH_COATED_OSMIUM;9990;15;9988;12;9986;11;10006;25;10008;14;10011;14;9998.5;0.0
26;27400;INTARIAN_PEPPER_ROOT;39024;9;;;;;39026;12;;;;;39025.0;0.0
26;27500;ASH_COATED_OSMIUM;9990;14;;;;;10009;23;;;;;9999.5;0.0
26;27500;INTARIAN_PEPPER_ROOT;39018;12;39015;10;;;39034;8;39037;9;;;39026.0;0.0
26;27600;ASH_COATED_OSMIUM;9998;28;9997;13;;;10010;15;10012;12;;;10004.0;0.0
26;27600;INTARIAN_PEPPER_ROOT;39025;11;;;;;39037;9;;;;;39031.5;0.0
26;27700;ASH_COATED_OSMIUM;9995;14;9994;13;;;10014;14;10016;12;;;10005.0;0.0
26;27700;INTARIAN_PEPPER_ROOT;39024;7;;;;;39037;11;;;;;39031.0;0.0
26;27800;ASH_COATED_OSMIUM;9998;10;9995;27;;;10014;14;10016;13;;;10006.5;0.0
26;27800;INTARIAN_PEPPER_ROOT;39024;10;;;;;39033;12;;;;;39028.5;0.0
26;27900;ASH_COATED_OSMIUM;9999;10;9998;13;9995;10;10018;21;10020;10;10023;12;10009.0;0.0
26;27900;INTARIAN_PEPPER_ROOT;39026;10;39023;23;;;39029;8;39031;8;;;39027.5;0.0
26;28000;ASH_COATED_OSMIUM;9998;11;9995;13;9994;11;10014;10;10017;15;10019;12;10006.5;0.0
26;28000;INTARIAN_PEPPER_ROOT;39020;8;;;;;39033;12;;;;;39026.5;0.0
26;28100;ASH_COATED_OSMIUM;9994;10;9992;13;9990;15;10010;15;10012;12;10015;5;10002.5;0.0
26;28100;INTARIAN_PEPPER_ROOT;39024;8;39021;19;;;39039;8;39042;8;;;39031.5;0.0
26;28200;ASH_COATED_OSMIUM;9989;11;9986;15;;;10005;15;10008;11;;;9997.0;0.0
26;28200;INTARIAN_PEPPER_ROOT;39026;16;39025;15;;;39038;9;39040;10;;;39032.0;0.0
26;28300;ASH_COATED_OSMIUM;9986;11;9985;12;;;10002;10;10004;12;;;9994.5;0.0
26;28300;INTARIAN_PEPPER_ROOT;39019;15;;;;;39035;16;;;;;39027.0;0.0
26;28400;ASH_COATED_OSMIUM;9990;11;;;;;10008;14;;;;;9999.5;0.0
26;28400;INTARIAN_PEPPER_ROOT;39021;8;39018;8;;;39034;12;39035;9;;;39028.0;0.0
26;28500;ASH_COATED_OSMIUM;9991;12;9989;14;;;10007;26;10010;13;;;9999.5;0.0
26;28500;INTARIAN_PEPPER_ROOT;39021;10;39019;17;39018;9;39030;12;39032;10;39034;8;39026.0;0.0
26;28600;ASH_COATED_OSMIUM;9989;10;;;;;10005;14;;;;;9997.0;0.0
26;28600;INTARIAN_PEPPER_ROOT;39021;15;;;;;39033;10;;;;;39027.5;0.0
26;28700;ASH_COATED_OSMIUM;9996;11;9993;11;;;10012;14;10015;10;;;10004.0;0.0
26;28700;INTARIAN_PEPPER_ROOT;39021;17;39018;12;39017;25;39034;11;39037;16;39040;12;39027.5;0.0
26;28800;ASH_COATED_OSMIUM;9992;12;9990;12;;;10008;28;10009;22;;;10000.5;0.0
26;28800;INTARIAN_PEPPER_ROOT;39021;19;39019;24;;;39030;8;39032;15;;;39026.0;0.0
26;28900;ASH_COATED_OSMIUM;9988;15;;;;;10004;12;;;;;9996.5;0.0
26;28900;INTARIAN_PEPPER_ROOT;39021;10;;;;;39038;8;;;;;39029.5;0.0
26;29000;ASH_COATED_OSMIUM;9990;2;;;;;10009;15;;;;;9999.5;0.0
26;29000;INTARIAN_PEPPER_ROOT;39021;9;39018;9;39016;19;39034;10;39036;11;39037;8;39027.5;0.0
26;29100;ASH_COATED_OSMIUM;9986;12;;;;;10002;13;;;;;9994.0;0.0
26;29100;INTARIAN_PEPPER_ROOT;39024;10;39022;22;;;39036;10;39037;11;;;39030.5;0.0
26;29200;ASH_COATED_OSMIUM;9986;30;9984;13;;;10002;29;10004;15;;;9994.0;0.0
26;29200;INTARIAN_PEPPER_ROOT;39024;8;39023;8;39020;6;39037;12;39040;9;39041;8;39030.5;0.0
26;29300;ASH_COATED_OSMIUM;9988;10;9986;15;;;9999;26;10002;25;;;9994.0;0.0
26;29300;INTARIAN_PEPPER_ROOT;39021;23;39018;11;;;39037;9;39038;10;;;39029.5;0.0
26;29400;ASH_COATED_OSMIUM;9985;11;9984;11;;;10001;10;10002;15;;;9993.5;0.0
26;29400;INTARIAN_PEPPER_ROOT;39019;8;;;;;39032;11;;;;;39026.0;0.0
26;29500;ASH_COATED_OSMIUM;9988;15;;;;;10004;13;;;;;9996.5;0.0
26;29500;INTARIAN_PEPPER_ROOT;39021;8;;;;;39038;10;;;;;39029.5;0.0
26;29600;ASH_COATED_OSMIUM;9993;15;9992;23;;;10009;11;10011;11;;;10001.5;0.0
26;29600;INTARIAN_PEPPER_ROOT;39025;12;39024;9;;;39036;9;39039;18;;;39030.5;0.0
26;29700;ASH_COATED_OSMIUM;9999;13;9998;13;9996;2;10015;14;10017;14;10020;15;10007.0;0.0
26;29700;INTARIAN_PEPPER_ROOT;39024;11;39023;12;;;39039;9;39040;8;;;39032.0;0.0
26;29800;ASH_COATED_OSMIUM;9994;11;;;;;10010;12;;;;;10002.5;0.0
26;29800;INTARIAN_PEPPER_ROOT;39018;12;;;;;39032;12;;;;;39025.5;0.0
26;29900;ASH_COATED_OSMIUM;9994;13;;;;;10013;14;;;;;10003.5;0.0
26;29900;INTARIAN_PEPPER_ROOT;39022;9;39019;9;39018;15;39036;23;39037;12;39039;9;39029.0;0.0
26;30000;ASH_COATED_OSMIUM;9997;10;9995;13;9993;13;10013;14;10014;15;10015;30;10005.5;0.0
26;30000;INTARIAN_PEPPER_ROOT;39023;8;39021;10;;;39036;10;39038;11;;;39029.5;0.0
26;30100;ASH_COATED_OSMIUM;9996;12;;;;;10012;10;;;;;10004.0;0.0
26;30100;INTARIAN_PEPPER_ROOT;39022;8;39020;8;;;39036;9;39037;12;;;39029.0;0.0
26;30200;ASH_COATED_OSMIUM;9999;13;9998;14;9995;12;10015;13;10016;15;10017;3;10007.5;0.0
26;30200;INTARIAN_PEPPER_ROOT;39022;11;;;;;39037;10;;;;;39029.5;0.0
26;30300;ASH_COATED_OSMIUM;10001;12;;;;;10017;8;;;;;10009.0;0.0
26;30300;INTARIAN_PEPPER_ROOT;39025;24;39023;11;39022;10;39041;8;39044;12;39045;12;39033.5;0.0
26;30400;ASH_COATED_OSMIUM;9999;12;;;;;10015;15;;;;;10007.0;0.0
26;30400;INTARIAN_PEPPER_ROOT;39025;23;39022;12;;;39038;12;39041;20;;;39031.5;0.0
26;30500;ASH_COATED_OSMIUM;10001;15;10000;5;;;10017;12;10018;15;;;10009.5;0.0
26;30500;INTARIAN_PEPPER_ROOT;39023;10;;;;;39039;9;;;;;39031.0;0.0
26;30600;ASH_COATED_OSMIUM;9995;12;9994;13;;;10011;10;10013;15;;;10003.0;0.0
26;30600;INTARIAN_PEPPER_ROOT;39021;12;39018;21;39016;10;39035;11;39038;12;39041;17;39028.0;0.0
26;30700;ASH_COATED_OSMIUM;10000;15;;;;;10018;13;;;;;10009.0;0.0
26;30700;INTARIAN_PEPPER_ROOT;39022;10;;;;;39036;11;;;;;39029.5;0.0
26;30800;ASH_COATED_OSMIUM;10002;13;9999;15;9996;15;10018;11;10020;11;10023;15;10010.5;0.0
26;30800;INTARIAN_PEPPER_ROOT;39028;10;;;;;39042;9;;;;;39035.0;0.0
26;30900;ASH_COATED_OSMIUM;10003;20;10002;15;;;10015;11;10017;10;;;10009.0;0.0
26;30900;INTARIAN_PEPPER_ROOT;39021;8;39018;9;;;39035;12;39036;9;;;39028.0;0.0
26;31000;ASH_COATED_OSMIUM;9995;26;9993;22;9990;24;10014;12;10017;10;10019;15;10004.5;0.0
26;31000;INTARIAN_PEPPER_ROOT;39022;8;;;;;39038;21;;;;;39030.0;0.0
26;31100;ASH_COATED_OSMIUM;9995;11;9992;11;;;10011;11;10013;15;;;10003.0;0.0
26;31100;INTARIAN_PEPPER_ROOT;39026;9;;;;;39039;12;;;;;39033.0;0.0
26;31200;ASH_COATED_OSMIUM;9986;12;9984;11;9982;11;10002;10;10003;14;10004;10;9994.5;0.0
26;31200;INTARIAN_PEPPER_ROOT;39028;11;39027;8;;;39036;8;39037;17;;;39032.5;0.0
26;31300;ASH_COATED_OSMIUM;9991;14;9989;12;;;10010;15;10011;10;;;10001.0;0.0
26;31300;INTARIAN_PEPPER_ROOT;39026;8;39024;23;;;39039;11;39040;10;;;39032.5;0.0
26;31400;ASH_COATED_OSMIUM;9997;11;9995;12;9992;10;10008;10;10011;12;10013;13;10002.5;0.0
26;31400;INTARIAN_PEPPER_ROOT;39029;10;39026;10;;;39041;8;39043;9;;;39035.0;0.0
26;31500;ASH_COATED_OSMIUM;9994;23;9993;14;9991;11;10010;13;10013;10;10016;27;10002.0;0.0
26;31500;INTARIAN_PEPPER_ROOT;39025;10;;;;;39041;11;;;;;39033.0;0.0
26;31600;ASH_COATED_OSMIUM;9998;15;9997;10;9994;11;10014;13;10016;11;10017;13;10006.5;0.0
26;31600;INTARIAN_PEPPER_ROOT;39028;9;;;;;39041;16;;;;;39034.5;0.0
26;31700;ASH_COATED_OSMIUM;9999;15;;;;;10015;10;;;;;10007.0;0.0
26;31700;INTARIAN_PEPPER_ROOT;39025;22;39023;11;39020;19;39039;12;39041;9;39043;8;39032.5;0.0
26;31800;ASH_COATED_OSMIUM;9992;27;9989;13;9988;13;10011;12;10012;10;10013;12;10001.5;0.0
26;31800;INTARIAN_PEPPER_ROOT;39027;10;39026;8;;;39041;24;39044;12;;;39034.0;0.0
26;31900;ASH_COATED_OSMIUM;9990;22;;;;;10008;14;;;;;9999.0;0.0
26;31900;INTARIAN_PEPPER_ROOT;39025;10;39023;8;;;39040;10;39043;10;;;39032.5;0.0
26;32000;ASH_COATED_OSMIUM;9995;15;9994;30;9993;13;10011;30;10014;10;10015;15;10003.5;0.0
26;32000;INTARIAN_PEPPER_ROOT;39022;10;;;;;39039;10;;;;;39031.0;0.0
26;32100;ASH_COATED_OSMIUM;9990;14;9989;10;9987;7;10006;23;10007;15;10010;12;9998.0;0.0
26;32100;INTARIAN_PEPPER_ROOT;39024;8;39021;10;39018;8;39036;25;39037;9;39039;11;39030.5;0.0
26;32200;ASH_COATED_OSMIUM;9990;14;9988;12;;;10006;7;10007;11;;;9998.0;0.0
26;32200;INTARIAN_PEPPER_ROOT;39025;9;39022;9;;;39042;10;39045;9;;;39033.5;0.0
26;32300;ASH_COATED_OSMIUM;9987;20;9984;14;;;10003;14;10006;11;;;9995.5;0.0
26;32300;INTARIAN_PEPPER_ROOT;39025;12;39023;8;39022;9;39040;11;39042;10;39043;11;39033.0;0.0
26;32400;ASH_COATED_OSMIUM;9985;20;9982;11;9980;11;10001;10;10003;12;10004;30;9993.0;0.0
26;32400;INTARIAN_PEPPER_ROOT;39030;12;39029;15;;;39041;10;39043;21;;;39035.5;0.0
26;32500;ASH_COATED_OSMIUM;9989;28;9986;10;;;10005;22;10006;10;;;9997.5;0.0
26;32500;INTARIAN_PEPPER_ROOT;39026;9;39024;8;;;39039;12;39040;9;;;39033.0;0.0
26;32600;ASH_COATED_OSMIUM;9990;12;9987;13;;;10006;11;10008;14;;;9998.0;0.0
26;32600;INTARIAN_PEPPER_ROOT;39025;10;39024;11;;;39037;9;39039;12;;;39031.0;0.0
26;32700;ASH_COATED_OSMIUM;9990;14;;;;;10006;11;;;;;9998.5;0.0
26;32700;INTARIAN_PEPPER_ROOT;39027;8;;;;;39039;12;;;;;39033.0;0.0
26;32800;ASH_COATED_OSMIUM;9994;4;;;;;10012;14;;;;;10003.0;0.0
26;32800;INTARIAN_PEPPER_ROOT;39030;12;39028;9;;;39042;8;39043;8;;;39036.5;0.0
26;32900;ASH_COATED_OSMIUM;9993;13;;;;;10011;14;;;;;10002.0;0.0
26;32900;INTARIAN_PEPPER_ROOT;39025;8;39022;19;39020;12;39042;9;39043;12;39045;11;39034.0;0.0
26;33000;ASH_COATED_OSMIUM;10001;12;;;;;10011;11;;;;;10006.5;0.0
26;33000;INTARIAN_PEPPER_ROOT;39028;8;;;;;39042;12;;;;;39035.5;0.0
26;33100;ASH_COATED_OSMIUM;9999;15;9998;26;9996;13;10017;11;10018;26;10019;11;10008.5;0.0
26;33100;INTARIAN_PEPPER_ROOT;39029;6;;;;;39042;9;;;;;39035.5;0.0
26;33200;ASH_COATED_OSMIUM;10000;28;9997;13;;;10016;14;10019;28;;;10008.5;0.0
26;33200;INTARIAN_PEPPER_ROOT;39025;9;39022;9;;;39037;20;39040;8;;;39031.5;0.0
26;33300;ASH_COATED_OSMIUM;9994;14;;;;;10010;23;;;;;10002.0;0.0
26;33300;INTARIAN_PEPPER_ROOT;39025;10;39023;9;39020;11;39039;11;39041;25;39044;19;39032.5;0.0
26;33400;ASH_COATED_OSMIUM;9991;15;9990;10;9988;24;10009;29;10010;11;10013;12;10000.5;0.0
26;33400;INTARIAN_PEPPER_ROOT;39025;8;39024;11;39022;10;39042;9;39043;12;39044;12;39033.5;0.0
26;33500;ASH_COATED_OSMIUM;9997;14;9995;13;9993;27;10013;15;10015;10;10016;13;10005.0;0.0
26;33500;INTARIAN_PEPPER_ROOT;39026;9;39024;8;39021;12;39038;11;39041;9;39042;9;39032.5;0.0
26;33600;ASH_COATED_OSMIUM;9998;15;9997;20;9994;13;10014;3;10017;25;10018;9;10006.5;0.0
26;33600;INTARIAN_PEPPER_ROOT;39027;9;;;;;39040;18;;;;;39033.5;0.0
26;33700;ASH_COATED_OSMIUM;10001;10;;;;;10017;11;;;;;10009.0;0.0
26;33700;INTARIAN_PEPPER_ROOT;39026;9;39025;11;39023;10;39039;8;39040;12;39043;9;39032.5;0.0
26;33800;ASH_COATED_OSMIUM;9994;27;9992;23;;;10010;12;10012;14;;;10002.0;0.0
26;33800;INTARIAN_PEPPER_ROOT;39025;12;39022;10;;;39041;20;39042;8;;;39033.0;0.0
26;33900;ASH_COATED_OSMIUM;9990;11;;;;;10006;13;;;;;9998.0;0.0
26;33900;INTARIAN_PEPPER_ROOT;39030;10;;;;;39042;10;;;;;39036.5;0.0
26;34000;ASH_COATED_OSMIUM;9997;14;9995;10;9994;15;10013;10;10015;13;10016;15;10005.5;0.0
26;34000;INTARIAN_PEPPER_ROOT;39030;12;;;;;39042;25;;;;;39036.0;0.0
26;34100;ASH_COATED_OSMIUM;9996;11;9993;11;;;10012;15;10014;11;;;10004.5;0.0
26;34100;INTARIAN_PEPPER_ROOT;39027;8;;;;;39047;10;;;;;39037.5;0.0
26;34200;ASH_COATED_OSMIUM;10003;14;10001;25;;;10012;13;10013;9;;;10007.5;0.0
26;34200;INTARIAN_PEPPER_ROOT;39028;10;;;;;39040;6;;;;;39034.0;0.0
26;34300;ASH_COATED_OSMIUM;10000;13;;;;;10016;22;;;;;10008.5;0.0
26;34300;INTARIAN_PEPPER_ROOT;39026;8;39025;11;39023;8;39042;10;39044;9;39045;20;39034.5;0.0
26;34400;ASH_COATED_OSMIUM;9996;12;9995;11;;;10014;20;10017;12;;;10005.5;0.0
26;34400;INTARIAN_PEPPER_ROOT;39026;12;;;;;39040;10;;;;;39033.0;0.0
26;34500;ASH_COATED_OSMIUM;9999;6;9997;10;;;10009;22;10012;12;;;10004.5;0.0
26;34500;INTARIAN_PEPPER_ROOT;39023;8;;;;;39039;10;;;;;39031.5;0.0
26;34600;ASH_COATED_OSMIUM;9997;13;9996;15;;;10013;15;10015;15;;;10005.5;0.0
26;34600;INTARIAN_PEPPER_ROOT;39030;17;39028;12;;;39045;10;39048;10;;;39037.5;0.0
26;34700;ASH_COATED_OSMIUM;9990;15;9987;11;;;10006;8;10009;30;;;9998.0;0.0
26;34700;INTARIAN_PEPPER_ROOT;39026;11;39025;17;;;39040;10;39043;18;;;39033.5;0.0
26;34800;ASH_COATED_OSMIUM;9993;11;;;;;10009;12;;;;;10001.0;0.0
26;34800;INTARIAN_PEPPER_ROOT;39026;21;39023;12;;;39040;11;39042;11;;;39033.0;0.0
26;34900;ASH_COATED_OSMIUM;9997;10;9996;24;;;10015;11;10018;28;;;10006.0;0.0
26;34900;INTARIAN_PEPPER_ROOT;39031;11;;;;;39042;23;;;;;39036.5;0.0
26;35000;ASH_COATED_OSMIUM;10001;10;9999;15;;;10017;14;10020;25;;;10009.5;0.0
26;35000;INTARIAN_PEPPER_ROOT;39029;9;;;;;39042;10;;;;;39035.5;0.0
26;35100;ASH_COATED_OSMIUM;9995;15;9993;15;;;10014;14;10015;11;;;10005.0;0.0
26;35100;INTARIAN_PEPPER_ROOT;39029;11;39026;11;;;39042;9;39044;16;;;39035.5;0.0
26;35200;ASH_COATED_OSMIUM;9995;29;9992;30;9991;15;10008;2;10011;15;10013;12;10002.0;0.0
26;35200;INTARIAN_PEPPER_ROOT;39029;24;39027;11;39024;10;39044;16;39047;9;39050;9;39036.5;0.0
26;35300;ASH_COATED_OSMIUM;9997;11;9996;14;9994;12;10013;11;10014;11;10015;15;10005.0;0.0
26;35300;INTARIAN_PEPPER_ROOT;39032;9;;;;;39044;11;;;;;39038.5;0.0
26;35400;ASH_COATED_OSMIUM;9998;12;9996;13;9994;11;10014;15;10015;30;10016;11;10006.5;0.0
26;35400;INTARIAN_PEPPER_ROOT;39025;24;;;;;39036;12;;;;;39030.5;0.0
26;35500;ASH_COATED_OSMIUM;9988;15;;;;;10006;26;;;;;9997.5;0.0
26;35500;INTARIAN_PEPPER_ROOT;39029;10;39026;17;;;39042;12;39045;9;;;39035.5;0.0
26;35600;ASH_COATED_OSMIUM;9985;11;;;;;10004;10;;;;;9995.0;0.0
26;35600;INTARIAN_PEPPER_ROOT;39026;9;39023;8;;;39039;7;39041;9;;;39032.5;0.0
26;35700;ASH_COATED_OSMIUM;9992;30;9989;22;9986;21;10011;14;10014;25;10016;15;10001.5;0.0
26;35700;INTARIAN_PEPPER_ROOT;39034;10;;;;;39042;9;;;;;39038.5;0.0
26;35800;ASH_COATED_OSMIUM;9993;11;;;;;10009;13;;;;;10001.5;0.0
26;35800;INTARIAN_PEPPER_ROOT;39030;10;39029;20;39027;21;39042;12;39043;16;39044;9;39036.5;0.0
26;35900;ASH_COATED_OSMIUM;9994;14;9992;24;9989;12;10010;30;10011;12;10013;14;10002.5;0.0
26;35900;INTARIAN_PEPPER_ROOT;39032;11;;;;;39045;19;;;;;39039.0;0.0
26;36000;ASH_COATED_OSMIUM;10000;15;9997;11;9996;12;10005;13;10008;15;10009;13;10002.5;0.0
26;36000;INTARIAN_PEPPER_ROOT;39028;11;;;;;39041;10;;;;;39035.0;0.0
26;36100;ASH_COATED_OSMIUM;9993;27;9990;15;;;10011;15;10012;11;;;10002.5;0.0
26;36100;INTARIAN_PEPPER_ROOT;39027;12;39025;19;;;39041;8;39043;15;;;39034.0;0.0
26;36200;ASH_COATED_OSMIUM;9990;14;9989;13;9986;11;10008;11;10010;14;10012;14;9999.0;0.0
26;36200;INTARIAN_PEPPER_ROOT;39031;12;;;;;39043;9;;;;;39037.5;0.0
26;36300;ASH_COATED_OSMIUM;9991;15;;;;;10007;10;;;;;9999.0;0.0
26;36300;INTARIAN_PEPPER_ROOT;39032;6;39031;11;;;39043;10;39045;8;;;39038.0;0.0
26;36400;ASH_COATED_OSMIUM;9992;25;9991;11;;;10010;12;10011;15;;;10001.5;0.0
26;36400;INTARIAN_PEPPER_ROOT;39031;11;39029;11;39026;6;39042;12;39043;5;39045;10;39037.0;0.0
26;36500;ASH_COATED_OSMIUM;9996;10;9993;15;9992;15;10012;11;10013;14;10016;29;10004.0;0.0
26;36500;INTARIAN_PEPPER_ROOT;39030;12;39027;12;;;39044;10;39047;10;;;39037.0;0.0
26;36600;ASH_COATED_OSMIUM;9995;10;9994;26;;;10011;15;10014;11;;;10003.0;0.0
26;36600;INTARIAN_PEPPER_ROOT;39029;12;39028;9;39025;10;39042;10;39043;9;39045;10;39035.5;0.0
26;36700;ASH_COATED_OSMIUM;9987;7;9985;15;9982;12;10003;30;10004;11;10006;10;9995.5;0.0
26;36700;INTARIAN_PEPPER_ROOT;39032;9;39030;8;;;39046;12;39047;9;;;39039.0;0.0
26;36800;ASH_COATED_OSMIUM;9986;11;9984;12;;;10002;15;10003;20;;;9994.5;0.0
26;36800;INTARIAN_PEPPER_ROOT;39026;10;39024;10;39021;8;39040;11;39042;11;39044;8;39033.0;0.0
26;36900;ASH_COATED_OSMIUM;9995;10;9993;14;9991;12;10011;12;10014;24;10017;15;10003.5;0.0
26;36900;INTARIAN_PEPPER_ROOT;39028;11;39025;8;39023;9;39041;21;39044;10;39047;10;39034.5;0.0
26;37000;ASH_COATED_OSMIUM;9995;13;;;;;10011;14;;;;;10003.5;0.0
26;37000;INTARIAN_PEPPER_ROOT;39031;11;39030;5;39027;11;39046;11;39049;9;39050;11;39038.5;0.0
26;37100;ASH_COATED_OSMIUM;9993;13;9991;12;9989;29;10012;15;10013;12;10015;11;10003.0;0.0
26;37100;INTARIAN_PEPPER_ROOT;39028;23;39025;6;;;39042;23;39045;11;;;39035.5;0.0
26;37200;ASH_COATED_OSMIUM;9994;10;9991;4;9990;25;10013;10;10016;5;10018;14;10004.0;0.0
26;37200;INTARIAN_PEPPER_ROOT;39028;10;;;;;39042;8;;;;;39035.0;0.0
26;37300;ASH_COATED_OSMIUM;9995;5;9994;12;9991;14;10011;11;10013;22;10015;14;10003.5;0.0
26;37300;INTARIAN_PEPPER_ROOT;39028;9;39027;12;39024;11;39042;9;39045;11;39047;8;39035.0;0.0
26;37400;ASH_COATED_OSMIUM;9993;11;9992;21;;;10009;10;10012;14;;;10001.5;0.0
26;37400;INTARIAN_PEPPER_ROOT;39027;9;;;;;39038;8;;;;;39032.5;0.0
26;37500;ASH_COATED_OSMIUM;9994;13;;;;;10010;15;;;;;10002.5;0.0
26;37500;INTARIAN_PEPPER_ROOT;39031;9;39029;23;;;39044;11;39045;10;;;39037.5;0.0
26;37600;ASH_COATED_OSMIUM;9997;13;9996;12;;;10007;15;10010;15;;;10002.5;0.0
26;37600;INTARIAN_PEPPER_ROOT;39031;11;39029;15;;;39044;11;39045;12;;;39038.0;0.0
26;37700;ASH_COATED_OSMIUM;9990;15;;;;;10009;12;;;;;10000.0;0.0
26;37700;INTARIAN_PEPPER_ROOT;39029;11;39028;20;;;39041;9;39042;12;;;39035.5;0.0
26;37800;ASH_COATED_OSMIUM;9993;15;9990;12;;;10009;15;10010;10;;;10001.5;0.0
26;37800;INTARIAN_PEPPER_ROOT;39032;12;39029;8;;;39044;23;39046;11;;;39038.0;0.0
26;37900;ASH_COATED_OSMIUM;9995;15;9994;12;9991;21;10005;12;10008;12;10010;11;10000.0;0.0
26;37900;INTARIAN_PEPPER_ROOT;39030;11;;;;;39044;9;;;;;39037.0;0.0
26;38000;ASH_COATED_OSMIUM;9993;4;9992;15;;;10011;21;10014;10;;;10002.0;0.0
26;38000;INTARIAN_PEPPER_ROOT;39033;15;;;;;39050;12;;;;;39042.0;0.0
26;38100;ASH_COATED_OSMIUM;9994;12;;;;;10010;25;;;;;10002.5;0.0
26;38100;INTARIAN_PEPPER_ROOT;39037;8;39034;15;39031;11;39040;10;39042;9;39045;9;39038.5;0.0
26;38200;ASH_COATED_OSMIUM;9992;15;9990;3;9989;10;10011;14;10014;12;10015;13;10002.0;0.0
26;38200;INTARIAN_PEPPER_ROOT;39026;22;39023;21;;;39038;9;39041;10;;;39032.5;0.0
26;38300;ASH_COATED_OSMIUM;9989;10;9987;23;9985;13;10008;11;10010;13;10013;24;9998.5;0.0
26;38300;INTARIAN_PEPPER_ROOT;39031;10;39028;9;39026;8;39044;11;39047;22;39050;22;39038.0;0.0
26;38400;ASH_COATED_OSMIUM;9990;15;;;;;10006;10;;;;;9998.5;0.0
26;38400;INTARIAN_PEPPER_ROOT;39034;12;39031;8;;;39047;12;39048;10;;;39040.5;0.0
26;38500;ASH_COATED_OSMIUM;9992;14;9991;10;;;10008;11;10011;5;;;10000.5;0.0
26;38500;INTARIAN_PEPPER_ROOT;39030;9;39029;10;39026;11;39044;9;39046;8;39049;23;39037.5;0.0
26;38600;ASH_COATED_OSMIUM;9996;11;;;;;10014;13;;;;;10005.5;0.0
26;38600;INTARIAN_PEPPER_ROOT;39032;21;39031;25;;;39046;11;39049;8;;;39039.5;0.0
26;38700;ASH_COATED_OSMIUM;10002;11;9999;14;;;10021;15;10024;28;;;10012.0;0.0
26;38700;INTARIAN_PEPPER_ROOT;39030;11;39027;8;39024;17;39046;9;39049;11;39052;12;39038.0;0.0
26;38800;ASH_COATED_OSMIUM;9999;10;;;;;10015;11;;;;;10007.0;0.0
26;38800;INTARIAN_PEPPER_ROOT;39032;12;;;;;39044;10;;;;;39038.0;0.0
26;38900;ASH_COATED_OSMIUM;9995;11;9993;12;;;10013;12;10014;14;;;10004.0;0.0
26;38900;INTARIAN_PEPPER_ROOT;39033;21;39030;10;39028;11;39045;21;39048;11;39049;10;39039.5;0.0
26;39000;ASH_COATED_OSMIUM;9996;10;9995;13;;;10012;28;10013;14;;;10004.5;0.0
26;39000;INTARIAN_PEPPER_ROOT;39031;11;39030;12;;;39045;9;39046;8;;;39038.0;0.0
26;39100;ASH_COATED_OSMIUM;9995;11;9993;14;;;10011;12;10014;30;;;10003.0;0.0
26;39100;INTARIAN_PEPPER_ROOT;39038;9;39036;10;39035;22;39051;12;39052;10;39053;11;39044.5;0.0
26;39200;ASH_COATED_OSMIUM;9993;13;9992;12;9990;12;10009;23;10012;11;10014;11;10001.5;0.0
26;39200;INTARIAN_PEPPER_ROOT;39033;15;39031;10;;;39045;9;39047;12;;;39039.5;0.0
26;39300;ASH_COATED_OSMIUM;9995;4;9992;13;;;10011;15;10013;11;;;10003.0;0.0
26;39300;INTARIAN_PEPPER_ROOT;39030;9;39029;10;;;39047;10;39049;10;;;39038.5;0.0
26;39400;ASH_COATED_OSMIUM;9991;10;9989;23;9986;10;10010;11;10011;15;10012;11;10000.5;0.0
26;39400;INTARIAN_PEPPER_ROOT;39036;8;39034;8;;;39047;11;39048;10;;;39042.0;0.0
26;39500;ASH_COATED_OSMIUM;9992;11;9989;14;;;10008;10;10010;13;;;10000.5;0.0
26;39500;INTARIAN_PEPPER_ROOT;39031;8;39030;12;39029;9;39046;12;39049;10;39050;9;39039.0;0.0
26;39600;ASH_COATED_OSMIUM;9988;13;9985;11;9982;23;10004;24;10007;22;10009;25;9996.5;0.0
26;39600;INTARIAN_PEPPER_ROOT;39035;10;39033;17;39032;12;39048;12;39051;11;39052;11;39042.0;0.0
26;39700;ASH_COATED_OSMIUM;9990;20;9988;13;;;10006;15;10007;11;;;9998.0;0.0
26;39700;INTARIAN_PEPPER_ROOT;39033;10;39030;11;39027;22;39049;12;39052;11;39054;10;39041.0;0.0
26;39800;ASH_COATED_OSMIUM;9993;23;9990;11;;;10011;10;10014;28;;;10002.0;0.0
26;39800;INTARIAN_PEPPER_ROOT;39036;10;39034;11;39032;12;39052;9;39055;12;39058;12;39044.0;0.0
26;39900;ASH_COATED_OSMIUM;9992;28;9989;11;;;10008;15;10010;14;;;10000.0;0.0
26;39900;INTARIAN_PEPPER_ROOT;39032;8;39030;8;;;39047;9;39050;10;;;39040.0;0.0
26;40000;ASH_COATED_OSMIUM;9991;13;;;;;10010;11;;;;;10000.5;0.0
26;40000;INTARIAN_PEPPER_ROOT;39028;9;39025;10;;;39048;9;39050;9;;;39038.5;0.0
26;40100;ASH_COATED_OSMIUM;9992;23;9989;10;;;10011;10;10013;12;;;10002.0;0.0
26;40100;INTARIAN_PEPPER_ROOT;39036;11;39035;12;;;39048;12;39050;12;;;39042.5;0.0
26;40200;ASH_COATED_OSMIUM;9994;10;9993;4;;;10013;12;10015;29;;;10003.5;0.0
26;40200;INTARIAN_PEPPER_ROOT;39033;10;;;;;39044;11;;;;;39039.0;0.0
26;40300;ASH_COATED_OSMIUM;9990;2;;;;;10006;12;;;;;9998.0;0.0
26;40300;INTARIAN_PEPPER_ROOT;39033;12;;;;;39047;10;;;;;39040.0;0.0
26;40400;ASH_COATED_OSMIUM;9988;15;;;;;10007;13;;;;;9997.5;0.0
26;40400;INTARIAN_PEPPER_ROOT;39035;21;;;;;39046;10;;;;;39041.0;0.0
26;40500;ASH_COATED_OSMIUM;9991;11;9990;26;9987;15;10007;14;10010;15;10011;15;9999.5;0.0
26;40500;INTARIAN_PEPPER_ROOT;39031;10;39028;24;;;39045;11;39046;25;;;39038.0;0.0
26;40600;ASH_COATED_OSMIUM;9992;5;9990;15;9989;10;10011;28;10012;14;10015;15;10002.0;0.0
26;40600;INTARIAN_PEPPER_ROOT;39040;9;39038;10;;;39044;11;39046;10;;;39042.0;0.0
26;40700;ASH_COATED_OSMIUM;9993;12;9992;14;;;10009;14;10012;22;;;10001.5;0.0
26;40700;INTARIAN_PEPPER_ROOT;39036;3;39034;8;39033;11;39050;19;39052;10;39053;11;39043.5;0.0
26;40800;ASH_COATED_OSMIUM;9989;11;;;;;10005;13;;;;;9997.5;0.0
26;40800;INTARIAN_PEPPER_ROOT;39033;11;39031;10;;;39048;11;39050;10;;;39040.5;0.0
26;40900;ASH_COATED_OSMIUM;9986;10;9984;13;9981;11;10002;15;10005;10;10006;21;9994.5;0.0
26;40900;INTARIAN_PEPPER_ROOT;39036;9;39033;11;39031;10;39049;9;39052;11;39055;9;39043.0;0.0
26;41000;ASH_COATED_OSMIUM;9985;14;;;;;10004;30;;;;;9995.0;0.0
26;41000;INTARIAN_PEPPER_ROOT;39034;12;39033;15;;;39046;9;39049;11;;;39040.0;0.0
26;41100;ASH_COATED_OSMIUM;9986;12;;;;;10004;10;;;;;9995.0;0.0
26;41100;INTARIAN_PEPPER_ROOT;39033;9;39032;8;;;39049;9;39051;9;;;39041.0;0.0
26;41200;ASH_COATED_OSMIUM;9984;14;;;;;10003;13;;;;;9994.0;0.0
26;41200;INTARIAN_PEPPER_ROOT;39033;8;;;;;39044;8;;;;;39038.5;0.0
26;41300;ASH_COATED_OSMIUM;9985;13;9983;11;;;9998;24;9999;11;;;9992.0;0.0
26;41300;INTARIAN_PEPPER_ROOT;39031;9;39029;10;39028;12;39046;9;39047;8;39048;12;39039.0;0.0
26;41400;ASH_COATED_OSMIUM;9990;23;9987;21;;;10006;14;10009;15;;;9998.0;0.0
26;41400;INTARIAN_PEPPER_ROOT;39034;10;39032;9;39030;10;39049;10;39051;8;39052;8;39041.5;0.0
26;41500;ASH_COATED_OSMIUM;9985;2;9984;13;9982;12;10001;14;10002;13;10003;14;9993.0;0.0
26;41500;INTARIAN_PEPPER_ROOT;39030;11;;;;;39046;12;;;;;39038.5;0.0
26;41600;ASH_COATED_OSMIUM;9985;13;9984;14;;;10001;11;10002;12;;;9993.0;0.0
26;41600;INTARIAN_PEPPER_ROOT;39033;9;39031;10;;;39046;12;39047;17;;;39040.0;0.0
26;41700;ASH_COATED_OSMIUM;9988;15;;;;;10004;11;;;;;9996.0;0.0
26;41700;INTARIAN_PEPPER_ROOT;39034;9;;;;;39045;11;;;;;39039.5;0.0
26;41800;ASH_COATED_OSMIUM;9984;12;;;;;10000;11;;;;;9992.5;0.0
26;41800;INTARIAN_PEPPER_ROOT;39036;12;;;;;39051;8;;;;;39043.5;0.0
26;41900;ASH_COATED_OSMIUM;9996;11;9995;15;;;10012;12;10014;30;;;10004.5;0.0
26;41900;INTARIAN_PEPPER_ROOT;39034;12;39031;9;;;39047;12;39049;11;;;39041.0;0.0
26;42000;ASH_COATED_OSMIUM;9991;15;9988;12;9986;15;10009;29;10011;12;10012;12;10000.5;0.0
26;42000;INTARIAN_PEPPER_ROOT;39036;12;39035;10;;;39050;10;39051;12;;;39043.0;0.0
26;42100;ASH_COATED_OSMIUM;9994;10;;;;;10010;10;;;;;10002.5;0.0
26;42100;INTARIAN_PEPPER_ROOT;39036;10;;;;;39048;12;;;;;39042.5;0.0
26;42200;ASH_COATED_OSMIUM;9991;11;9989;5;;;10001;27;10004;12;;;9996.5;0.0
26;42200;INTARIAN_PEPPER_ROOT;39032;11;39031;8;39029;11;39049;9;39050;12;39051;9;39041.0;0.0
26;42300;ASH_COATED_OSMIUM;9986;13;9983;14;;;10005;15;10008;12;;;9995.5;0.0
26;42300;INTARIAN_PEPPER_ROOT;39034;9;;;;;39051;8;;;;;39043.0;0.0
26;42400;ASH_COATED_OSMIUM;9987;11;9986;2;;;10003;13;10004;11;;;9995.0;0.0
26;42400;INTARIAN_PEPPER_ROOT;39038;8;39036;12;;;39051;12;39054;15;;;39044.5;0.0
26;42500;ASH_COATED_OSMIUM;9987;12;9984;6;9983;14;10006;14;10009;10;10010;10;9996.5;0.0
26;42500;INTARIAN_PEPPER_ROOT;39038;10;39037;10;39034;9;39052;12;39053;10;39054;11;39045.5;0.0
26;42600;ASH_COATED_OSMIUM;9989;28;;;;;10005;15;;;;;9997.0;0.0
26;42600;INTARIAN_PEPPER_ROOT;39036;11;39034;9;39031;8;39048;9;39051;12;39053;24;39042.5;0.0
26;42700;ASH_COATED_OSMIUM;9992;13;9991;12;;;10010;10;10012;12;;;10001.0;0.0
26;42700;INTARIAN_PEPPER_ROOT;39039;22;;;;;39047;8;;;;;39043.0;0.0
26;42800;ASH_COATED_OSMIUM;9992;28;9990;25;9989;15;10008;26;10010;13;10011;25;10000.0;0.0
26;42800;INTARIAN_PEPPER_ROOT;39041;9;39038;8;;;39056;10;39059;10;;;39048.5;0.0
26;42900;ASH_COATED_OSMIUM;9994;12;;;;;10010;10;;;;;10002.5;0.0
26;42900;INTARIAN_PEPPER_ROOT;39035;9;39032;11;;;39049;18;39051;8;;;39042.0;0.0
26;43000;ASH_COATED_OSMIUM;9994;12;9991;14;9990;20;10013;10;10016;25;10018;10;10003.5;0.0
26;43000;INTARIAN_PEPPER_ROOT;39037;15;;;;;39051;10;;;;;39044.5;0.0
26;43100;ASH_COATED_OSMIUM;9992;12;9990;20;;;10008;10;10011;23;;;10000.5;0.0
26;43100;INTARIAN_PEPPER_ROOT;39039;17;39038;12;;;39051;9;39054;25;;;39045.0;0.0
26;43200;ASH_COATED_OSMIUM;9989;11;9987;25;;;10005;13;10007;12;;;9997.5;0.0
26;43200;INTARIAN_PEPPER_ROOT;39039;10;;;;;39053;9;;;;;39046.0;0.0
26;43300;ASH_COATED_OSMIUM;9992;25;;;;;10008;13;;;;;10000.5;0.0
26;43300;INTARIAN_PEPPER_ROOT;39038;9;39036;21;39034;9;39049;10;39051;9;39053;11;39044.0;0.0
26;43400;ASH_COATED_OSMIUM;9999;13;9996;4;9995;11;10018;30;10021;12;10023;12;10008.5;0.0
26;43400;INTARIAN_PEPPER_ROOT;39040;15;39038;12;39035;25;39052;24;39054;24;39057;11;39046.5;0.0
26;43500;ASH_COATED_OSMIUM;9998;15;;;;;10014;11;;;;;10006.0;0.0
26;43500;INTARIAN_PEPPER_ROOT;39038;8;;;;;39050;11;;;;;39044.5;0.0
26;43600;ASH_COATED_OSMIUM;9997;13;9996;15;9993;15;10013;10;10014;11;10015;11;10005.5;0.0
26;43600;INTARIAN_PEPPER_ROOT;39035;11;39033;10;;;39050;9;39051;12;;;39042.5;0.0
26;43700;ASH_COATED_OSMIUM;9992;13;9991;10;9989;13;10008;9;10010;3;10013;23;10000.0;0.0
26;43700;INTARIAN_PEPPER_ROOT;39042;8;39040;8;39039;12;39054;9;39056;11;39058;9;39048.0;0.0
26;43800;ASH_COATED_OSMIUM;9986;21;;;;;10002;23;;;;;9994.5;0.0
26;43800;INTARIAN_PEPPER_ROOT;39038;10;;;;;39052;11;;;;;39045.5;0.0
26;43900;ASH_COATED_OSMIUM;9985;14;9984;9;;;10001;15;10004;11;;;9993.0;0.0
26;43900;INTARIAN_PEPPER_ROOT;39039;8;39038;12;;;39051;8;39054;8;;;39045.0;0.0
26;44000;ASH_COATED_OSMIUM;9989;14;;;;;10005;11;;;;;9997.0;0.0
26;44000;INTARIAN_PEPPER_ROOT;39036;10;39035;9;39033;10;39047;9;39050;8;39051;12;39042.0;0.0
26;44100;ASH_COATED_OSMIUM;9992;11;9989;11;9986;11;10008;13;10011;10;10014;14;10000.5;0.0
26;44100;INTARIAN_PEPPER_ROOT;39043;17;;;;;39046;10;;;;;39044.5;0.0
26;44200;ASH_COATED_OSMIUM;9989;12;9987;14;;;10005;23;10006;13;;;9997.5;0.0
26;44200;INTARIAN_PEPPER_ROOT;39039;11;;;;;39052;11;;;;;39046.0;0.0
26;44300;ASH_COATED_OSMIUM;9992;15;9990;14;9989;15;10008;11;10009;10;10012;14;10000.0;0.0
26;44300;INTARIAN_PEPPER_ROOT;39038;10;;;;;39051;9;;;;;39045.0;0.0
26;44400;ASH_COATED_OSMIUM;9989;12;9988;11;;;10005;20;10008;10;;;9997.5;0.0
26;44400;INTARIAN_PEPPER_ROOT;39036;10;39033;11;;;39049;10;39051;8;;;39043.0;0.0
26;44500;ASH_COATED_OSMIUM;9988;30;;;;;10004;24;;;;;9996.0;0.0
26;44500;INTARIAN_PEPPER_ROOT;39035;23;;;;;39052;8;;;;;39043.5;0.0
26;44600;ASH_COATED_OSMIUM;9989;13;9988;14;;;10005;12;10006;10;;;9997.5;0.0
26;44600;INTARIAN_PEPPER_ROOT;39037;10;39036;25;;;39049;12;39051;6;;;39043.0;0.0
26;44700;ASH_COATED_OSMIUM;9989;11;;;;;10007;20;;;;;9998.5;0.0
26;44700;INTARIAN_PEPPER_ROOT;39039;11;;;;;39052;9;;;;;39045.5;0.0
26;44800;ASH_COATED_OSMIUM;9991;14;9988;11;;;10007;10;10010;23;;;9999.0;0.0
26;44800;INTARIAN_PEPPER_ROOT;39041;12;39040;12;39038;10;39053;8;39054;12;39055;11;39047.5;0.0
26;44900;ASH_COATED_OSMIUM;9994;10;9991;11;9988;13;10012;10;10014;11;10017;21;10003.5;0.0
26;44900;INTARIAN_PEPPER_ROOT;39037;8;39035;8;;;39054;19;39056;10;;;39045.5;0.0
26;45000;ASH_COATED_OSMIUM;9995;21;9993;13;;;10011;14;10014;15;;;10003.0;0.0
26;45000;INTARIAN_PEPPER_ROOT;39035;21;;;;;39055;11;;;;;39045.5;0.0
26;45100;ASH_COATED_OSMIUM;9997;21;9994;11;;;10013;12;10016;30;;;10005.5;0.0
26;45100;INTARIAN_PEPPER_ROOT;39035;12;;;;;39047;12;;;;;39041.5;0.0
26;45200;ASH_COATED_OSMIUM;9997;10;;;;;10013;10;;;;;10005.0;0.0
26;45200;INTARIAN_PEPPER_ROOT;39036;17;39035;9;;;39052;12;39053;22;;;39044.5;0.0
26;45300;ASH_COATED_OSMIUM;9994;10;9992;10;;;10010;10;10013;13;;;10002.5;0.0
26;45300;INTARIAN_PEPPER_ROOT;39037;21;39034;8;39032;12;39049;11;39052;8;39053;8;39043.5;0.0
26;45400;ASH_COATED_OSMIUM;9995;10;;;;;10016;11;;;;;10005.5;0.0
26;45400;INTARIAN_PEPPER_ROOT;39041;21;;;;;39047;10;;;;;39044.5;0.0
26;45500;ASH_COATED_OSMIUM;9997;30;9994;10;;;10013;26;10015;11;;;10005.5;0.0
26;45500;INTARIAN_PEPPER_ROOT;39036;8;39034;9;;;39053;11;39055;12;;;39044.5;0.0
26;45600;ASH_COATED_OSMIUM;9993;24;9990;11;;;10009;14;10012;10;;;10001.5;0.0
26;45600;INTARIAN_PEPPER_ROOT;39046;10;39045;25;39042;10;39048;16;39051;12;39053;25;39047.5;0.0
26;45700;ASH_COATED_OSMIUM;9993;10;9990;11;;;10009;11;10010;13;;;10001.0;0.0
26;45700;INTARIAN_PEPPER_ROOT;39038;17;39036;10;;;39050;8;39053;9;;;39044.5;0.0
26;45800;ASH_COATED_OSMIUM;9994;11;9993;11;9990;11;10010;15;10011;10;10014;12;10002.0;0.0
26;45800;INTARIAN_PEPPER_ROOT;39036;11;39035;10;;;39049;9;39050;8;;;39043.0;0.0
26;45900;ASH_COATED_OSMIUM;9994;13;;;;;10015;12;;;;;10005.0;0.0
26;45900;INTARIAN_PEPPER_ROOT;39039;8;39038;8;39037;8;39052;12;39053;10;39054;12;39045.5;0.0
26;46000;ASH_COATED_OSMIUM;9998;11;9997;14;;;10006;5;10009;15;;;10002.5;0.0
26;46000;INTARIAN_PEPPER_ROOT;39034;10;;;;;39047;11;;;;;39041.0;0.0
26;46100;ASH_COATED_OSMIUM;9992;15;;;;;10008;10;;;;;10000.5;0.0
26;46100;INTARIAN_PEPPER_ROOT;39039;9;;;;;39055;24;;;;;39047.0;0.0
26;46200;ASH_COATED_OSMIUM;9989;12;9987;11;;;10005;12;10006;10;;;9997.0;0.0
26;46200;INTARIAN_PEPPER_ROOT;39037;10;39034;5;39033;10;39050;12;39051;10;39052;10;39043.5;0.0
26;46300;ASH_COATED_OSMIUM;9987;13;9986;13;;;9997;10;9999;14;;;9992.5;0.0
26;46300;INTARIAN_PEPPER_ROOT;39036;10;;;;;39049;8;;;;;39043.0;0.0
26;46400;ASH_COATED_OSMIUM;9984;13;9982;12;;;10000;11;10001;14;;;9992.0;0.0
26;46400;INTARIAN_PEPPER_ROOT;39038;9;;;;;39051;8;;;;;39045.0;0.0
26;46500;ASH_COATED_OSMIUM;9989;15;9986;15;9983;12;10005;11;10007;14;10008;14;9997.5;0.0
26;46500;INTARIAN_PEPPER_ROOT;39039;9;39037;12;;;39051;9;39052;18;;;39045.0;0.0
26;46600;ASH_COATED_OSMIUM;9993;13;9991;23;;;10009;26;10011;15;;;10001.0;0.0
26;46600;INTARIAN_PEPPER_ROOT;39040;21;39037;8;;;39059;10;39062;21;;;39049.5;0.0
26;46700;ASH_COATED_OSMIUM;9994;11;9991;12;9988;15;10010;10;10012;10;10014;12;10002.0;0.0
26;46700;INTARIAN_PEPPER_ROOT;39036;22;39034;19;;;39052;11;39054;8;;;39044.5;0.0
26;46800;ASH_COATED_OSMIUM;9989;13;9988;12;;;10005;23;10006;30;;;9997.0;0.0
26;46800;INTARIAN_PEPPER_ROOT;39041;20;39039;8;;;39053;11;39055;15;;;39047.0;0.0
26;46900;ASH_COATED_OSMIUM;9984;2;;;;;10000;12;;;;;9992.0;0.0
26;46900;INTARIAN_PEPPER_ROOT;39038;19;39036;12;39034;12;39052;9;39054;10;39056;22;39045.5;0.0
26;47000;ASH_COATED_OSMIUM;9984;14;9981;13;;;10000;12;10002;13;;;9992.0;0.0
26;47000;INTARIAN_PEPPER_ROOT;39046;9;39044;11;39043;9;39049;11;39052;24;39053;11;39047.5;0.0
26;47100;ASH_COATED_OSMIUM;9986;22;9983;12;;;10002;10;10005;14;;;9994.5;0.0
26;47100;INTARIAN_PEPPER_ROOT;39036;8;39035;10;;;39050;9;39051;11;;;39043.5;0.0
26;47200;ASH_COATED_OSMIUM;9991;14;9990;12;;;10007;13;10008;24;;;9999.0;0.0
26;47200;INTARIAN_PEPPER_ROOT;39039;11;;;;;39053;9;;;;;39046.0;0.0
26;47300;ASH_COATED_OSMIUM;9992;15;9989;10;;;10008;11;10010;12;;;10000.0;0.0
26;47300;INTARIAN_PEPPER_ROOT;39042;22;;;;;39056;10;;;;;39049.0;0.0
26;47400;ASH_COATED_OSMIUM;9984;11;;;;;10000;14;;;;;9992.5;0.0
26;47400;INTARIAN_PEPPER_ROOT;39042;20;39040;8;;;39056;11;39059;22;;;39049.0;0.0
26;47500;ASH_COATED_OSMIUM;9989;11;;;;;10007;24;;;;;9998.0;0.0
26;47500;INTARIAN_PEPPER_ROOT;39039;10;;;;;39055;10;;;;;39047.0;0.0
26;47600;ASH_COATED_OSMIUM;9995;5;9994;14;9993;30;10011;12;10012;14;10014;12;10003.5;0.0
26;47600;INTARIAN_PEPPER_ROOT;39038;10;39036;12;;;39055;8;39056;9;;;39046.5;0.0
26;47700;ASH_COATED_OSMIUM;10005;11;10004;10;10003;30;10015;24;10016;21;10019;10;10010.0;0.0
26;47700;INTARIAN_PEPPER_ROOT;39038;11;39037;8;;;39051;12;39053;11;;;39045.0;0.0
26;47800;ASH_COATED_OSMIUM;9998;2;;;;;10014;12;;;;;10006.0;0.0
26;47800;INTARIAN_PEPPER_ROOT;39042;8;39041;24;39039;8;39055;8;39058;12;39060;8;39048.5;0.0
26;47900;ASH_COATED_OSMIUM;9995;21;9994;23;;;10011;12;10012;14;;;10003.5;0.0
26;47900;INTARIAN_PEPPER_ROOT;39037;10;39036;18;39034;19;39054;10;39055;8;39056;11;39046.0;0.0
26;48000;ASH_COATED_OSMIUM;9995;27;;;;;10011;12;;;;;10003.5;0.0
26;48000;INTARIAN_PEPPER_ROOT;39042;9;39039;11;;;39059;12;39062;12;;;39050.5;0.0
26;48100;ASH_COATED_OSMIUM;9994;10;9992;15;9989;14;10012;10;10013;14;10015;11;10003.0;0.0
26;48100;INTARIAN_PEPPER_ROOT;39040;11;39038;9;39035;9;39057;10;39058;12;39061;10;39049.0;0.0
26;48200;ASH_COATED_OSMIUM;9995;28;9994;5;9993;22;10011;15;10014;12;10016;14;10003.0;0.0
26;48200;INTARIAN_PEPPER_ROOT;39043;20;;;;;39058;11;;;;;39051.0;0.0
26;48300;ASH_COATED_OSMIUM;9995;11;9992;12;9990;21;10013;21;10016;14;10019;13;10004.0;0.0
26;48300;INTARIAN_PEPPER_ROOT;39046;10;39045;11;;;39053;9;39054;11;;;39049.5;0.0
26;48400;ASH_COATED_OSMIUM;9996;22;9995;13;9994;24;10012;12;10015;12;10018;14;10004.5;0.0
26;48400;INTARIAN_PEPPER_ROOT;39042;12;39040;12;39039;8;39053;9;39055;5;39056;12;39047.5;0.0
26;48500;ASH_COATED_OSMIUM;9994;11;;;;;10010;15;;;;;10002.5;0.0
26;48500;INTARIAN_PEPPER_ROOT;39040;11;39037;9;;;39054;24;39057;8;;;39047.0;0.0
26;48600;ASH_COATED_OSMIUM;9991;15;;;;;10007;15;;;;;9999.5;0.0
26;48600;INTARIAN_PEPPER_ROOT;39043;16;39040;8;;;39055;9;39057;8;;;39049.0;0.0
26;48700;ASH_COATED_OSMIUM;9996;13;;;;;10014;15;;;;;10005.0;0.0
26;48700;INTARIAN_PEPPER_ROOT;39040;8;;;;;39055;11;;;;;39047.5;0.0
26;48800;ASH_COATED_OSMIUM;9995;23;9993;21;;;10014;15;10017;22;;;10004.5;0.0
26;48800;INTARIAN_PEPPER_ROOT;39039;9;39037;11;39036;10;39056;9;39059;8;39062;11;39047.5;0.0
26;48900;ASH_COATED_OSMIUM;10004;13;;;;;10009;10;;;;;10007.0;0.0
26;48900;INTARIAN_PEPPER_ROOT;39042;10;;;;;39059;8;;;;;39051.0;0.0
26;49000;ASH_COATED_OSMIUM;9999;12;;;;;10015;28;;;;;10007.5;0.0
26;49000;INTARIAN_PEPPER_ROOT;39048;12;39045;10;39044;8;39060;10;39061;8;39064;12;39054.0;0.0
26;49100;ASH_COATED_OSMIUM;9999;26;9997;12;;;10015;11;10018;11;;;10007.0;0.0
26;49100;INTARIAN_PEPPER_ROOT;39042;10;;;;;39054;9;;;;;39048.0;0.0
26;49200;ASH_COATED_OSMIUM;9998;15;9996;13;9993;14;10014;14;10017;25;10018;12;10006.0;0.0
26;49200;INTARIAN_PEPPER_ROOT;39049;11;39048;10;39045;5;39062;10;39063;18;39064;12;39055.5;0.0
26;49300;ASH_COATED_OSMIUM;9999;11;;;;;10015;13;;;;;10007.0;0.0
26;49300;INTARIAN_PEPPER_ROOT;39041;21;;;;;39055;9;;;;;39048.5;0.0
26;49400;ASH_COATED_OSMIUM;9996;22;9994;13;9991;15;10012;13;10013;5;10016;12;10004.0;0.0
26;49400;INTARIAN_PEPPER_ROOT;39040;11;;;;;39051;15;;;;;39046.0;0.0
26;49500;ASH_COATED_OSMIUM;9993;12;9992;15;9989;13;10009;10;10010;15;10012;14;10001.0;0.0
26;49500;INTARIAN_PEPPER_ROOT;39038;8;;;;;39055;8;;;;;39047.0;0.0
26;49600;ASH_COATED_OSMIUM;9993;13;9992;5;;;10009;15;10012;14;;;10001.5;0.0
26;49600;INTARIAN_PEPPER_ROOT;39044;11;39043;11;;;39061;12;39062;8;;;39053.0;0.0
26;49700;ASH_COATED_OSMIUM;9995;13;9992;14;;;10011;12;10012;3;;;10003.5;0.0
26;49700;INTARIAN_PEPPER_ROOT;39044;11;;;;;39056;11;;;;;39050.0;0.0
26;49800;ASH_COATED_OSMIUM;9993;26;9992;10;;;10009;14;10012;11;;;10001.0;0.0
26;49800;INTARIAN_PEPPER_ROOT;39043;8;39040;10;;;39057;10;39060;8;;;39050.0;0.0
26;49900;ASH_COATED_OSMIUM;9991;11;;;;;10007;21;;;;;9999.5;0.0
26;49900;INTARIAN_PEPPER_ROOT;39044;20;39041;23;;;39058;8;39060;11;;;39051.5;0.0
26;50000;ASH_COATED_OSMIUM;9998;11;9996;10;9993;30;10014;25;10015;11;10017;26;10006.5;0.0
26;50000;INTARIAN_PEPPER_ROOT;39041;9;39038;12;;;39054;8;39056;11;;;39048.0;0.0
26;50100;ASH_COATED_OSMIUM;9995;4;9992;14;9991;15;10013;15;10015;12;10016;11;10004.0;0.0
26;50100;INTARIAN_PEPPER_ROOT;39041;9;39039;10;;;39057;10;39058;10;;;39049.5;0.0
26;50200;ASH_COATED_OSMIUM;9993;24;;;;;10009;21;;;;;10001.0;0.0
26;50200;INTARIAN_PEPPER_ROOT;39042;11;39040;20;;;39054;10;39056;11;;;39048.0;0.0
26;50300;ASH_COATED_OSMIUM;9996;12;9995;13;;;10014;10;10016;15;;;10005.5;0.0
26;50300;INTARIAN_PEPPER_ROOT;39039;12;39037;9;;;39057;12;39058;9;;;39048.0;0.0
26;50400;ASH_COATED_OSMIUM;9996;24;9993;21;;;10012;14;10015;22;;;10004.5;0.0
26;50400;INTARIAN_PEPPER_ROOT;39045;9;;;;;39058;11;;;;;39052.0;0.0
26;50500;ASH_COATED_OSMIUM;10000;14;;;;;10016;13;;;;;10008.5;0.0
26;50500;INTARIAN_PEPPER_ROOT;39044;12;39042;11;;;39058;10;39061;8;;;39051.0;0.0
26;50600;ASH_COATED_OSMIUM;9997;15;;;;;10013;22;;;;;10005.5;0.0
26;50600;INTARIAN_PEPPER_ROOT;39043;8;;;;;39059;19;;;;;39051.5;0.0
26;50700;ASH_COATED_OSMIUM;10004;11;10002;12;10001;29;10022;13;10025;10;10026;13;10013.0;0.0
26;50700;INTARIAN_PEPPER_ROOT;39047;10;;;;;39061;8;;;;;39054.5;0.0
26;50800;ASH_COATED_OSMIUM;9995;22;;;;;10011;25;;;;;10003.0;0.0
26;50800;INTARIAN_PEPPER_ROOT;39045;11;;;;;39059;10;;;;;39052.5;0.0
26;50900;ASH_COATED_OSMIUM;9999;29;;;;;10009;12;;;;;10004.0;0.0
26;50900;INTARIAN_PEPPER_ROOT;39044;11;39041;10;;;39057;9;39058;8;;;39051.0;0.0
26;51000;ASH_COATED_OSMIUM;9999;14;9998;10;;;10015;11;10018;12;;;10007.0;0.0
26;51000;INTARIAN_PEPPER_ROOT;39050;11;;;;;39062;10;;;;;39056.5;0.0
26;51100;ASH_COATED_OSMIUM;9992;14;9991;15;9988;11;10013;10;10014;4;10017;13;10002.5;0.0
26;51100;INTARIAN_PEPPER_ROOT;39043;24;39040;10;39039;11;39060;11;39063;11;39064;8;39052.0;0.0
26;51200;ASH_COATED_OSMIUM;9997;13;9995;11;;;10007;14;10009;11;;;10002.5;0.0
26;51200;INTARIAN_PEPPER_ROOT;39040;11;39037;10;;;39056;21;39057;9;;;39048.5;0.0
26;51300;ASH_COATED_OSMIUM;9989;13;9987;15;9984;11;10008;22;10009;11;10012;3;9998.5;0.0
26;51300;INTARIAN_PEPPER_ROOT;39046;10;;;;;39060;9;;;;;39053.0;0.0
26;51400;ASH_COATED_OSMIUM;9991;12;;;;;10001;14;;;;;9996.0;0.0
26;51400;INTARIAN_PEPPER_ROOT;39050;8;39048;12;39046;10;39066;9;39067;12;39070;15;39058.5;0.0
26;51500;ASH_COATED_OSMIUM;9989;13;9986;12;9984;15;10005;14;10008;14;10009;11;9997.5;0.0
26;51500;INTARIAN_PEPPER_ROOT;39042;11;;;;;39056;9;;;;;39049.0;0.0
26;51600;ASH_COATED_OSMIUM;9986;15;9983;29;;;10002;14;10003;3;;;9994.0;0.0
26;51600;INTARIAN_PEPPER_ROOT;39041;15;39039;9;39037;8;39054;21;39057;11;39059;9;39047.5;0.0
26;51700;ASH_COATED_OSMIUM;9980;25;;;;;9999;11;;;;;9990.0;0.0
26;51700;INTARIAN_PEPPER_ROOT;39045;9;;;;;39058;12;;;;;39052.0;0.0
26;51800;ASH_COATED_OSMIUM;9989;14;9988;12;9986;11;9995;28;9996;11;9998;12;9992.0;0.0
26;51800;INTARIAN_PEPPER_ROOT;39048;10;39045;11;39043;10;39060;9;39062;11;39064;12;39054.0;0.0
26;51900;ASH_COATED_OSMIUM;9986;11;9983;13;;;10002;11;10004;14;;;9994.5;0.0
26;51900;INTARIAN_PEPPER_ROOT;39047;9;;;;;39060;11;;;;;39053.5;0.0
26;52000;ASH_COATED_OSMIUM;9983;5;9982;27;;;9999;10;10001;15;;;9991.0;0.0
26;52000;INTARIAN_PEPPER_ROOT;39048;8;39046;21;;;39061;9;39062;10;;;39054.5;0.0
26;52100;ASH_COATED_OSMIUM;9982;14;;;;;10000;14;;;;;9991.0;0.0
26;52100;INTARIAN_PEPPER_ROOT;39047;8;39045;12;39044;9;39060;11;39061;9;39063;8;39053.5;0.0
26;52200;ASH_COATED_OSMIUM;9981;15;9980;23;9978;10;9997;10;10000;2;10001;11;9989.5;0.0
26;52200;INTARIAN_PEPPER_ROOT;39045;11;39044;9;;;39058;19;39060;12;;;39051.5;0.0
26;52300;ASH_COATED_OSMIUM;9982;11;;;;;9998;2;;;;;9990.5;0.0
26;52300;INTARIAN_PEPPER_ROOT;39049;12;39046;8;;;39061;8;39064;8;;;39055.0;0.0
26;52400;ASH_COATED_OSMIUM;9989;13;9988;21;;;10005;10;10007;14;;;9997.0;0.0
26;52400;INTARIAN_PEPPER_ROOT;39041;10;39039;15;;;39055;12;39058;10;;;39048.0;0.0
26;52500;ASH_COATED_OSMIUM;9984;11;9982;10;;;10000;11;10003;11;;;9992.0;0.0
26;52500;INTARIAN_PEPPER_ROOT;39044;10;39043;10;;;39056;18;39058;11;;;39050.0;0.0
26;52600;ASH_COATED_OSMIUM;9990;24;9987;12;9985;15;10006;15;10009;14;10011;26;9998.5;0.0
26;52600;INTARIAN_PEPPER_ROOT;39046;8;39043;8;;;39058;20;39061;11;;;39052.0;0.0
26;52700;ASH_COATED_OSMIUM;9986;13;;;;;10002;10;;;;;9994.5;0.0
26;52700;INTARIAN_PEPPER_ROOT;39050;11;39048;9;39047;12;39058;11;39059;9;39062;10;39054.5;0.0
26;52800;ASH_COATED_OSMIUM;9993;12;9990;15;;;10009;10;10012;11;;;10001.0;0.0
26;52800;INTARIAN_PEPPER_ROOT;39044;10;;;;;39057;12;;;;;39051.0;0.0
26;52900;ASH_COATED_OSMIUM;9992;29;;;;;10008;15;;;;;10000.0;0.0
26;52900;INTARIAN_PEPPER_ROOT;39045;10;39042;10;39041;11;39059;11;39060;9;39061;25;39052.0;0.0
26;53000;ASH_COATED_OSMIUM;9993;24;9991;15;9988;13;10009;15;10010;14;10012;12;10001.5;0.0
26;53000;INTARIAN_PEPPER_ROOT;39046;8;;;;;39061;9;;;;;39053.5;0.0
26;53100;ASH_COATED_OSMIUM;9995;14;;;;;10011;12;;;;;10003.0;0.0
26;53100;INTARIAN_PEPPER_ROOT;39053;11;39052;8;;;39058;9;39060;9;;;39055.5;0.0
26;53200;ASH_COATED_OSMIUM;9994;15;9991;15;;;10012;30;10015;12;;;10003.5;0.0
26;53200;INTARIAN_PEPPER_ROOT;39051;10;39048;8;39046;10;39055;8;39056;9;39059;12;39053.5;0.0
26;53300;ASH_COATED_OSMIUM;9996;13;9994;12;9992;10;10012;13;10014;30;10017;29;10004.0;0.0
26;53300;INTARIAN_PEPPER_ROOT;39049;8;39048;12;;;39061;9;39063;12;;;39055.5;0.0
26;53400;ASH_COATED_OSMIUM;9997;28;9996;11;;;10013;24;10016;13;;;10005.5;0.0
26;53400;INTARIAN_PEPPER_ROOT;39045;10;39043;21;39040;11;39058;10;39060;10;39063;12;39052.0;0.0
26;53500;ASH_COATED_OSMIUM;9998;15;9995;14;9993;12;10014;14;10016;26;10017;13;10006.5;0.0
26;53500;INTARIAN_PEPPER_ROOT;39048;12;39046;10;;;39060;19;39061;15;;;39054.0;0.0
26;53600;ASH_COATED_OSMIUM;9992;11;;;;;10011;15;;;;;10001.5;0.0
26;53600;INTARIAN_PEPPER_ROOT;39044;9;39043;8;;;39062;10;39064;15;;;39053.5;0.0
26;53700;ASH_COATED_OSMIUM;9995;14;9994;5;9991;12;10011;13;10013;13;10014;10;10003.0;0.0
26;53700;INTARIAN_PEPPER_ROOT;39046;12;39043;10;;;39057;11;39059;8;;;39052.0;0.0
26;53800;ASH_COATED_OSMIUM;9994;14;9993;11;;;10012;23;10015;15;;;10003.5;0.0
26;53800;INTARIAN_PEPPER_ROOT;39043;12;39040;12;39038;10;39059;9;39062;10;39065;11;39051.0;0.0
26;53900;ASH_COATED_OSMIUM;9991;12;9988;13;;;10007;14;10010;6;;;9999.5;0.0
26;53900;INTARIAN_PEPPER_ROOT;39050;12;39048;9;39045;24;39062;12;39063;12;39065;10;39056.5;0.0
26;54000;ASH_COATED_OSMIUM;9986;10;9985;12;;;10004;14;10005;28;;;9995.5;0.0
26;54000;INTARIAN_PEPPER_ROOT;39049;23;39048;9;;;39061;20;39063;9;;;39055.5;0.0
26;54100;ASH_COATED_OSMIUM;9986;14;9985;14;;;10002;14;10003;15;;;9994.5;0.0
26;54100;INTARIAN_PEPPER_ROOT;39054;8;39051;11;39050;15;39056;8;39058;10;39060;8;39055.5;0.0
26;54200;ASH_COATED_OSMIUM;9987;11;;;;;10003;21;;;;;9995.0;0.0
26;54200;INTARIAN_PEPPER_ROOT;39049;20;39048;12;39046;10;39065;12;39067;9;39070;9;39057.5;0.0
26;54300;ASH_COATED_OSMIUM;9992;29;9991;11;;;10008;12;10011;12;;;10000.5;0.0
26;54300;INTARIAN_PEPPER_ROOT;39044;8;39042;8;;;39058;11;39060;9;;;39051.0;0.0
26;54400;ASH_COATED_OSMIUM;9989;13;9988;13;;;10006;10;10009;14;;;9997.5;0.0
26;54400;INTARIAN_PEPPER_ROOT;39048;18;39046;15;;;39061;9;39064;12;;;39055.0;0.0
26;54500;ASH_COATED_OSMIUM;9996;10;;;;;10012;10;;;;;10004.0;0.0
26;54500;INTARIAN_PEPPER_ROOT;39052;8;39049;9;;;39065;10;39067;11;;;39058.5;0.0
26;54600;ASH_COATED_OSMIUM;9991;15;9989;28;9988;12;10009;14;10012;12;10015;11;10000.5;0.0
26;54600;INTARIAN_PEPPER_ROOT;39051;10;39050;8;39049;11;39064;10;39066;8;39067;8;39057.5;0.0
26;54700;ASH_COATED_OSMIUM;9995;15;9992;11;9990;14;10014;10;10016;5;10017;14;10005.0;0.0
26;54700;INTARIAN_PEPPER_ROOT;39052;10;39050;19;39048;12;39054;8;39056;9;39057;8;39053.5;0.0
26;54800;ASH_COATED_OSMIUM;10003;10;10001;10;;;10019;11;10020;13;;;10011.0;0.0
26;54800;INTARIAN_PEPPER_ROOT;39046;12;39044;10;;;39057;11;39058;11;;;39051.5;0.0
26;54900;ASH_COATED_OSMIUM;10005;13;10002;14;;;10021;10;10024;12;;;10013.0;0.0
26;54900;INTARIAN_PEPPER_ROOT;39049;8;;;;;39060;12;;;;;39055.0;0.0
26;55000;ASH_COATED_OSMIUM;10003;12;10000;10;;;10019;29;10021;21;;;10011.0;0.0
26;55000;INTARIAN_PEPPER_ROOT;39055;12;;;;;39072;9;;;;;39063.5;0.0
26;55100;ASH_COATED_OSMIUM;10002;10;9999;29;9996;10;10013;10;10014;14;10017;15;10008.0;0.0
26;55100;INTARIAN_PEPPER_ROOT;39048;10;39045;9;39043;22;39061;8;39062;12;39064;8;39055.0;0.0
26;55200;ASH_COATED_OSMIUM;9996;12;;;;;10012;14;;;;;10004.5;0.0
26;55200;INTARIAN_PEPPER_ROOT;39048;9;39047;11;;;39059;9;39062;12;;;39053.5;0.0
26;55300;ASH_COATED_OSMIUM;9998;20;9996;14;;;10014;12;10016;15;;;10006.0;0.0
26;55300;INTARIAN_PEPPER_ROOT;39053;11;39050;25;;;39064;10;39066;10;;;39058.5;0.0
26;55400;ASH_COATED_OSMIUM;9993;15;9990;11;;;10009;22;10011;13;;;10001.5;0.0
26;55400;INTARIAN_PEPPER_ROOT;39048;17;39045;9;39042;8;39063;8;39065;9;39068;24;39055.5;0.0
26;55500;ASH_COATED_OSMIUM;9993;12;;;;;10011;21;;;;;10002.5;0.0
26;55500;INTARIAN_PEPPER_ROOT;39049;8;;;;;39064;10;;;;;39056.5;0.0
26;55600;ASH_COATED_OSMIUM;9995;14;9992;14;;;10004;11;10007;13;;;9999.5;0.0
26;55600;INTARIAN_PEPPER_ROOT;39047;9;;;;;39059;11;;;;;39053.5;0.0
26;55700;ASH_COATED_OSMIUM;9991;12;9990;23;;;10001;14;10003;12;;;9996.5;0.0
26;55700;INTARIAN_PEPPER_ROOT;39055;12;39054;8;39053;11;39067;11;39069;9;39070;10;39061.0;0.0
26;55800;ASH_COATED_OSMIUM;9991;11;9988;12;;;10007;13;10009;10;;;9999.0;0.0
26;55800;INTARIAN_PEPPER_ROOT;39046;10;39044;11;39041;15;39058;10;39059;12;39062;22;39052.5;0.0
26;55900;ASH_COATED_OSMIUM;10002;15;;;;;10018;11;;;;;10010.0;0.0
26;55900;INTARIAN_PEPPER_ROOT;39048;9;;;;;39061;8;;;;;39054.5;0.0
26;56000;ASH_COATED_OSMIUM;10004;27;;;;;10013;11;;;;;10009.0;0.0
26;56000;INTARIAN_PEPPER_ROOT;39055;21;39052;12;39051;11;39066;11;39069;8;39071;12;39060.5;0.0
26;56100;ASH_COATED_OSMIUM;9997;15;9994;11;9991;20;10016;13;10017;14;10020;11;10006.5;0.0
26;56100;INTARIAN_PEPPER_ROOT;39053;8;;;;;39067;21;;;;;39060.5;0.0
26;56200;ASH_COATED_OSMIUM;9994;10;9993;14;9990;10;10012;15;10014;13;10016;13;10003.0;0.0
26;56200;INTARIAN_PEPPER_ROOT;39052;10;;;;;39065;23;;;;;39059.0;0.0
26;56300;ASH_COATED_OSMIUM;10001;30;9998;15;9995;28;10017;15;10018;15;10019;11;10009.0;0.0
26;56300;INTARIAN_PEPPER_ROOT;39052;12;;;;;39063;8;;;;;39057.5;0.0
26;56400;ASH_COATED_OSMIUM;9997;13;9994;15;;;10013;15;10014;2;;;10005.5;0.0
26;56400;INTARIAN_PEPPER_ROOT;39045;21;39044;10;;;39065;11;39068;12;;;39055.5;0.0
26;56500;ASH_COATED_OSMIUM;9993;12;9991;13;;;10011;13;10012;12;;;10002.0;0.0
26;56500;INTARIAN_PEPPER_ROOT;39048;8;39045;12;39043;15;39061;18;39064;12;39067;9;39054.5;0.0
26;56600;ASH_COATED_OSMIUM;10000;10;9997;15;;;10006;8;10007;13;;;10003.5;0.0
26;56600;INTARIAN_PEPPER_ROOT;39050;8;39049;9;;;39065;9;39068;9;;;39058.0;0.0
26;56700;ASH_COATED_OSMIUM;9996;10;9994;14;9991;15;10012;22;10014;11;10016;10;10004.0;0.0
26;56700;INTARIAN_PEPPER_ROOT;39052;10;39050;15;39048;12;39066;10;39069;10;39072;25;39059.5;0.0
26;56800;ASH_COATED_OSMIUM;9988;30;;;;;10004;12;;;;;9996.0;0.0
26;56800;INTARIAN_PEPPER_ROOT;39051;11;39049;10;;;39064;8;39066;12;;;39058.0;0.0
26;56900;ASH_COATED_OSMIUM;9988;13;;;;;10009;12;;;;;9999.0;0.0
26;56900;INTARIAN_PEPPER_ROOT;39052;11;39049;11;;;39066;12;39068;22;;;39059.0;0.0
26;57000;ASH_COATED_OSMIUM;9986;14;9984;13;9981;11;10002;13;10003;12;10005;23;9994.5;0.0
26;57000;INTARIAN_PEPPER_ROOT;39052;24;39050;10;39049;9;39064;10;39065;11;39066;10;39058.5;0.0
26;57100;ASH_COATED_OSMIUM;9993;13;9992;11;;;10009;14;10011;15;;;10001.5;0.0
26;57100;INTARIAN_PEPPER_ROOT;39053;12;39052;12;39050;10;39067;8;39069;11;39070;25;39060.0;0.0
26;57200;ASH_COATED_OSMIUM;9996;15;9993;11;;;10012;13;10015;12;;;10004.5;0.0
26;57200;INTARIAN_PEPPER_ROOT;39048;10;;;;;39065;10;;;;;39057.0;0.0
26;57300;ASH_COATED_OSMIUM;9995;27;9994;12;;;10013;11;10016;15;;;10004.0;0.0
26;57300;INTARIAN_PEPPER_ROOT;39051;12;;;;;39064;10;;;;;39057.5;0.0
26;57400;ASH_COATED_OSMIUM;9994;13;;;;;10012;14;;;;;10003.0;0.0
26;57400;INTARIAN_PEPPER_ROOT;39049;11;39046;12;;;39062;8;39063;11;;;39056.0;0.0
26;57500;ASH_COATED_OSMIUM;9994;13;9993;11;;;10013;4;10016;11;;;10003.5;0.0
26;57500;INTARIAN_PEPPER_ROOT;39051;10;39048;17;;;39065;23;39067;12;;;39058.0;0.0
26;57600;ASH_COATED_OSMIUM;9997;14;9996;14;9995;12;10007;13;10009;14;10011;14;10002.0;0.0
26;57600;INTARIAN_PEPPER_ROOT;39050;8;39049;11;;;39062;24;39065;12;;;39056.0;0.0
26;57700;ASH_COATED_OSMIUM;9990;10;;;;;10006;12;;;;;9998.0;0.0
26;57700;INTARIAN_PEPPER_ROOT;39050;8;39049;9;39047;10;39063;10;39064;11;39066;12;39056.5;0.0
26;57800;ASH_COATED_OSMIUM;9991;10;;;;;10000;5;;;;;9995.5;0.0
26;57800;INTARIAN_PEPPER_ROOT;39051;17;39048;11;;;39064;9;39067;11;;;39057.5;0.0
26;57900;ASH_COATED_OSMIUM;9988;14;9987;11;;;10006;12;10008;12;;;9997.5;0.0
26;57900;INTARIAN_PEPPER_ROOT;39049;10;39046;8;39043;12;39066;18;39067;12;39068;10;39058.0;0.0
26;58000;ASH_COATED_OSMIUM;9991;6;9990;10;;;10007;10;10010;12;;;9999.0;0.0
26;58000;INTARIAN_PEPPER_ROOT;39052;18;39050;11;39047;23;39068;10;39071;8;39072;9;39060.0;0.0
26;58100;ASH_COATED_OSMIUM;9992;13;9991;12;;;10008;14;10010;13;;;10000.5;0.0
26;58100;INTARIAN_PEPPER_ROOT;39055;11;39053;9;39051;8;39068;9;39069;9;39070;10;39062.0;0.0
26;58200;ASH_COATED_OSMIUM;10001;24;9998;14;;;10017;11;10019;20;;;10009.5;0.0
26;58200;INTARIAN_PEPPER_ROOT;39052;11;39050;12;;;39065;8;39067;10;;;39059.0;0.0
26;58300;ASH_COATED_OSMIUM;10000;12;;;;;10018;30;;;;;10009.5;0.0
26;58300;INTARIAN_PEPPER_ROOT;39049;10;39048;3;39046;25;39061;16;39064;9;39067;10;39055.0;0.0
26;58400;ASH_COATED_OSMIUM;10000;14;9997;10;9996;14;10016;15;10019;12;10021;12;10008.0;0.0
26;58400;INTARIAN_PEPPER_ROOT;39047;9;39046;11;;;39061;12;39064;9;;;39054.0;0.0
26;58500;ASH_COATED_OSMIUM;9992;12;9990;10;9989;15;10011;12;10012;14;10013;13;10002.0;0.0
26;58500;INTARIAN_PEPPER_ROOT;39050;10;39049;25;;;39067;8;39070;11;;;39058.5;0.0
26;58600;ASH_COATED_OSMIUM;9991;12;9988;28;9985;15;10010;13;10012;11;10014;15;10000.5;0.0
26;58600;INTARIAN_PEPPER_ROOT;39049;15;;;;;39063;12;;;;;39056.0;0.0
26;58700;ASH_COATED_OSMIUM;9988;30;;;;;10004;10;;;;;9996.0;0.0
26;58700;INTARIAN_PEPPER_ROOT;39054;11;;;;;39066;8;;;;;39060.5;0.0
26;58800;ASH_COATED_OSMIUM;9979;12;9978;14;;;9998;10;9999;12;;;9988.5;0.0
26;58800;INTARIAN_PEPPER_ROOT;39055;10;;;;;39068;10;;;;;39062.0;0.0
26;58900;ASH_COATED_OSMIUM;9982;13;;;;;10001;12;;;;;9991.5;0.0
26;58900;INTARIAN_PEPPER_ROOT;39053;12;;;;;39066;12;;;;;39059.5;0.0
26;59000;ASH_COATED_OSMIUM;9992;13;9990;12;9987;2;9998;10;10000;11;10001;11;9995.0;0.0
26;59000;INTARIAN_PEPPER_ROOT;39053;9;39051;12;39049;8;39066;12;39069;12;39071;9;39059.5;0.0
26;59100;ASH_COATED_OSMIUM;9986;14;;;;;10005;26;;;;;9996.0;0.0
26;59100;INTARIAN_PEPPER_ROOT;39050;12;39047;12;39045;17;39067;24;39070;18;39072;8;39059.0;0.0
26;59200;ASH_COATED_OSMIUM;9986;15;9985;12;;;10004;11;10007;10;;;9995.0;0.0
26;59200;INTARIAN_PEPPER_ROOT;39055;12;39054;9;;;39066;10;39068;9;;;39060.5;0.0
26;59300;ASH_COATED_OSMIUM;9981;14;9978;4;9977;13;9997;11;9998;12;10001;11;9989.0;0.0
26;59300;INTARIAN_PEPPER_ROOT;39058;12;39055;8;;;39071;10;39074;10;;;39064.5;0.0
26;59400;ASH_COATED_OSMIUM;9976;15;;;;;9995;15;;;;;9986.0;0.0
26;59400;INTARIAN_PEPPER_ROOT;39055;10;39052;12;39051;11;39066;12;39069;8;39071;18;39060.5;0.0
26;59500;ASH_COATED_OSMIUM;9973;15;;;;;9989;10;;;;;9981.5;0.0
26;59500;INTARIAN_PEPPER_ROOT;39055;11;39052;8;39049;12;39068;8;39071;15;39073;18;39061.5;0.0
26;59600;ASH_COATED_OSMIUM;9982;15;9980;3;9978;6;9998;29;9999;13;10002;10;9990.0;0.0
26;59600;INTARIAN_PEPPER_ROOT;39051;9;39050;10;;;39063;12;39065;25;;;39057.0;0.0
26;59700;ASH_COATED_OSMIUM;9983;12;9980;10;;;9999;12;10002;13;;;9991.5;0.0
26;59700;INTARIAN_PEPPER_ROOT;39051;6;;;;;39066;7;;;;;39059.0;0.0
26;59800;ASH_COATED_OSMIUM;9985;25;9983;20;;;10001;24;10002;14;;;9993.5;0.0
26;59800;INTARIAN_PEPPER_ROOT;39053;9;39051;10;;;39065;8;39066;10;;;39059.5;0.0
26;59900;ASH_COATED_OSMIUM;9981;12;;;;;9997;15;;;;;9989.0;0.0
26;59900;INTARIAN_PEPPER_ROOT;39055;10;;;;;39068;11;;;;;39062.0;0.0
26;60000;ASH_COATED_OSMIUM;9988;15;9987;15;9985;12;10004;10;10005;11;10008;2;9996.5;0.0
26;60000;INTARIAN_PEPPER_ROOT;39052;11;;;;;39069;8;;;;;39061.0;0.0
26;60100;ASH_COATED_OSMIUM;9995;2;9994;15;;;10016;12;10018;12;;;10006.0;0.0
26;60100;INTARIAN_PEPPER_ROOT;39054;8;39053;12;;;39066;9;39067;9;;;39060.0;0.0
26;60200;ASH_COATED_OSMIUM;9995;15;9994;22;9993;10;10011;13;10012;15;10013;12;10003.5;0.0
26;60200;INTARIAN_PEPPER_ROOT;39052;8;39050;11;39049;9;39068;8;39070;11;39071;11;39060.0;0.0
26;60300;ASH_COATED_OSMIUM;9997;13;9996;13;;;10007;29;10008;13;;;10002.5;0.0
26;60300;INTARIAN_PEPPER_ROOT;39054;8;39051;10;;;39068;12;39069;6;;;39061.5;0.0
26;60400;ASH_COATED_OSMIUM;9990;24;9987;21;;;10006;15;10007;22;;;9998.0;0.0
26;60400;INTARIAN_PEPPER_ROOT;39052;11;39051;9;;;39066;11;39069;11;;;39059.0;0.0
26;60500;ASH_COATED_OSMIUM;9987;12;9984;13;;;10003;11;10005;20;;;9995.0;0.0
26;60500;INTARIAN_PEPPER_ROOT;39052;20;;;;;39065;11;;;;;39059.0;0.0
26;60600;ASH_COATED_OSMIUM;9984;12;9983;15;9980;10;10000;11;10003;10;10005;28;9992.0;0.0
26;60600;INTARIAN_PEPPER_ROOT;39056;9;39055;8;39052;12;39067;10;39068;12;39069;10;39062.0;0.0
26;60700;ASH_COATED_OSMIUM;9987;12;9984;11;;;10006;29;10009;30;;;9996.5;0.0
26;60700;INTARIAN_PEPPER_ROOT;39059;10;39057;8;;;39063;12;39065;8;;;39061.5;0.0
26;60800;ASH_COATED_OSMIUM;9989;12;;;;;9999;15;;;;;9994.5;0.0
26;60800;INTARIAN_PEPPER_ROOT;39056;10;39053;11;39050;12;39068;9;39069;10;39072;8;39062.0;0.0
26;60900;ASH_COATED_OSMIUM;9991;13;;;;;9997;10;;;;;9994.0;0.0
26;60900;INTARIAN_PEPPER_ROOT;39050;19;;;;;39064;23;;;;;39057.5;0.0
26;61000;ASH_COATED_OSMIUM;9991;12;;;;;10007;10;;;;;9999.0;0.0
26;61000;INTARIAN_PEPPER_ROOT;39057;15;39055;8;;;39066;12;39068;12;;;39061.5;0.0
26;61100;ASH_COATED_OSMIUM;9995;14;9994;12;;;10011;10;10012;12;;;10003.0;0.0
26;61100;INTARIAN_PEPPER_ROOT;39049;17;;;;;39062;8;;;;;39056.0;0.0
26;61200;ASH_COATED_OSMIUM;9992;14;;;;;10008;14;;;;;10000.0;0.0
26;61200;INTARIAN_PEPPER_ROOT;39057;10;;;;;39073;12;;;;;39065.0;0.0
26;61300;ASH_COATED_OSMIUM;9988;11;;;;;10009;15;;;;;9999.0;0.0
26;61300;INTARIAN_PEPPER_ROOT;39055;9;;;;;39070;25;;;;;39062.5;0.0
26;61400;ASH_COATED_OSMIUM;9987;14;;;;;10003;14;;;;;9995.5;0.0
26;61400;INTARIAN_PEPPER_ROOT;39055;11;39054;12;39053;9;39072;9;39073;11;39075;11;39063.5;0.0
26;61500;ASH_COATED_OSMIUM;9995;11;;;;;10003;14;;;;;9999.5;0.0
26;61500;INTARIAN_PEPPER_ROOT;39058;21;;;;;39068;8;;;;;39063.5;0.0
26;61600;ASH_COATED_OSMIUM;10002;15;;;;;10018;13;;;;;10010.0;0.0
26;61600;INTARIAN_PEPPER_ROOT;39050;15;39049;10;;;39065;12;39067;10;;;39057.5;0.0
26;61700;ASH_COATED_OSMIUM;10003;14;10002;12;10001;27;10022;25;10024;27;10025;13;10012.5;0.0
26;61700;INTARIAN_PEPPER_ROOT;39060;16;39059;8;39057;8;39071;8;39073;20;39076;12;39065.5;0.0
26;61800;ASH_COATED_OSMIUM;10003;12;;;;;10019;13;;;;;10011.5;0.0
26;61800;INTARIAN_PEPPER_ROOT;39053;9;39051;21;;;39065;16;39067;11;;;39059.5;0.0
26;61900;ASH_COATED_OSMIUM;9994;15;9992;12;;;10013;13;10014;12;;;10003.5;0.0
26;61900;INTARIAN_PEPPER_ROOT;39055;12;39054;9;39051;6;39067;21;39068;8;39069;10;39061.5;0.0
26;62000;ASH_COATED_OSMIUM;9994;14;9992;14;;;10012;25;10015;15;;;10003.0;0.0
26;62000;INTARIAN_PEPPER_ROOT;39052;12;39050;10;;;39066;12;39069;8;;;39059.0;0.0
26;62100;ASH_COATED_OSMIUM;9996;10;9993;10;;;10012;11;10013;10;;;10004.0;0.0
26;62100;INTARIAN_PEPPER_ROOT;39052;8;;;;;39065;11;;;;;39059.0;0.0
26;62200;ASH_COATED_OSMIUM;9997;27;9994;8;;;10015;13;10017;14;;;10006.5;0.0
26;62200;INTARIAN_PEPPER_ROOT;39056;12;;;;;39069;22;;;;;39062.5;0.0
26;62300;ASH_COATED_OSMIUM;10000;14;9999;11;;;10018;15;10020;15;;;10009.0;0.0
26;62300;INTARIAN_PEPPER_ROOT;39055;10;39052;11;39051;10;39072;24;39074;9;39076;18;39063.5;0.0
26;62400;ASH_COATED_OSMIUM;9997;14;9996;15;;;10013;14;10015;14;;;10005.5;0.0
26;62400;INTARIAN_PEPPER_ROOT;39057;12;39054;12;;;39071;9;39073;9;;;39064.5;0.0
26;62500;ASH_COATED_OSMIUM;9996;11;9993;12;;;10012;22;10013;13;;;10004.0;0.0
26;62500;INTARIAN_PEPPER_ROOT;39055;11;39053;12;;;39067;17;39069;11;;;39061.5;0.0
26;62600;ASH_COATED_OSMIUM;9992;11;9989;15;;;10008;4;10010;13;;;10000.0;0.0
26;62600;INTARIAN_PEPPER_ROOT;39055;18;;;;;39070;7;;;;;39063.0;0.0
26;62700;ASH_COATED_OSMIUM;9995;12;9992;11;;;10011;14;10012;15;;;10003.0;0.0
26;62700;INTARIAN_PEPPER_ROOT;39053;19;;;;;39068;17;;;;;39061.0;0.0
26;62800;ASH_COATED_OSMIUM;9992;11;;;;;10008;14;;;;;10000.5;0.0
26;62800;INTARIAN_PEPPER_ROOT;39057;10;;;;;39070;10;;;;;39064.0;0.0
26;62900;ASH_COATED_OSMIUM;9997;12;;;;;10013;12;;;;;10005.0;0.0
26;62900;INTARIAN_PEPPER_ROOT;39057;24;39055;10;;;39071;12;39072;10;;;39064.5;0.0
26;63000;ASH_COATED_OSMIUM;9988;28;9986;14;;;10004;24;10006;10;;;9996.5;0.0
26;63000;INTARIAN_PEPPER_ROOT;39055;18;;;;;39071;18;;;;;39063.5;0.0
26;63100;ASH_COATED_OSMIUM;9986;30;9984;11;;;10002;27;10004;14;;;9994.0;0.0
26;63100;INTARIAN_PEPPER_ROOT;39056;10;;;;;39067;18;;;;;39061.5;0.0
26;63200;ASH_COATED_OSMIUM;9985;15;;;;;10001;12;;;;;9993.0;0.0
26;63200;INTARIAN_PEPPER_ROOT;39058;9;;;;;39073;9;;;;;39065.5;0.0
26;63300;ASH_COATED_OSMIUM;9988;20;9987;10;9984;12;10004;29;10007;11;10010;29;9996.5;0.0
26;63300;INTARIAN_PEPPER_ROOT;39059;10;39056;16;39053;8;39072;8;39074;11;39077;15;39066.0;0.0
26;63400;ASH_COATED_OSMIUM;9990;13;9987;15;9984;13;10006;12;10007;15;10010;25;9998.5;0.0
26;63400;INTARIAN_PEPPER_ROOT;39052;22;39050;9;39047;11;39065;9;39068;11;39071;10;39059.0;0.0
26;63500;ASH_COATED_OSMIUM;9988;12;9987;12;;;10006;11;10007;12;;;9997.0;0.0
26;63500;INTARIAN_PEPPER_ROOT;39055;10;39052;11;;;39069;9;39071;11;;;39062.5;0.0
26;63600;ASH_COATED_OSMIUM;9993;13;9992;15;9990;23;10009;14;10012;5;10015;14;10001.0;0.0
26;63600;INTARIAN_PEPPER_ROOT;39058;12;39056;9;;;39069;9;39072;10;;;39063.5;0.0
26;63700;ASH_COATED_OSMIUM;9988;10;;;;;10004;15;;;;;9996.0;0.0
26;63700;INTARIAN_PEPPER_ROOT;39058;11;39056;10;;;39070;7;39072;9;;;39064.0;0.0
26;63800;ASH_COATED_OSMIUM;9986;11;9985;27;9982;12;10002;14;10004;13;10007;28;9994.5;0.0
26;63800;INTARIAN_PEPPER_ROOT;39057;9;;;;;39069;11;;;;;39063.0;0.0
26;63900;ASH_COATED_OSMIUM;9988;11;9985;10;;;10006;27;10009;11;;;9997.0;0.0
26;63900;INTARIAN_PEPPER_ROOT;39059;8;;;;;39071;12;;;;;39065.5;0.0
26;64000;ASH_COATED_OSMIUM;9985;12;;;;;10001;10;;;;;9993.0;0.0
26;64000;INTARIAN_PEPPER_ROOT;39057;8;39054;8;;;39076;5;39077;9;;;39067.0;0.0
26;64100;ASH_COATED_OSMIUM;9991;22;9989;10;;;10007;10;10010;14;;;9999.0;0.0
26;64100;INTARIAN_PEPPER_ROOT;39061;8;;;;;39073;12;;;;;39067.5;0.0
26;64200;ASH_COATED_OSMIUM;9991;15;9988;13;9986;13;10009;10;10012;13;10015;14;10000.0;0.0
