day;timestamp;product;bid_price_1;bid_volume_1;bid_price_2;bid_volume_2;bid_price_3;bid_volume_3;ask_price_1;ask_volume_1;ask_price_2;ask_volume_2;ask_price_3;ask_volume_3;mid_price;profit_and_loss
33;0;ASH_COATED_OSMIUM;9978;10;9977;14;9974;21;9994;10;9996;11;9998;10;9986.0;0.0
33;0;INTARIAN_PEPPER_ROOT;45994;10;;;;;46007;15;;;;;46000.5;0.0
33;100;ASH_COATED_OSMIUM;9984;15;;;;;10000;10;;;;;9992.0;0.0
33;100;INTARIAN_PEPPER_ROOT;45996;8;45993;12;;;46008;9;46010;10;;;46002.0;0.0
33;200;ASH_COATED_OSMIUM;9985;10;9984;14;;;10001;12;10002;14;;;9993.0;0.0
33;200;INTARIAN_PEPPER_ROOT;45994;10;;;;;46005;10;;;;;46000.0;0.0
33;300;ASH_COATED_OSMIUM;9987;27;9985;10;;;10003;14;10006;7;;;9995.0;0.0
33;300;INTARIAN_PEPPER_ROOT;45996;9;45994;11;45991;9;46007;12;46010;11;46011;11;46001.5;0.0
33;400;ASH_COATED_OSMIUM;9987;10;9984;13;9981;11;10005;11;10007;10;10009;15;9996.0;0.0
33;400;INTARIAN_PEPPER_ROOT;45992;10;45991;10;;;46004;11;46005;20;;;45998.5;0.0
33;500;ASH_COATED_OSMIUM;9987;2;;;;;10005;26;;;;;9996.5;0.0
33;500;INTARIAN_PEPPER_ROOT;45991;23;;;;;46003;8;;;;;45997.0;0.0
33;600;ASH_COATED_OSMIUM;9983;13;9980;14;;;10001;13;10003;10;;;9992.0;0.0
33;600;INTARIAN_PEPPER_ROOT;45996;8;45995;10;;;46008;10;46011;10;;;46002.0;0.0
33;700;ASH_COATED_OSMIUM;9989;12;9988;15;;;10005;11;10007;15;;;9997.5;0.0
33;700;INTARIAN_PEPPER_ROOT;45993;9;45992;10;;;46004;8;46005;8;;;45999.0;0.0
33;800;ASH_COATED_OSMIUM;9988;10;9985;20;9982;13;10004;11;10005;28;10008;14;9996.0;0.0
33;800;INTARIAN_PEPPER_ROOT;45997;11;;;;;46012;24;;;;;46004.5;0.0
33;900;ASH_COATED_OSMIUM;9991;14;;;;;10007;28;;;;;9999.5;0.0
33;900;INTARIAN_PEPPER_ROOT;45992;8;45991;9;45988;10;46004;11;46005;10;46008;11;45998.0;0.0
33;1000;ASH_COATED_OSMIUM;9993;15;;;;;10009;14;;;;;10001.5;0.0
33;1000;INTARIAN_PEPPER_ROOT;45994;8;;;;;46006;8;;;;;46000.5;0.0
33;1100;ASH_COATED_OSMIUM;9990;14;9988;11;9986;15;10009;10;10010;26;10011;13;10000.0;0.0
33;1100;INTARIAN_PEPPER_ROOT;46000;10;45998;12;;;46002;20;46004;15;;;46001.0;0.0
33;1200;ASH_COATED_OSMIUM;9994;14;9991;12;;;10013;15;10014;10;;;10003.5;0.0
33;1200;INTARIAN_PEPPER_ROOT;45994;23;45993;12;;;46009;21;46010;11;;;46001.5;0.0
33;1300;ASH_COATED_OSMIUM;9993;15;9992;14;;;10009;10;10012;14;;;10001.0;0.0
33;1300;INTARIAN_PEPPER_ROOT;45995;9;;;;;46008;12;;;;;46001.5;0.0
33;1400;ASH_COATED_OSMIUM;9992;13;9990;14;;;10008;12;10010;15;;;10000.0;0.0
33;1400;INTARIAN_PEPPER_ROOT;45991;12;45988;10;;;46003;24;46006;18;;;45997.0;0.0
33;1500;ASH_COATED_OSMIUM;9994;15;9993;12;;;10010;21;10012;12;;;10002.0;0.0
33;1500;INTARIAN_PEPPER_ROOT;45992;9;45991;22;45989;8;46006;10;46008;9;46009;11;45999.5;0.0
33;1600;ASH_COATED_OSMIUM;9998;15;;;;;10010;13;;;;;10004.0;0.0
33;1600;INTARIAN_PEPPER_ROOT;45997;9;;;;;46009;10;;;;;46003.0;0.0
33;1700;ASH_COATED_OSMIUM;9999;2;9998;11;;;10015;12;10018;13;;;10007.0;0.0
33;1700;INTARIAN_PEPPER_ROOT;45993;10;45992;10;;;46006;12;46008;10;;;45999.5;0.0
33;1800;ASH_COATED_OSMIUM;9997;13;;;;;10008;11;;;;;10003.0;0.0
33;1800;INTARIAN_PEPPER_ROOT;45997;9;45995;16;45993;8;46001;9;46003;12;46004;11;45999.5;0.0
33;1900;ASH_COATED_OSMIUM;9990;5;9988;11;;;10006;26;10009;14;;;9998.5;0.0
33;1900;INTARIAN_PEPPER_ROOT;45996;8;45994;11;45991;10;46011;12;46012;12;46014;18;46003.5;0.0
33;2000;ASH_COATED_OSMIUM;9994;10;;;;;10010;28;;;;;10002.5;0.0
33;2000;INTARIAN_PEPPER_ROOT;45997;3;45994;10;;;46014;9;46015;11;;;46005.5;0.0
33;2100;ASH_COATED_OSMIUM;9993;15;9992;23;;;10009;11;10010;12;;;10001.0;0.0
33;2100;INTARIAN_PEPPER_ROOT;45993;25;45991;11;45990;11;46009;8;46011;8;46012;12;46001.0;0.0
33;2200;ASH_COATED_OSMIUM;9995;13;9993;10;;;10011;11;10013;12;;;10003.5;0.0
33;2200;INTARIAN_PEPPER_ROOT;45994;12;;;;;46007;10;;;;;46001.0;0.0
33;2300;ASH_COATED_OSMIUM;9995;15;;;;;10013;14;;;;;10004.0;0.0
33;2300;INTARIAN_PEPPER_ROOT;45992;12;;;;;46008;12;;;;;46000.5;0.0
33;2400;ASH_COATED_OSMIUM;9993;13;9990;14;;;10011;15;10012;20;;;10002.5;0.0
33;2400;INTARIAN_PEPPER_ROOT;45993;25;45992;11;;;46006;9;46007;12;;;46000.0;0.0
33;2500;ASH_COATED_OSMIUM;9994;15;9992;12;;;10010;15;10012;23;;;10002.0;0.0
33;2500;INTARIAN_PEPPER_ROOT;45997;9;45996;8;;;46010;12;46013;8;;;46003.5;0.0
33;2600;ASH_COATED_OSMIUM;10004;13;;;;;10020;27;;;;;10012.0;0.0
33;2600;INTARIAN_PEPPER_ROOT;46000;12;45997;12;;;46015;24;46016;11;;;46008.0;0.0
33;2700;ASH_COATED_OSMIUM;10001;13;10000;11;;;10017;10;10018;15;;;10009.0;0.0
33;2700;INTARIAN_PEPPER_ROOT;45997;12;45995;9;;;46012;11;46015;12;;;46004.5;0.0
33;2800;ASH_COATED_OSMIUM;10000;14;9998;10;9995;11;10016;10;10017;13;10019;21;10008.0;0.0
33;2800;INTARIAN_PEPPER_ROOT;45995;12;45994;19;;;46011;12;46013;10;;;46003.0;0.0
33;2900;ASH_COATED_OSMIUM;9995;14;;;;;10011;12;;;;;10003.5;0.0
33;2900;INTARIAN_PEPPER_ROOT;45996;9;45993;24;45990;25;46011;25;46014;23;46016;12;46004.0;0.0
33;3000;ASH_COATED_OSMIUM;9992;14;9991;10;;;10008;13;10011;10;;;10000.5;0.0
33;3000;INTARIAN_PEPPER_ROOT;45996;21;45995;12;45993;11;46009;19;46012;9;46015;9;46003.0;0.0
33;3100;ASH_COATED_OSMIUM;9986;12;9983;10;9981;11;10002;10;10004;10;10007;22;9994.5;0.0
33;3100;INTARIAN_PEPPER_ROOT;45998;19;;;;;46013;8;;;;;46005.5;0.0
33;3200;ASH_COATED_OSMIUM;9985;14;;;;;10001;14;;;;;9993.0;0.0
33;3200;INTARIAN_PEPPER_ROOT;45992;8;45991;23;;;46006;8;46008;12;;;45999.5;0.0
33;3300;ASH_COATED_OSMIUM;9988;14;9985;30;;;10004;10;10005;15;;;9996.0;0.0
33;3300;INTARIAN_PEPPER_ROOT;45996;12;45993;8;45990;12;46008;21;46010;11;46012;10;46002.5;0.0
33;3400;ASH_COATED_OSMIUM;9994;11;9993;13;9991;12;10010;10;10013;12;10015;14;10002.0;0.0
33;3400;INTARIAN_PEPPER_ROOT;45994;11;45993;11;45991;12;46008;10;46011;9;46014;10;46001.5;0.0
33;3500;ASH_COATED_OSMIUM;9996;15;9994;3;;;10012;14;10013;15;;;10004.5;0.0
33;3500;INTARIAN_PEPPER_ROOT;46001;9;46000;12;45999;11;46014;12;46015;11;46016;20;46007.5;0.0
33;3600;ASH_COATED_OSMIUM;9994;30;9993;4;9990;12;10010;30;10012;12;10013;10;10002.5;0.0
33;3600;INTARIAN_PEPPER_ROOT;45994;8;45993;23;45992;11;46007;8;46010;12;46011;9;46000.5;0.0
33;3700;ASH_COATED_OSMIUM;9995;14;;;;;10011;14;;;;;10003.0;0.0
33;3700;INTARIAN_PEPPER_ROOT;45999;8;45998;9;45996;8;46012;10;46014;9;46016;11;46005.5;0.0
33;3800;ASH_COATED_OSMIUM;9994;15;;;;;10013;11;;;;;10004.0;0.0
33;3800;INTARIAN_PEPPER_ROOT;45990;8;45988;12;;;46008;16;46010;10;;;45999.0;0.0
33;3900;ASH_COATED_OSMIUM;9995;10;9994;13;;;10011;20;10012;14;;;10003.5;0.0
33;3900;INTARIAN_PEPPER_ROOT;45998;8;45995;21;;;46014;9;46015;11;;;46006.0;0.0
33;4000;ASH_COATED_OSMIUM;9993;15;;;;;10009;13;;;;;10001.5;0.0
33;4000;INTARIAN_PEPPER_ROOT;45999;8;;;;;46011;11;;;;;46005.0;0.0
33;4100;ASH_COATED_OSMIUM;9985;14;;;;;10001;15;;;;;9993.5;0.0
33;4100;INTARIAN_PEPPER_ROOT;45999;8;45996;9;;;46013;8;46016;9;;;46006.0;0.0
33;4200;ASH_COATED_OSMIUM;9983;27;9981;15;;;9999;14;10001;20;;;9991.5;0.0
33;4200;INTARIAN_PEPPER_ROOT;46004;12;46001;11;;;46015;9;46017;21;;;46009.5;0.0
33;4300;ASH_COATED_OSMIUM;9981;11;9980;12;;;10000;15;10002;14;;;9991.0;0.0
33;4300;INTARIAN_PEPPER_ROOT;46000;10;;;;;46013;10;;;;;46007.0;0.0
33;4400;ASH_COATED_OSMIUM;9989;11;;;;;10005;10;;;;;9997.0;0.0
33;4400;INTARIAN_PEPPER_ROOT;46001;11;46000;12;45998;17;46013;11;46014;8;46015;16;46007.0;0.0
33;4500;ASH_COATED_OSMIUM;9990;12;9988;12;;;10006;14;10008;15;;;9998.0;0.0
33;4500;INTARIAN_PEPPER_ROOT;45998;23;;;;;46010;8;;;;;46004.5;0.0
33;4600;ASH_COATED_OSMIUM;9992;13;9989;11;9988;10;10010;12;10013;12;10014;13;10001.5;0.0
33;4600;INTARIAN_PEPPER_ROOT;46000;11;;;;;46012;10;;;;;46006.5;0.0
33;4700;ASH_COATED_OSMIUM;9982;13;9981;12;;;9998;14;9999;5;;;9990.0;0.0
33;4700;INTARIAN_PEPPER_ROOT;45995;8;45993;20;;;46008;11;46009;9;;;46002.0;0.0
33;4800;ASH_COATED_OSMIUM;9985;10;9982;21;9981;14;10001;11;10003;13;10005;14;9993.0;0.0
33;4800;INTARIAN_PEPPER_ROOT;45995;8;;;;;46012;11;;;;;46003.5;0.0
33;4900;ASH_COATED_OSMIUM;9987;27;9984;23;9982;23;10003;15;10006;22;10009;14;9995.0;0.0
33;4900;INTARIAN_PEPPER_ROOT;46001;8;;;;;46017;11;;;;;46009.5;0.0
33;5000;ASH_COATED_OSMIUM;9985;30;9983;13;;;10001;12;10002;27;;;9993.5;0.0
33;5000;INTARIAN_PEPPER_ROOT;46000;8;45997;9;45995;11;46012;24;46014;12;46016;10;46006.5;0.0
33;5100;ASH_COATED_OSMIUM;9983;10;9982;10;;;9999;11;10000;20;;;9991.5;0.0
33;5100;INTARIAN_PEPPER_ROOT;46000;12;45997;11;45994;10;46016;25;46019;9;46021;8;46008.5;0.0
33;5200;ASH_COATED_OSMIUM;9982;13;;;;;9998;10;;;;;9990.0;0.0
33;5200;INTARIAN_PEPPER_ROOT;46003;22;46002;11;45999;8;46017;21;46019;11;46021;23;46010.5;0.0
33;5300;ASH_COATED_OSMIUM;9984;14;;;;;10000;15;;;;;9992.0;0.0
33;5300;INTARIAN_PEPPER_ROOT;46001;12;;;;;46013;10;;;;;46007.5;0.0
33;5400;ASH_COATED_OSMIUM;9983;14;9981;14;9978;13;9999;13;10002;30;10003;10;9991.5;0.0
33;5400;INTARIAN_PEPPER_ROOT;45997;8;45994;9;;;46008;8;46010;18;;;46002.5;0.0
33;5500;ASH_COATED_OSMIUM;9990;11;9987;10;;;10008;12;10009;11;;;9999.5;0.0
33;5500;INTARIAN_PEPPER_ROOT;45999;12;45997;8;;;46014;19;46015;9;;;46007.0;0.0
33;5600;ASH_COATED_OSMIUM;9996;2;9994;12;;;10012;10;10013;13;;;10004.5;0.0
33;5600;INTARIAN_PEPPER_ROOT;45993;8;45992;8;;;46007;21;46010;8;;;46000.0;0.0
33;5700;ASH_COATED_OSMIUM;9995;13;9992;12;;;10013;12;10016;29;;;10004.0;0.0
33;5700;INTARIAN_PEPPER_ROOT;46000;9;45999;12;45997;9;46013;8;46016;12;46019;10;46007.0;0.0
33;5800;ASH_COATED_OSMIUM;9991;25;9990;11;9987;12;10007;14;10010;15;10011;23;9999.0;0.0
33;5800;INTARIAN_PEPPER_ROOT;46001;21;46000;9;45999;11;46014;12;46017;10;46019;12;46007.5;0.0
33;5900;ASH_COATED_OSMIUM;9988;12;;;;;10004;15;;;;;9996.5;0.0
33;5900;INTARIAN_PEPPER_ROOT;45996;8;45995;8;;;46013;11;46014;10;;;46005.0;0.0
33;6000;ASH_COATED_OSMIUM;9993;14;9990;12;;;10009;11;10012;15;;;10001.0;0.0
33;6000;INTARIAN_PEPPER_ROOT;46002;17;46001;8;;;46014;11;46015;11;;;46008.0;0.0
33;6100;ASH_COATED_OSMIUM;9993;14;9990;23;9989;3;10009;10;10010;26;10012;11;10001.5;0.0
33;6100;INTARIAN_PEPPER_ROOT;45996;24;;;;;46010;11;;;;;46003.5;0.0
33;6200;ASH_COATED_OSMIUM;9991;11;9990;10;9988;12;10007;25;10008;10;10011;14;9999.0;0.0
33;6200;INTARIAN_PEPPER_ROOT;45998;12;45997;11;;;46013;10;46016;22;;;46006.0;0.0
33;6300;ASH_COATED_OSMIUM;9989;9;;;;;10002;20;;;;;9995.5;0.0
33;6300;INTARIAN_PEPPER_ROOT;45996;24;45995;12;;;46009;17;46012;11;;;46003.0;0.0
33;6400;ASH_COATED_OSMIUM;9991;12;9990;11;;;10007;10;10009;13;;;9999.0;0.0
33;6400;INTARIAN_PEPPER_ROOT;45999;8;;;;;46013;8;;;;;46006.5;0.0
33;6500;ASH_COATED_OSMIUM;9988;26;9987;15;;;10004;14;10006;15;;;9996.5;0.0
33;6500;INTARIAN_PEPPER_ROOT;46002;10;46000;9;;;46013;10;46014;8;;;46007.5;0.0
33;6600;ASH_COATED_OSMIUM;9987;14;9984;14;;;10003;11;10004;3;;;9995.0;0.0
33;6600;INTARIAN_PEPPER_ROOT;45999;10;45998;8;;;46017;11;46018;9;;;46008.5;0.0
33;6700;ASH_COATED_OSMIUM;9987;14;;;;;10003;13;;;;;9995.0;0.0
33;6700;INTARIAN_PEPPER_ROOT;45998;10;;;;;46011;10;;;;;46004.5;0.0
33;6800;ASH_COATED_OSMIUM;9983;11;9980;14;;;9996;21;9998;10;;;9990.0;0.0
33;6800;INTARIAN_PEPPER_ROOT;45997;9;45994;11;;;46014;9;46016;9;;;46006.0;0.0
33;6900;ASH_COATED_OSMIUM;9982;11;;;;;9998;26;;;;;9990.0;0.0
33;6900;INTARIAN_PEPPER_ROOT;45998;9;45995;11;45994;12;46012;11;46014;12;46015;8;46005.5;0.0
33;7000;ASH_COATED_OSMIUM;9982;14;;;;;9998;10;;;;;9990.0;0.0
33;7000;INTARIAN_PEPPER_ROOT;45999;10;;;;;46012;12;;;;;46006.0;0.0
33;7100;ASH_COATED_OSMIUM;9982;23;9980;13;9978;5;9998;13;10000;11;10001;15;9990.5;0.0
33;7100;INTARIAN_PEPPER_ROOT;46001;16;45998;11;;;46013;9;46015;11;;;46007.5;0.0
33;7200;ASH_COATED_OSMIUM;9984;12;9981;11;9979;12;10003;15;10004;13;10007;11;9993.5;0.0
33;7200;INTARIAN_PEPPER_ROOT;46003;12;;;;;46016;16;;;;;46010.0;0.0
33;7300;ASH_COATED_OSMIUM;9987;14;;;;;10003;3;;;;;9995.0;0.0
33;7300;INTARIAN_PEPPER_ROOT;46001;10;45999;10;;;46013;12;46015;10;;;46007.5;0.0
33;7400;ASH_COATED_OSMIUM;9986;10;9985;24;;;10002;14;10004;24;;;9994.0;0.0
33;7400;INTARIAN_PEPPER_ROOT;46004;9;46001;15;46000;24;46015;8;46018;9;46021;11;46009.5;0.0
33;7500;ASH_COATED_OSMIUM;9984;11;9983;13;9981;14;10000;12;10002;23;10005;12;9992.5;0.0
33;7500;INTARIAN_PEPPER_ROOT;46002;8;46001;11;;;46019;8;46020;12;;;46010.5;0.0
33;7600;ASH_COATED_OSMIUM;9988;10;9986;15;9985;12;10004;25;10005;14;10006;15;9996.0;0.0
33;7600;INTARIAN_PEPPER_ROOT;46002;8;46001;10;;;46019;11;46020;12;;;46010.5;0.0
33;7700;ASH_COATED_OSMIUM;9986;10;;;;;10005;15;;;;;9996.0;0.0
33;7700;INTARIAN_PEPPER_ROOT;45997;8;45995;8;;;46013;9;46016;8;;;46005.0;0.0
33;7800;ASH_COATED_OSMIUM;9989;11;9987;10;;;10007;11;10008;15;;;9998.0;0.0
33;7800;INTARIAN_PEPPER_ROOT;46005;11;46003;12;;;46017;11;46018;8;;;46011.5;0.0
33;7900;ASH_COATED_OSMIUM;9992;12;9991;15;9989;11;10008;12;10010;15;10012;10;10000.5;0.0
33;7900;INTARIAN_PEPPER_ROOT;46003;10;46001;8;45998;10;46017;9;46020;17;46023;10;46010.0;0.0
33;8000;ASH_COATED_OSMIUM;9991;13;9989;12;;;10007;14;10010;11;;;9999.5;0.0
33;8000;INTARIAN_PEPPER_ROOT;46003;12;46002;12;;;46017;3;46020;8;;;46010.0;0.0
33;8100;ASH_COATED_OSMIUM;9989;25;9988;10;;;10005;10;10007;11;;;9997.0;0.0
33;8100;INTARIAN_PEPPER_ROOT;45999;11;45998;12;;;46013;20;46016;12;;;46006.5;0.0
33;8200;ASH_COATED_OSMIUM;9986;15;9984;10;;;10002;15;10003;26;;;9994.5;0.0
33;8200;INTARIAN_PEPPER_ROOT;45999;9;;;;;46016;12;;;;;46008.0;0.0
33;8300;ASH_COATED_OSMIUM;9984;15;;;;;10000;10;;;;;9992.5;0.0
33;8300;INTARIAN_PEPPER_ROOT;45997;25;45995;11;;;46011;11;46012;11;;;46004.0;0.0
33;8400;ASH_COATED_OSMIUM;9988;27;9986;27;;;10004;12;10006;13;;;9996.0;0.0
33;8400;INTARIAN_PEPPER_ROOT;45998;12;45996;8;;;46011;8;46012;9;;;46005.0;0.0
33;8500;ASH_COATED_OSMIUM;9993;11;9990;14;9989;13;10009;13;10012;29;10013;13;10001.0;0.0
33;8500;INTARIAN_PEPPER_ROOT;46006;10;;;;;46018;8;;;;;46012.5;0.0
33;8600;ASH_COATED_OSMIUM;9992;12;;;;;10013;15;;;;;10003.0;0.0
33;8600;INTARIAN_PEPPER_ROOT;46001;19;45998;25;;;46018;12;46019;19;;;46009.5;0.0
33;8700;ASH_COATED_OSMIUM;9991;14;9990;12;9987;12;10012;11;10013;10;10016;11;10002.0;0.0
33;8700;INTARIAN_PEPPER_ROOT;45999;12;45996;11;;;46011;9;46012;7;;;46005.5;0.0
33;8800;ASH_COATED_OSMIUM;9996;26;9994;11;9993;15;10014;12;10017;13;10019;14;10005.5;0.0
33;8800;INTARIAN_PEPPER_ROOT;46000;8;45998;9;;;46014;8;46015;10;;;46007.0;0.0
33;8900;ASH_COATED_OSMIUM;9994;12;9993;24;9990;10;10012;15;10014;8;10017;13;10003.5;0.0
33;8900;INTARIAN_PEPPER_ROOT;46004;11;46001;8;;;46017;11;46019;12;;;46011.0;0.0
33;9000;ASH_COATED_OSMIUM;9998;12;9997;11;9994;12;10004;15;10005;15;10008;14;10001.0;0.0
33;9000;INTARIAN_PEPPER_ROOT;45999;21;45997;8;45994;3;46013;23;46016;10;46017;9;46006.0;0.0
33;9100;ASH_COATED_OSMIUM;9999;12;;;;;10004;10;;;;;10002.0;0.0
33;9100;INTARIAN_PEPPER_ROOT;46000;10;45997;10;;;46014;9;46017;11;;;46007.5;0.0
33;9200;ASH_COATED_OSMIUM;9995;12;9993;22;;;10011;26;10012;26;;;10003.5;0.0
33;9200;INTARIAN_PEPPER_ROOT;46000;10;;;;;46012;12;;;;;46006.0;0.0
33;9300;ASH_COATED_OSMIUM;9995;10;9992;9;9989;10;10011;13;10014;30;10015;15;10003.0;0.0
33;9300;INTARIAN_PEPPER_ROOT;46007;12;;;;;46020;9;;;;;46013.5;0.0
33;9400;ASH_COATED_OSMIUM;10001;14;9998;12;;;10017;13;10019;15;;;10009.5;0.0
33;9400;INTARIAN_PEPPER_ROOT;46003;10;46000;9;45997;11;46017;11;46018;16;46020;10;46010.5;0.0
33;9500;ASH_COATED_OSMIUM;9995;14;9993;14;;;10011;10;10012;15;;;10003.5;0.0
33;9500;INTARIAN_PEPPER_ROOT;46000;15;;;;;46015;9;;;;;46007.5;0.0
33;9600;ASH_COATED_OSMIUM;9990;14;;;;;10008;11;;;;;9999.0;0.0
33;9600;INTARIAN_PEPPER_ROOT;46000;17;45998;12;45995;8;46016;23;46017;21;46018;11;46008.5;0.0
33;9700;ASH_COATED_OSMIUM;9987;14;9986;10;;;10003;10;10006;15;;;9995.0;0.0
33;9700;INTARIAN_PEPPER_ROOT;46000;8;45997;8;45996;21;46015;12;46017;8;46020;8;46008.0;0.0
33;9800;ASH_COATED_OSMIUM;9983;10;9980;14;9979;14;10002;11;10003;7;10006;12;9993.0;0.0
33;9800;INTARIAN_PEPPER_ROOT;46002;12;45999;11;;;46016;15;46018;12;;;46009.0;0.0
33;9900;ASH_COATED_OSMIUM;9991;13;9988;14;9986;13;10001;15;10004;10;10007;15;9996.0;0.0
33;9900;INTARIAN_PEPPER_ROOT;45999;16;45997;15;45994;9;46012;8;46015;8;46018;10;46005.5;0.0
33;10000;ASH_COATED_OSMIUM;9984;21;9982;10;;;10005;15;10008;23;;;9995.0;0.0
33;10000;INTARIAN_PEPPER_ROOT;46006;8;;;;;46019;10;;;;;46012.5;0.0
33;10100;ASH_COATED_OSMIUM;9992;12;;;;;10008;13;;;;;10000.5;0.0
33;10100;INTARIAN_PEPPER_ROOT;46004;15;;;;;46020;11;;;;;46012.5;0.0
33;10200;ASH_COATED_OSMIUM;9991;13;;;;;10007;14;;;;;9999.0;0.0
33;10200;INTARIAN_PEPPER_ROOT;46005;9;46002;8;46001;11;46019;8;46021;15;46022;11;46012.0;0.0
33;10300;ASH_COATED_OSMIUM;9997;10;;;;;10016;20;;;;;10007.0;0.0
33;10300;INTARIAN_PEPPER_ROOT;46008;12;46006;8;46004;11;46014;12;46016;24;46017;17;46011.5;0.0
33;10400;ASH_COATED_OSMIUM;9994;27;;;;;10010;10;;;;;10002.5;0.0
33;10400;INTARIAN_PEPPER_ROOT;46006;9;46005;11;46003;16;46018;9;46020;9;46022;8;46012.5;0.0
33;10500;ASH_COATED_OSMIUM;9996;23;;;;;10007;12;;;;;10001.5;0.0
33;10500;INTARIAN_PEPPER_ROOT;46008;11;46007;9;;;46012;9;46013;12;;;46010.5;0.0
33;10600;ASH_COATED_OSMIUM;9992;11;;;;;10011;12;;;;;10001.5;0.0
33;10600;INTARIAN_PEPPER_ROOT;46005;10;;;;;46019;8;;;;;46012.0;0.0
33;10700;ASH_COATED_OSMIUM;9993;13;9992;11;;;10012;10;10015;15;;;10002.5;0.0
33;10700;INTARIAN_PEPPER_ROOT;46000;10;45998;9;;;46017;18;46020;8;;;46008.5;0.0
33;10800;ASH_COATED_OSMIUM;10000;13;9999;14;;;10016;20;10018;13;;;10008.5;0.0
33;10800;INTARIAN_PEPPER_ROOT;46007;24;46004;11;46002;10;46019;10;46020;11;46021;7;46013.0;0.0
33;10900;ASH_COATED_OSMIUM;10001;15;;;;;10020;30;;;;;10010.5;0.0
33;10900;INTARIAN_PEPPER_ROOT;46005;8;46002;8;46001;10;46016;19;46019;11;46021;8;46010.5;0.0
33;11000;ASH_COATED_OSMIUM;9996;15;9994;11;;;10015;14;10016;14;;;10006.0;0.0
33;11000;INTARIAN_PEPPER_ROOT;46009;25;46006;7;46003;12;46023;18;46025;11;46028;6;46016.0;0.0
33;11100;ASH_COATED_OSMIUM;9991;14;;;;;10007;21;;;;;9999.5;0.0
33;11100;INTARIAN_PEPPER_ROOT;46004;12;;;;;46020;18;;;;;46012.5;0.0
33;11200;ASH_COATED_OSMIUM;9998;12;;;;;10008;15;;;;;10003.5;0.0
33;11200;INTARIAN_PEPPER_ROOT;46007;11;46006;12;;;46020;10;46022;6;;;46013.5;0.0
33;11300;ASH_COATED_OSMIUM;9995;9;;;;;10011;15;;;;;10003.0;0.0
33;11300;INTARIAN_PEPPER_ROOT;46002;12;;;;;46014;9;;;;;46008.0;0.0
33;11400;ASH_COATED_OSMIUM;9996;13;;;;;10012;14;;;;;10004.0;0.0
33;11400;INTARIAN_PEPPER_ROOT;46006;16;;;;;46023;19;;;;;46015.0;0.0
33;11500;ASH_COATED_OSMIUM;9993;13;9992;14;;;10009;2;10012;15;;;10001.5;0.0
33;11500;INTARIAN_PEPPER_ROOT;46004;10;46001;10;;;46018;15;46021;15;;;46011.0;0.0
33;11600;ASH_COATED_OSMIUM;9993;12;9990;10;9987;5;10009;13;10011;15;10012;10;10001.5;0.0
33;11600;INTARIAN_PEPPER_ROOT;46005;9;46004;25;;;46018;8;46020;23;;;46012.0;0.0
33;11700;ASH_COATED_OSMIUM;9996;13;9995;13;9992;12;10012;10;10013;10;10016;10;10004.5;0.0
33;11700;INTARIAN_PEPPER_ROOT;46006;4;;;;;46022;8;;;;;46014.5;0.0
33;11800;ASH_COATED_OSMIUM;10000;10;;;;;10010;13;;;;;10005.0;0.0
33;11800;INTARIAN_PEPPER_ROOT;46007;9;46006;12;;;46021;9;46022;9;;;46014.0;0.0
33;11900;ASH_COATED_OSMIUM;9993;12;9990;8;9989;13;10011;10;10014;14;10017;14;10002.5;0.0
33;11900;INTARIAN_PEPPER_ROOT;46003;11;46001;12;45999;8;46017;10;46018;8;46021;12;46010.5;0.0
33;12000;ASH_COATED_OSMIUM;10000;4;;;;;10016;12;;;;;10008.5;0.0
33;12000;INTARIAN_PEPPER_ROOT;46005;9;46002;8;;;46018;8;46020;25;;;46011.5;0.0
33;12100;ASH_COATED_OSMIUM;9989;15;9986;13;;;10008;10;10011;13;;;9998.5;0.0
33;12100;INTARIAN_PEPPER_ROOT;46004;11;46003;9;;;46017;8;46019;12;;;46010.5;0.0
33;12200;ASH_COATED_OSMIUM;9988;11;9985;11;;;10004;22;10006;25;;;9996.0;0.0
33;12200;INTARIAN_PEPPER_ROOT;46005;11;46003;9;46001;23;46019;11;46020;20;46023;11;46012.5;0.0
33;12300;ASH_COATED_OSMIUM;9983;11;9980;13;;;10001;14;10004;13;;;9992.5;0.0
33;12300;INTARIAN_PEPPER_ROOT;46002;5;45999;17;;;46016;8;46018;12;;;46009.5;0.0
33;12400;ASH_COATED_OSMIUM;9982;21;9980;29;9979;14;9998;14;10000;13;10001;14;9990.5;0.0
33;12400;INTARIAN_PEPPER_ROOT;46006;10;46003;11;;;46020;8;46021;8;;;46013.0;0.0
33;12500;ASH_COATED_OSMIUM;9988;14;9986;14;9985;28;10007;15;10008;11;10009;11;9997.5;0.0
33;12500;INTARIAN_PEPPER_ROOT;46007;9;;;;;46019;12;;;;;46013.5;0.0
33;12600;ASH_COATED_OSMIUM;9989;12;;;;;10005;8;;;;;9997.5;0.0
33;12600;INTARIAN_PEPPER_ROOT;46008;20;;;;;46019;10;;;;;46013.5;0.0
33;12700;ASH_COATED_OSMIUM;9987;12;;;;;10003;15;;;;;9995.5;0.0
33;12700;INTARIAN_PEPPER_ROOT;46005;8;;;;;46021;11;;;;;46013.0;0.0
33;12800;ASH_COATED_OSMIUM;9989;14;;;;;10000;20;;;;;9994.5;0.0
33;12800;INTARIAN_PEPPER_ROOT;46009;16;46008;10;46006;8;46022;16;46024;18;46026;19;46016.0;0.0
33;12900;ASH_COATED_OSMIUM;9981;14;;;;;10000;11;;;;;9990.5;0.0
33;12900;INTARIAN_PEPPER_ROOT;46007;10;;;;;46019;20;;;;;46013.5;0.0
33;13000;ASH_COATED_OSMIUM;9981;12;9979;14;;;10000;10;10002;11;;;9990.5;0.0
33;13000;INTARIAN_PEPPER_ROOT;46013;22;;;;;46016;12;;;;;46014.5;0.0
33;13100;ASH_COATED_OSMIUM;9986;13;9985;13;9983;4;10002;14;10004;10;10006;11;9994.0;0.0
33;13100;INTARIAN_PEPPER_ROOT;46006;12;46005;12;;;46023;12;46024;12;;;46014.5;0.0
33;13200;ASH_COATED_OSMIUM;9982;15;;;;;9998;25;;;;;9990.0;0.0
33;13200;INTARIAN_PEPPER_ROOT;46005;12;46002;9;;;46019;12;46022;16;;;46012.0;0.0
33;13300;ASH_COATED_OSMIUM;9984;23;9981;10;9979;12;10000;23;10002;13;10003;26;9992.0;0.0
33;13300;INTARIAN_PEPPER_ROOT;46009;8;;;;;46021;12;;;;;46015.0;0.0
33;13400;ASH_COATED_OSMIUM;9986;9;9984;24;9983;11;10005;14;10006;14;10008;15;9996.0;0.0
33;13400;INTARIAN_PEPPER_ROOT;46006;9;46003;8;;;46018;22;46021;20;;;46012.5;0.0
33;13500;ASH_COATED_OSMIUM;9987;14;9985;10;9984;12;10006;25;10007;14;10010;12;9997.0;0.0
33;13500;INTARIAN_PEPPER_ROOT;46004;10;;;;;46019;10;;;;;46012.0;0.0
33;13600;ASH_COATED_OSMIUM;9992;27;9990;14;;;10008;10;10009;10;;;10000.5;0.0
33;13600;INTARIAN_PEPPER_ROOT;46003;10;46002;24;;;46014;9;46016;9;;;46009.0;0.0
33;13700;ASH_COATED_OSMIUM;10000;14;9999;14;;;10016;25;10018;13;;;10008.5;0.0
33;13700;INTARIAN_PEPPER_ROOT;46006;10;46005;8;;;46022;8;46024;19;;;46014.5;0.0
33;13800;ASH_COATED_OSMIUM;9997;14;9995;25;;;10016;12;10018;13;;;10007.0;0.0
33;13800;INTARIAN_PEPPER_ROOT;46005;9;;;;;46019;10;;;;;46012.5;0.0
33;13900;ASH_COATED_OSMIUM;9993;12;9991;13;;;10011;13;10014;13;;;10002.0;0.0
33;13900;INTARIAN_PEPPER_ROOT;46009;10;46006;10;46004;9;46022;10;46025;18;46026;12;46016.0;0.0
33;14000;ASH_COATED_OSMIUM;9996;26;9994;13;;;10005;10;10008;29;;;10001.0;0.0
33;14000;INTARIAN_PEPPER_ROOT;46006;10;46005;10;;;46020;12;46021;8;;;46013.0;0.0
33;14100;ASH_COATED_OSMIUM;9987;13;9986;15;;;10006;14;10008;26;;;9996.5;0.0
33;14100;INTARIAN_PEPPER_ROOT;46011;8;;;;;46024;10;;;;;46017.5;0.0
33;14200;ASH_COATED_OSMIUM;9991;10;9989;13;9987;12;10007;12;10010;15;10011;10;9999.0;0.0
33;14200;INTARIAN_PEPPER_ROOT;46010;11;46009;8;46008;10;46022;15;46024;8;46025;11;46016.0;0.0
33;14300;ASH_COATED_OSMIUM;9993;30;9990;10;9987;15;10009;12;10012;12;10015;12;10001.0;0.0
33;14300;INTARIAN_PEPPER_ROOT;46006;16;;;;;46019;11;;;;;46012.5;0.0
33;14400;ASH_COATED_OSMIUM;9995;10;9994;10;9993;13;10011;11;10014;14;10017;15;10003.5;0.0
33;14400;INTARIAN_PEPPER_ROOT;46004;24;46003;10;46000;9;46015;10;46018;11;46020;8;46010.0;0.0
33;14500;ASH_COATED_OSMIUM;9994;13;9992;11;9991;14;10010;10;10012;5;10015;15;10002.0;0.0
33;14500;INTARIAN_PEPPER_ROOT;46009;12;46008;11;46006;19;46022;10;46023;8;46025;17;46015.5;0.0
33;14600;ASH_COATED_OSMIUM;9989;10;;;;;10005;28;;;;;9997.5;0.0
33;14600;INTARIAN_PEPPER_ROOT;46006;10;46004;8;46001;8;46021;11;46022;11;46025;10;46014.0;0.0
33;14700;ASH_COATED_OSMIUM;9986;10;9985;12;9984;12;10007;14;10009;26;10010;10;9996.5;0.0
33;14700;INTARIAN_PEPPER_ROOT;46007;12;46006;24;;;46018;12;46019;11;;;46012.5;0.0
33;14800;ASH_COATED_OSMIUM;9991;14;9990;15;;;10007;13;10009;15;;;9999.5;0.0
33;14800;INTARIAN_PEPPER_ROOT;46007;11;;;;;46019;10;;;;;46013.5;0.0
33;14900;ASH_COATED_OSMIUM;9991;15;9989;12;;;10007;15;10010;14;;;9999.5;0.0
33;14900;INTARIAN_PEPPER_ROOT;46004;9;46001;8;;;46017;12;46018;12;;;46010.5;0.0
33;15000;ASH_COATED_OSMIUM;9997;30;9995;11;;;10007;29;10009;12;;;10002.0;0.0
33;15000;INTARIAN_PEPPER_ROOT;46003;8;46000;12;45997;11;46017;10;46020;11;46021;19;46010.5;0.0
33;15100;ASH_COATED_OSMIUM;9989;30;9987;15;;;10007;13;10009;10;;;9998.5;0.0
33;15100;INTARIAN_PEPPER_ROOT;46011;10;46008;11;;;46023;9;46025;9;;;46017.0;0.0
33;15200;ASH_COATED_OSMIUM;9993;15;9991;10;;;10002;14;10003;11;;;9998.0;0.0
33;15200;INTARIAN_PEPPER_ROOT;46007;12;;;;;46018;9;;;;;46013.0;0.0
33;15300;ASH_COATED_OSMIUM;9990;13;9987;10;9986;14;10006;26;10007;13;10009;12;9998.0;0.0
33;15300;INTARIAN_PEPPER_ROOT;46004;19;;;;;46017;9;;;;;46011.0;0.0
33;15400;ASH_COATED_OSMIUM;9986;12;;;;;10002;10;;;;;9994.0;0.0
33;15400;INTARIAN_PEPPER_ROOT;46014;11;46011;9;;;46017;10;46019;8;;;46016.0;0.0
33;15500;ASH_COATED_OSMIUM;9979;25;9976;12;;;9995;15;9998;13;;;9987.5;0.0
33;15500;INTARIAN_PEPPER_ROOT;46005;25;46004;10;;;46018;10;46019;12;;;46012.0;0.0
33;15600;ASH_COATED_OSMIUM;9977;26;9975;13;;;9996;29;9999;12;;;9986.5;0.0
33;15600;INTARIAN_PEPPER_ROOT;46009;11;;;;;46021;9;;;;;46015.5;0.0
33;15700;ASH_COATED_OSMIUM;9986;25;;;;;10002;12;;;;;9994.0;0.0
33;15700;INTARIAN_PEPPER_ROOT;46009;12;46006;11;46003;10;46026;10;46029;10;46030;11;46018.0;0.0
33;15800;ASH_COATED_OSMIUM;9979;12;9976;13;9973;10;9995;11;9997;12;10000;12;9987.5;0.0
33;15800;INTARIAN_PEPPER_ROOT;46011;24;46008;10;;;46023;12;46024;12;;;46017.0;0.0
33;15900;ASH_COATED_OSMIUM;9991;13;;;;;10007;10;;;;;9999.0;0.0
33;15900;INTARIAN_PEPPER_ROOT;46010;18;;;;;46023;8;;;;;46017.0;0.0
33;16000;ASH_COATED_OSMIUM;9992;13;9991;13;9989;4;9997;27;9999;23;10000;11;9994.5;0.0
33;16000;INTARIAN_PEPPER_ROOT;46010;12;46007;8;;;46023;10;46026;8;;;46016.5;0.0
33;16100;ASH_COATED_OSMIUM;9995;14;;;;;10011;10;;;;;10003.0;0.0
33;16100;INTARIAN_PEPPER_ROOT;46007;12;46005;9;46002;22;46021;11;46023;8;46025;23;46014.5;0.0
33;16200;ASH_COATED_OSMIUM;9995;10;9992;10;9990;15;10011;14;10012;20;10015;13;10003.0;0.0
33;16200;INTARIAN_PEPPER_ROOT;46009;12;46007;11;46006;20;46025;4;46027;11;46028;10;46017.0;0.0
33;16300;ASH_COATED_OSMIUM;9991;25;9988;11;9987;10;10010;15;10013;22;10014;12;10000.5;0.0
33;16300;INTARIAN_PEPPER_ROOT;46009;11;46006;15;;;46025;10;46026;10;;;46017.0;0.0
33;16400;ASH_COATED_OSMIUM;9993;5;9991;13;;;10009;10;10010;10;;;10001.5;0.0
33;16400;INTARIAN_PEPPER_ROOT;46011;10;46008;10;;;46022;9;46023;9;;;46016.5;0.0
33;16500;ASH_COATED_OSMIUM;9992;15;;;;;10011;15;;;;;10001.5;0.0
33;16500;INTARIAN_PEPPER_ROOT;46009;12;46006;9;;;46024;15;46025;10;;;46016.5;0.0
33;16600;ASH_COATED_OSMIUM;9988;14;9986;21;;;10004;14;10005;10;;;9996.5;0.0
33;16600;INTARIAN_PEPPER_ROOT;46010;12;46007;12;;;46026;20;46029;11;;;46018.5;0.0
33;16700;ASH_COATED_OSMIUM;9987;10;9986;10;9985;13;10003;13;10006;14;10009;14;9995.0;0.0
33;16700;INTARIAN_PEPPER_ROOT;46010;8;;;;;46025;8;;;;;46018.0;0.0
33;16800;ASH_COATED_OSMIUM;9990;11;9989;20;9988;11;10006;12;10009;11;10010;10;9998.5;0.0
33;16800;INTARIAN_PEPPER_ROOT;46011;5;46010;12;46009;17;46024;9;46026;25;46028;12;46018.0;0.0
33;16900;ASH_COATED_OSMIUM;9995;12;9994;10;9992;13;10005;10;10006;14;10007;10;10000.0;0.0
33;16900;INTARIAN_PEPPER_ROOT;46010;11;46008;16;;;46027;10;46028;9;;;46018.5;0.0
33;17000;ASH_COATED_OSMIUM;9991;10;9990;10;;;10010;15;10013;8;;;10000.5;0.0
33;17000;INTARIAN_PEPPER_ROOT;46010;9;46008;23;;;46025;11;46026;11;;;46017.5;0.0
33;17100;ASH_COATED_OSMIUM;9990;14;;;;;10006;10;;;;;9998.0;0.0
33;17100;INTARIAN_PEPPER_ROOT;46010;10;46007;9;46004;11;46024;12;46025;20;46027;9;46017.0;0.0
33;17200;ASH_COATED_OSMIUM;9989;15;9986;11;9985;25;10005;11;10007;13;10010;15;9997.0;0.0
33;17200;INTARIAN_PEPPER_ROOT;46012;11;;;;;46024;9;;;;;46018.0;0.0
33;17300;ASH_COATED_OSMIUM;9985;13;9982;13;9981;10;10004;12;10006;15;10008;14;9994.5;0.0
33;17300;INTARIAN_PEPPER_ROOT;46009;11;46008;11;;;46021;20;46023;10;;;46015.5;0.0
33;17400;ASH_COATED_OSMIUM;9994;21;;;;;10010;15;;;;;10002.5;0.0
33;17400;INTARIAN_PEPPER_ROOT;46007;10;;;;;46023;11;;;;;46015.5;0.0
33;17500;ASH_COATED_OSMIUM;9996;12;;;;;10012;10;;;;;10004.0;0.0
33;17500;INTARIAN_PEPPER_ROOT;46007;10;;;;;46023;8;;;;;46015.5;0.0
33;17600;ASH_COATED_OSMIUM;9988;10;9986;14;;;10004;10;10005;21;;;9996.0;0.0
33;17600;INTARIAN_PEPPER_ROOT;46011;10;46008;8;46007;9;46024;12;46026;3;46027;16;46017.5;0.0
33;17700;ASH_COATED_OSMIUM;9987;10;;;;;10003;14;;;;;9995.0;0.0
33;17700;INTARIAN_PEPPER_ROOT;46013;10;46010;10;46007;8;46025;9;46027;9;46029;8;46019.5;0.0
33;17800;ASH_COATED_OSMIUM;9990;14;9988;14;9987;21;9995;11;9998;15;9999;11;9993.0;0.0
33;17800;INTARIAN_PEPPER_ROOT;46012;10;46009;11;;;46025;11;46028;11;;;46018.5;0.0
33;17900;ASH_COATED_OSMIUM;9986;25;;;;;10002;15;;;;;9994.5;0.0
33;17900;INTARIAN_PEPPER_ROOT;46013;11;46011;10;;;46015;8;46018;12;;;46014.5;0.0
33;18000;ASH_COATED_OSMIUM;9990;15;9989;12;9987;15;10006;11;10008;13;10009;12;9998.0;0.0
33;18000;INTARIAN_PEPPER_ROOT;46010;11;;;;;46021;15;;;;;46015.5;0.0
33;18100;ASH_COATED_OSMIUM;9988;10;;;;;10004;13;;;;;9996.5;0.0
33;18100;INTARIAN_PEPPER_ROOT;46012;10;46009;24;46006;24;46025;23;46026;11;46027;25;46019.0;0.0
33;18200;ASH_COATED_OSMIUM;9990;10;;;;;10006;11;;;;;9998.0;0.0
33;18200;INTARIAN_PEPPER_ROOT;46006;9;46005;8;46002;11;46026;11;46028;10;46030;25;46016.5;0.0
33;18300;ASH_COATED_OSMIUM;9991;14;9990;12;;;10007;10;10010;13;;;9999.0;0.0
33;18300;INTARIAN_PEPPER_ROOT;46013;11;;;;;46024;12;;;;;46019.0;0.0
33;18400;ASH_COATED_OSMIUM;9985;12;;;;;10004;14;;;;;9995.0;0.0
33;18400;INTARIAN_PEPPER_ROOT;46012;9;46011;11;;;46024;12;46025;15;;;46018.5;0.0
33;18500;ASH_COATED_OSMIUM;9989;11;9988;15;9986;10;10005;10;10006;29;10008;25;9997.0;0.0
33;18500;INTARIAN_PEPPER_ROOT;46016;12;46014;11;;;46029;12;46031;12;;;46023.0;0.0
33;18600;ASH_COATED_OSMIUM;9988;11;9985;14;9983;11;10004;13;10007;11;10008;10;9996.0;0.0
33;18600;INTARIAN_PEPPER_ROOT;46008;9;46005;10;;;46024;23;46026;12;;;46016.5;0.0
33;18700;ASH_COATED_OSMIUM;9989;13;;;;;10007;12;;;;;9998.5;0.0
33;18700;INTARIAN_PEPPER_ROOT;46009;8;46006;12;46005;15;46022;8;46025;11;46028;16;46015.5;0.0
33;18800;ASH_COATED_OSMIUM;9996;11;9994;12;9991;14;10002;10;10004;12;10007;12;9999.5;0.0
33;18800;INTARIAN_PEPPER_ROOT;46011;11;;;;;46022;16;;;;;46016.5;0.0
33;18900;ASH_COATED_OSMIUM;9992;13;;;;;10008;12;;;;;10000.5;0.0
33;18900;INTARIAN_PEPPER_ROOT;46011;12;;;;;46024;12;;;;;46018.0;0.0
33;19000;ASH_COATED_OSMIUM;9995;14;;;;;10014;10;;;;;10004.5;0.0
33;19000;INTARIAN_PEPPER_ROOT;46012;12;46010;9;;;46025;12;46028;10;;;46018.5;0.0
33;19100;ASH_COATED_OSMIUM;10006;11;10004;10;;;10011;12;10013;10;;;10009.0;0.0
33;19100;INTARIAN_PEPPER_ROOT;46009;10;;;;;46023;18;;;;;46016.5;0.0
33;19200;ASH_COATED_OSMIUM;9998;24;9996;15;;;10016;10;10017;2;;;10007.0;0.0
33;19200;INTARIAN_PEPPER_ROOT;46009;11;;;;;46021;11;;;;;46015.5;0.0
33;19300;ASH_COATED_OSMIUM;9995;11;;;;;10011;15;;;;;10003.5;0.0
33;19300;INTARIAN_PEPPER_ROOT;46011;12;46008;9;;;46026;8;46028;23;;;46019.0;0.0
33;19400;ASH_COATED_OSMIUM;9998;15;;;;;10014;11;;;;;10006.0;0.0
33;19400;INTARIAN_PEPPER_ROOT;46012;8;;;;;46025;8;;;;;46019.0;0.0
33;19500;ASH_COATED_OSMIUM;9997;13;9994;11;9991;14;10013;15;10016;15;10019;14;10005.0;0.0
33;19500;INTARIAN_PEPPER_ROOT;46013;10;46010;12;46009;4;46027;8;46029;9;46032;9;46020.5;0.0
33;19600;ASH_COATED_OSMIUM;9993;15;9990;14;9988;28;10009;12;10012;11;10013;27;10001.0;0.0
33;19600;INTARIAN_PEPPER_ROOT;46013;9;;;;;46019;8;;;;;46016.5;0.0
33;19700;ASH_COATED_OSMIUM;9999;15;;;;;10015;15;;;;;10007.0;0.0
33;19700;INTARIAN_PEPPER_ROOT;46014;11;46013;12;;;46026;9;46027;8;;;46020.5;0.0
33;19800;ASH_COATED_OSMIUM;9999;21;;;;;10009;3;;;;;10004.0;0.0
33;19800;INTARIAN_PEPPER_ROOT;46012;9;46009;10;;;46028;9;46030;9;;;46020.5;0.0
33;19900;ASH_COATED_OSMIUM;9999;15;9998;13;9995;15;10015;14;10016;20;10018;15;10007.0;0.0
33;19900;INTARIAN_PEPPER_ROOT;46014;12;;;;;46025;9;;;;;46019.5;0.0
33;20000;ASH_COATED_OSMIUM;9994;11;;;;;10012;11;;;;;10003.0;0.0
33;20000;INTARIAN_PEPPER_ROOT;46010;10;;;;;46025;16;;;;;46018.0;0.0
33;20100;ASH_COATED_OSMIUM;9996;14;;;;;10012;14;;;;;10004.5;0.0
33;20100;INTARIAN_PEPPER_ROOT;46012;11;46010;9;;;46024;25;46026;10;;;46018.5;0.0
33;20200;ASH_COATED_OSMIUM;10000;13;9999;15;9997;10;10016;11;10017;15;10020;13;10008.5;0.0
33;20200;INTARIAN_PEPPER_ROOT;46013;10;46010;8;;;46027;10;46028;23;;;46020.0;0.0
33;20300;ASH_COATED_OSMIUM;10000;14;;;;;10016;27;;;;;10008.0;0.0
33;20300;INTARIAN_PEPPER_ROOT;46015;12;46012;12;;;46027;11;46029;10;;;46021.0;0.0
33;20400;ASH_COATED_OSMIUM;9995;15;9993;14;9991;14;10011;27;10012;15;10015;12;10003.5;0.0
33;20400;INTARIAN_PEPPER_ROOT;46014;10;46011;9;46010;10;46026;8;46029;12;46032;12;46020.0;0.0
33;20500;ASH_COATED_OSMIUM;9992;11;9990;10;;;10011;12;10012;15;;;10002.0;0.0
33;20500;INTARIAN_PEPPER_ROOT;46015;16;46014;8;;;46027;19;46030;8;;;46021.5;0.0
33;20600;ASH_COATED_OSMIUM;9992;14;9991;30;;;10008;11;10010;13;;;10000.0;0.0
33;20600;INTARIAN_PEPPER_ROOT;46012;10;46011;8;46009;20;46025;10;46028;12;46030;10;46018.5;0.0
33;20700;ASH_COATED_OSMIUM;9991;20;9990;11;;;10009;15;10012;13;;;10000.0;0.0
33;20700;INTARIAN_PEPPER_ROOT;46012;7;46010;9;46008;10;46027;12;46030;10;46033;6;46020.0;0.0
33;20800;ASH_COATED_OSMIUM;9987;15;9985;12;9982;20;10003;15;10004;13;10006;11;9995.5;0.0
33;20800;INTARIAN_PEPPER_ROOT;46014;11;46012;11;46011;12;46020;11;46022;25;46023;12;46017.0;0.0
33;20900;ASH_COATED_OSMIUM;9992;13;9989;12;9987;10;10008;24;10011;12;10012;13;10000.5;0.0
33;20900;INTARIAN_PEPPER_ROOT;46018;9;46016;12;;;46023;12;46026;10;;;46021.0;0.0
33;21000;ASH_COATED_OSMIUM;9997;11;9995;11;9994;10;10015;10;10017;15;10020;11;10006.0;0.0
33;21000;INTARIAN_PEPPER_ROOT;46016;18;;;;;46020;12;;;;;46018.0;0.0
33;21100;ASH_COATED_OSMIUM;9999;24;9996;24;;;10005;14;10008;13;;;10002.0;0.0
33;21100;INTARIAN_PEPPER_ROOT;46017;8;;;;;46029;19;;;;;46023.5;0.0
33;21200;ASH_COATED_OSMIUM;9990;24;9988;10;9987;10;10009;12;10011;12;10013;12;9999.5;0.0
33;21200;INTARIAN_PEPPER_ROOT;46014;10;46011;9;;;46028;11;46029;10;;;46021.5;0.0
33;21300;ASH_COATED_OSMIUM;9996;13;9995;14;;;10012;12;10013;15;;;10004.0;0.0
33;21300;INTARIAN_PEPPER_ROOT;46011;10;46010;8;;;46028;8;46030;8;;;46019.5;0.0
33;21400;ASH_COATED_OSMIUM;9994;10;9993;11;;;10010;12;10011;5;;;10002.0;0.0
33;21400;INTARIAN_PEPPER_ROOT;46014;10;;;;;46025;12;;;;;46019.5;0.0
33;21500;ASH_COATED_OSMIUM;9989;14;9986;15;9985;14;10008;21;10011;10;10012;15;9999.0;0.0
33;21500;INTARIAN_PEPPER_ROOT;46017;12;;;;;46029;10;;;;;46023.5;0.0
33;21600;ASH_COATED_OSMIUM;9989;12;9986;10;9983;13;10007;12;10009;14;10011;10;9998.0;0.0
33;21600;INTARIAN_PEPPER_ROOT;46015;11;46012;19;;;46026;8;46027;11;;;46021.0;0.0
33;21700;ASH_COATED_OSMIUM;9993;11;9991;11;9989;13;10009;15;10011;11;10012;14;10001.5;0.0
33;21700;INTARIAN_PEPPER_ROOT;46015;19;46014;10;46012;9;46026;11;46028;12;46031;9;46020.5;0.0
33;21800;ASH_COATED_OSMIUM;9991;15;9989;13;;;10007;15;10010;10;;;9999.0;0.0
33;21800;INTARIAN_PEPPER_ROOT;46017;20;;;;;46019;12;;;;;46018.0;0.0
33;21900;ASH_COATED_OSMIUM;9986;10;;;;;10002;10;;;;;9994.5;0.0
33;21900;INTARIAN_PEPPER_ROOT;46015;22;46014;18;;;46027;12;46028;9;;;46021.0;0.0
33;22000;ASH_COATED_OSMIUM;9992;15;9989;13;;;10010;15;10013;15;;;10001.5;0.0
33;22000;INTARIAN_PEPPER_ROOT;46014;8;46013;10;;;46027;8;46028;10;;;46020.5;0.0
33;22100;ASH_COATED_OSMIUM;9997;13;9994;22;9991;15;10004;12;10006;15;10008;15;10001.0;0.0
33;22100;INTARIAN_PEPPER_ROOT;46018;21;;;;;46029;9;;;;;46024.0;0.0
33;22200;ASH_COATED_OSMIUM;9988;15;;;;;10004;25;;;;;9996.5;0.0
33;22200;INTARIAN_PEPPER_ROOT;46014;9;46013;8;;;46026;12;46028;12;;;46020.5;0.0
33;22300;ASH_COATED_OSMIUM;9988;9;9986;14;;;10004;11;10005;11;;;9996.0;0.0
33;22300;INTARIAN_PEPPER_ROOT;46014;12;46012;9;;;46026;9;46029;11;;;46020.5;0.0
33;22400;ASH_COATED_OSMIUM;9986;13;9984;14;9983;13;10002;15;10005;14;10007;11;9994.5;0.0
33;22400;INTARIAN_PEPPER_ROOT;46015;10;;;;;46028;12;;;;;46021.5;0.0
33;22500;ASH_COATED_OSMIUM;9985;5;;;;;10001;14;;;;;9993.0;0.0
33;22500;INTARIAN_PEPPER_ROOT;46017;9;46016;9;;;46029;9;46032;10;;;46023.5;0.0
33;22600;ASH_COATED_OSMIUM;9987;5;9984;13;;;10003;25;10004;10;;;9995.5;0.0
33;22600;INTARIAN_PEPPER_ROOT;46015;8;;;;;46028;8;;;;;46022.0;0.0
33;22700;ASH_COATED_OSMIUM;9985;10;9984;11;9981;12;10001;13;10002;12;10005;30;9993.5;0.0
33;22700;INTARIAN_PEPPER_ROOT;46014;25;;;;;46029;11;;;;;46021.5;0.0
33;22800;ASH_COATED_OSMIUM;9995;11;9993;10;;;10011;13;10014;10;;;10003.5;0.0
33;22800;INTARIAN_PEPPER_ROOT;46017;8;46016;8;46015;22;46029;9;46030;25;46031;8;46023.0;0.0
33;22900;ASH_COATED_OSMIUM;9997;22;;;;;10013;26;;;;;10005.0;0.0
33;22900;INTARIAN_PEPPER_ROOT;46015;3;;;;;46028;10;;;;;46021.5;0.0
33;23000;ASH_COATED_OSMIUM;9989;13;9986;20;;;10007;11;10009;21;;;9998.5;0.0
33;23000;INTARIAN_PEPPER_ROOT;46015;9;46013;10;46012;10;46028;8;46029;9;46030;11;46022.0;0.0
33;23100;ASH_COATED_OSMIUM;9989;3;;;;;10005;11;;;;;9997.0;0.0
33;23100;INTARIAN_PEPPER_ROOT;46018;18;46015;8;;;46020;25;46021;8;;;46019.5;0.0
33;23200;ASH_COATED_OSMIUM;9991;12;9990;12;9989;10;10007;15;10010;11;10013;10;9999.0;0.0
33;23200;INTARIAN_PEPPER_ROOT;46011;11;;;;;46031;8;;;;;46021.0;0.0
33;23300;ASH_COATED_OSMIUM;9990;23;9987;10;;;10006;13;10007;11;;;9998.5;0.0
33;23300;INTARIAN_PEPPER_ROOT;46020;11;;;;;46032;10;;;;;46026.0;0.0
33;23400;ASH_COATED_OSMIUM;9992;12;;;;;10002;13;;;;;9997.0;0.0
33;23400;INTARIAN_PEPPER_ROOT;46011;10;46009;10;46007;12;46023;9;46026;10;46028;11;46017.5;0.0
33;23500;ASH_COATED_OSMIUM;9990;27;;;;;10006;15;;;;;9998.0;0.0
33;23500;INTARIAN_PEPPER_ROOT;46016;11;46014;11;46011;11;46028;12;46030;22;46032;8;46022.0;0.0
33;23600;ASH_COATED_OSMIUM;9983;15;9980;29;;;10001;12;10004;10;;;9992.0;0.0
33;23600;INTARIAN_PEPPER_ROOT;46013;8;46012;11;;;46025;10;46028;5;;;46019.5;0.0
33;23700;ASH_COATED_OSMIUM;9985;13;9983;27;9980;14;10001;14;10003;12;10004;12;9993.0;0.0
33;23700;INTARIAN_PEPPER_ROOT;46014;9;46012;10;;;46033;11;46035;19;;;46024.0;0.0
33;23800;ASH_COATED_OSMIUM;9987;10;9986;13;;;10003;25;10004;13;;;9995.5;0.0
33;23800;INTARIAN_PEPPER_ROOT;46018;9;46017;9;;;46032;9;46034;12;;;46025.5;0.0
33;23900;ASH_COATED_OSMIUM;9993;11;;;;;10009;11;;;;;10001.0;0.0
33;23900;INTARIAN_PEPPER_ROOT;46017;8;;;;;46031;24;;;;;46024.0;0.0
33;24000;ASH_COATED_OSMIUM;9993;5;9990;15;;;10009;13;10010;2;;;10001.0;0.0
33;24000;INTARIAN_PEPPER_ROOT;46014;9;46011;12;;;46034;11;46035;9;;;46024.0;0.0
33;24100;ASH_COATED_OSMIUM;9992;29;;;;;10008;26;;;;;10000.0;0.0
33;24100;INTARIAN_PEPPER_ROOT;46016;11;;;;;46028;9;;;;;46022.5;0.0
33;24200;ASH_COATED_OSMIUM;9990;11;;;;;10006;12;;;;;9998.5;0.0
33;24200;INTARIAN_PEPPER_ROOT;46016;9;46015;16;;;46028;9;46029;21;;;46022.0;0.0
33;24300;ASH_COATED_OSMIUM;9990;14;9988;14;9986;15;10006;15;10008;15;10010;13;9998.0;0.0
33;24300;INTARIAN_PEPPER_ROOT;46018;11;46015;10;;;46030;11;46032;17;;;46024.0;0.0
33;24400;ASH_COATED_OSMIUM;9985;13;9984;13;9981;30;10001;28;10004;14;10006;11;9993.0;0.0
33;24400;INTARIAN_PEPPER_ROOT;46016;10;46015;11;;;46031;9;46034;9;;;46024.0;0.0
33;24500;ASH_COATED_OSMIUM;9986;10;9985;14;9983;10;10002;13;10005;10;10008;15;9994.0;0.0
33;24500;INTARIAN_PEPPER_ROOT;46019;9;46018;23;;;46032;10;46033;10;;;46025.5;0.0
33;24600;ASH_COATED_OSMIUM;9992;13;9991;3;;;10008;8;10011;13;;;10000.5;0.0
33;24600;INTARIAN_PEPPER_ROOT;46020;9;46018;10;;;46032;11;46033;15;;;46026.0;0.0
33;24700;ASH_COATED_OSMIUM;9994;12;9992;14;;;10010;15;10012;15;;;10002.0;0.0
33;24700;INTARIAN_PEPPER_ROOT;46018;11;46017;11;;;46030;10;46031;10;;;46024.0;0.0
33;24800;ASH_COATED_OSMIUM;9990;13;9987;13;;;10006;12;10008;15;;;9998.0;0.0
33;24800;INTARIAN_PEPPER_ROOT;46017;18;46016;9;46014;10;46030;8;46032;15;46033;12;46024.0;0.0
33;24900;ASH_COATED_OSMIUM;9987;29;9984;9;;;10005;29;10007;15;;;9996.5;0.0
33;24900;INTARIAN_PEPPER_ROOT;46020;15;46017;8;46014;23;46032;16;46033;20;46036;9;46026.5;0.0
33;25000;ASH_COATED_OSMIUM;9991;29;9990;21;;;10007;14;10010;12;;;9999.5;0.0
33;25000;INTARIAN_PEPPER_ROOT;46019;9;46017;12;;;46032;24;46033;10;;;46025.5;0.0
33;25100;ASH_COATED_OSMIUM;9990;12;9988;13;;;10008;10;10011;14;;;9999.5;0.0
33;25100;INTARIAN_PEPPER_ROOT;46020;8;46017;9;46015;9;46033;11;46036;20;46039;10;46026.5;0.0
33;25200;ASH_COATED_OSMIUM;9988;12;;;;;10004;14;;;;;9996.5;0.0
33;25200;INTARIAN_PEPPER_ROOT;46019;17;46018;8;;;46031;21;46033;12;;;46025.5;0.0
33;25300;ASH_COATED_OSMIUM;10000;13;9998;14;;;10007;14;10009;12;;;10003.5;0.0
33;25300;INTARIAN_PEPPER_ROOT;46018;12;46017;10;46015;25;46031;10;46033;12;46034;8;46024.5;0.0
33;25400;ASH_COATED_OSMIUM;9990;5;9989;11;;;10006;11;10008;14;;;9998.0;0.0
33;25400;INTARIAN_PEPPER_ROOT;46016;12;46013;11;;;46031;8;46033;10;;;46024.0;0.0
33;25500;ASH_COATED_OSMIUM;9994;14;9991;11;;;10010;25;10011;10;;;10002.0;0.0
33;25500;INTARIAN_PEPPER_ROOT;46021;10;46018;9;;;46032;9;46034;6;;;46027.0;0.0
33;25600;ASH_COATED_OSMIUM;9990;13;9987;13;;;10008;10;10010;21;;;9999.0;0.0
33;25600;INTARIAN_PEPPER_ROOT;46015;12;46012;8;;;46033;9;46036;12;;;46024.5;0.0
33;25700;ASH_COATED_OSMIUM;9991;12;;;;;10007;12;;;;;9999.0;0.0
33;25700;INTARIAN_PEPPER_ROOT;46023;11;;;;;46037;12;;;;;46030.5;0.0
33;25800;ASH_COATED_OSMIUM;9989;15;9987;13;;;10005;11;10008;12;;;9997.5;0.0
33;25800;INTARIAN_PEPPER_ROOT;46020;11;46019;25;46018;23;46031;10;46032;9;46034;25;46026.0;0.0
33;25900;ASH_COATED_OSMIUM;9988;11;9986;15;;;10004;14;10006;11;;;9996.0;0.0
33;25900;INTARIAN_PEPPER_ROOT;46016;12;46014;10;46011;11;46029;10;46031;11;46033;11;46022.5;0.0
33;26000;ASH_COATED_OSMIUM;9990;14;9988;15;;;10006;12;10008;10;;;9998.5;0.0
33;26000;INTARIAN_PEPPER_ROOT;46022;11;46021;8;;;46034;9;46037;10;;;46028.5;0.0
33;26100;ASH_COATED_OSMIUM;9997;11;;;;;10013;3;;;;;10005.5;0.0
33;26100;INTARIAN_PEPPER_ROOT;46023;12;46021;10;46019;11;46036;10;46039;10;46040;12;46029.5;0.0
33;26200;ASH_COATED_OSMIUM;9997;13;9995;11;9993;15;10013;10;10016;11;10018;21;10005.0;0.0
33;26200;INTARIAN_PEPPER_ROOT;46021;11;46020;12;;;46033;5;46034;11;;;46027.5;0.0
33;26300;ASH_COATED_OSMIUM;9997;13;9994;11;9992;2;10015;14;10017;13;10018;14;10006.5;0.0
33;26300;INTARIAN_PEPPER_ROOT;46023;10;46020;12;;;46034;11;46035;17;;;46029.0;0.0
33;26400;ASH_COATED_OSMIUM;9996;12;9993;15;;;10014;26;10016;26;;;10005.0;0.0
33;26400;INTARIAN_PEPPER_ROOT;46021;17;;;;;46034;12;;;;;46028.0;0.0
33;26500;ASH_COATED_OSMIUM;10002;25;10001;15;;;10018;11;10021;26;;;10010.0;0.0
33;26500;INTARIAN_PEPPER_ROOT;46022;9;;;;;46036;11;;;;;46029.0;0.0
33;26600;ASH_COATED_OSMIUM;9992;14;9989;14;;;10008;27;10010;11;;;10000.5;0.0
33;26600;INTARIAN_PEPPER_ROOT;46027;23;;;;;46029;15;;;;;46028.0;0.0
33;26700;ASH_COATED_OSMIUM;9986;14;9984;12;;;10002;14;10003;10;;;9994.0;0.0
33;26700;INTARIAN_PEPPER_ROOT;46023;12;46020;18;46017;19;46035;11;46038;8;46040;10;46029.0;0.0
33;26800;ASH_COATED_OSMIUM;9983;10;9980;14;9977;11;9999;30;10000;10;10003;11;9991.0;0.0
33;26800;INTARIAN_PEPPER_ROOT;46021;10;46019;10;46016;10;46034;11;46036;12;46037;8;46027.5;0.0
33;26900;ASH_COATED_OSMIUM;9989;11;9986;10;;;9998;15;10001;15;;;9994.0;0.0
33;26900;INTARIAN_PEPPER_ROOT;46024;11;;;;;46029;8;;;;;46027.0;0.0
33;27000;ASH_COATED_OSMIUM;9987;14;9984;11;;;10006;11;10009;14;;;9997.0;0.0
33;27000;INTARIAN_PEPPER_ROOT;46021;9;;;;;46035;11;;;;;46028.5;0.0
33;27100;ASH_COATED_OSMIUM;9989;5;9986;13;9985;26;10007;13;10009;13;10010;10;9998.5;0.0
33;27100;INTARIAN_PEPPER_ROOT;46022;8;46020;8;46018;10;46037;11;46040;10;46043;12;46030.0;0.0
33;27200;ASH_COATED_OSMIUM;9990;27;9989;15;;;10006;13;10009;15;;;9998.5;0.0
33;27200;INTARIAN_PEPPER_ROOT;46018;9;46015;11;;;46030;15;46031;9;;;46024.5;0.0
33;27300;ASH_COATED_OSMIUM;9991;12;;;;;10010;11;;;;;10001.0;0.0
33;27300;INTARIAN_PEPPER_ROOT;46018;9;;;;;46030;12;;;;;46024.5;0.0
33;27400;ASH_COATED_OSMIUM;9997;20;9994;13;;;10016;12;10019;12;;;10006.5;0.0
33;27400;INTARIAN_PEPPER_ROOT;46017;10;46015;11;46012;10;46033;10;46036;9;46038;10;46025.5;0.0
33;27500;ASH_COATED_OSMIUM;10002;11;10001;23;;;10018;11;10020;13;;;10010.0;0.0
33;27500;INTARIAN_PEPPER_ROOT;46020;8;46019;8;46017;8;46033;8;46036;23;46039;10;46027.0;0.0
33;27600;ASH_COATED_OSMIUM;10001;10;10000;11;9998;11;10017;14;10019;13;10021;25;10009.0;0.0
33;27600;INTARIAN_PEPPER_ROOT;46018;8;;;;;46030;8;;;;;46024.5;0.0
33;27700;ASH_COATED_OSMIUM;9994;12;9991;25;9988;13;10010;23;10013;15;10014;22;10002.5;0.0
33;27700;INTARIAN_PEPPER_ROOT;46022;15;46020;9;;;46034;8;46035;8;;;46028.0;0.0
33;27800;ASH_COATED_OSMIUM;9996;15;;;;;10012;15;;;;;10004.0;0.0
33;27800;INTARIAN_PEPPER_ROOT;46020;9;;;;;46034;10;;;;;46027.5;0.0
33;27900;ASH_COATED_OSMIUM;9993;10;;;;;10012;14;;;;;10003.0;0.0
33;27900;INTARIAN_PEPPER_ROOT;46020;8;;;;;46034;8;;;;;46027.0;0.0
33;28000;ASH_COATED_OSMIUM;9992;11;;;;;10010;14;;;;;10001.5;0.0
33;28000;INTARIAN_PEPPER_ROOT;46016;9;;;;;46029;8;;;;;46023.0;0.0
33;28100;ASH_COATED_OSMIUM;9993;21;9991;14;;;10009;13;10010;11;;;10001.0;0.0
33;28100;INTARIAN_PEPPER_ROOT;46019;11;;;;;46032;15;;;;;46026.0;0.0
33;28200;ASH_COATED_OSMIUM;9992;24;9990;13;9987;22;10008;11;10011;25;10013;10;10000.5;0.0
33;28200;INTARIAN_PEPPER_ROOT;46023;11;46020;9;46018;12;46039;20;46041;5;46043;8;46031.5;0.0
33;28300;ASH_COATED_OSMIUM;9990;13;9989;11;;;10006;11;10008;13;;;9998.0;0.0
33;28300;INTARIAN_PEPPER_ROOT;46021;15;46020;8;;;46035;11;46038;10;;;46028.5;0.0
33;28400;ASH_COATED_OSMIUM;9996;30;9993;10;;;10012;15;10013;29;;;10004.5;0.0
33;28400;INTARIAN_PEPPER_ROOT;46023;9;46022;11;;;46037;9;46040;8;;;46030.5;0.0
33;28500;ASH_COATED_OSMIUM;9995;15;;;;;10011;10;;;;;10003.5;0.0
33;28500;INTARIAN_PEPPER_ROOT;46023;9;;;;;46034;9;;;;;46028.5;0.0
33;28600;ASH_COATED_OSMIUM;9993;30;9991;12;;;10009;13;10011;10;;;10001.5;0.0
33;28600;INTARIAN_PEPPER_ROOT;46021;17;46018;24;46015;12;46035;8;46036;23;46039;24;46028.0;0.0
33;28700;ASH_COATED_OSMIUM;9987;14;9984;14;9982;11;10003;14;10004;10;10007;12;9995.5;0.0
33;28700;INTARIAN_PEPPER_ROOT;46022;9;;;;;46035;3;;;;;46028.5;0.0
33;28800;ASH_COATED_OSMIUM;9985;13;9983;28;;;10004;15;10007;23;;;9994.5;0.0
33;28800;INTARIAN_PEPPER_ROOT;46020;9;;;;;46037;10;;;;;46029.0;0.0
33;28900;ASH_COATED_OSMIUM;9984;15;;;;;10000;12;;;;;9992.0;0.0
33;28900;INTARIAN_PEPPER_ROOT;46023;9;46020;9;46019;8;46039;11;46042;8;46043;12;46031.5;0.0
33;29000;ASH_COATED_OSMIUM;9993;12;9990;15;;;10009;28;10011;13;;;10001.0;0.0
33;29000;INTARIAN_PEPPER_ROOT;46022;23;46021;11;;;46034;11;46037;12;;;46028.5;0.0
33;29100;ASH_COATED_OSMIUM;9991;10;9989;15;9988;12;10007;13;10009;11;10011;11;9999.5;0.0
33;29100;INTARIAN_PEPPER_ROOT;46023;9;46022;10;46021;9;46035;9;46037;11;46039;12;46029.0;0.0
33;29200;ASH_COATED_OSMIUM;9993;11;;;;;10009;30;;;;;10001.5;0.0
33;29200;INTARIAN_PEPPER_ROOT;46023;9;;;;;46035;8;;;;;46029.5;0.0
33;29300;ASH_COATED_OSMIUM;9997;11;9996;11;;;10012;23;10014;14;;;10005.0;0.0
33;29300;INTARIAN_PEPPER_ROOT;46023;8;;;;;46036;8;;;;;46029.5;0.0
33;29400;ASH_COATED_OSMIUM;9993;11;9991;12;;;10009;13;10012;11;;;10001.0;0.0
33;29400;INTARIAN_PEPPER_ROOT;46020;12;46017;17;;;46033;11;46034;12;;;46027.0;0.0
33;29500;ASH_COATED_OSMIUM;9988;14;9985;12;;;10007;28;10008;13;;;9997.5;0.0
33;29500;INTARIAN_PEPPER_ROOT;46023;8;;;;;46035;9;;;;;46029.5;0.0
33;29600;ASH_COATED_OSMIUM;9989;11;9988;13;;;10008;13;10011;13;;;9998.5;0.0
33;29600;INTARIAN_PEPPER_ROOT;46024;10;46021;11;;;46039;9;46040;12;;;46032.0;0.0
33;29700;ASH_COATED_OSMIUM;9985;14;9984;14;9981;13;10003;15;10006;14;10008;15;9994.5;0.0
33;29700;INTARIAN_PEPPER_ROOT;46026;9;46025;10;46022;12;46038;8;46041;22;46044;8;46032.5;0.0
33;29800;ASH_COATED_OSMIUM;9987;14;9984;15;9981;14;10003;14;10005;11;10006;15;9995.0;0.0
33;29800;INTARIAN_PEPPER_ROOT;46023;11;46020;11;;;46034;9;46035;12;;;46028.5;0.0
33;29900;ASH_COATED_OSMIUM;9985;15;9982;15;;;10001;11;10003;14;;;9993.5;0.0
33;29900;INTARIAN_PEPPER_ROOT;46025;12;46023;8;;;46037;8;46040;8;;;46031.5;0.0
33;30000;ASH_COATED_OSMIUM;9988;11;9987;11;;;10004;13;10006;14;;;9996.0;0.0
33;30000;INTARIAN_PEPPER_ROOT;46025;24;;;;;46038;20;;;;;46031.5;0.0
33;30100;ASH_COATED_OSMIUM;9994;14;9993;15;;;10010;10;10013;26;;;10002.5;0.0
33;30100;INTARIAN_PEPPER_ROOT;46026;12;;;;;46039;11;;;;;46033.0;0.0
33;30200;ASH_COATED_OSMIUM;9992;14;;;;;10011;3;;;;;10001.5;0.0
33;30200;INTARIAN_PEPPER_ROOT;46021;23;46019;9;;;46033;11;46036;12;;;46027.5;0.0
33;30300;ASH_COATED_OSMIUM;9999;5;9998;13;9996;29;10015;10;10017;15;10019;24;10007.0;0.0
33;30300;INTARIAN_PEPPER_ROOT;46026;8;46025;10;;;46039;10;46040;7;;;46032.5;0.0
33;30400;ASH_COATED_OSMIUM;9997;11;9996;30;9994;14;10013;11;10014;13;10017;12;10005.0;0.0
33;30400;INTARIAN_PEPPER_ROOT;46026;9;46025;10;46024;10;46037;11;46039;10;46042;8;46031.5;0.0
33;30500;ASH_COATED_OSMIUM;9995;15;;;;;10014;13;;;;;10004.5;0.0
33;30500;INTARIAN_PEPPER_ROOT;46025;12;46022;8;;;46037;17;46038;10;;;46031.0;0.0
33;30600;ASH_COATED_OSMIUM;9990;21;;;;;10006;13;;;;;9998.0;0.0
33;30600;INTARIAN_PEPPER_ROOT;46023;12;46020;12;;;46034;10;46036;9;;;46028.5;0.0
33;30700;ASH_COATED_OSMIUM;9989;10;;;;;10008;10;;;;;9999.0;0.0
33;30700;INTARIAN_PEPPER_ROOT;46026;8;;;;;46037;11;;;;;46031.5;0.0
33;30800;ASH_COATED_OSMIUM;9988;30;;;;;10004;14;;;;;9996.5;0.0
33;30800;INTARIAN_PEPPER_ROOT;46022;12;;;;;46034;8;;;;;46028.5;0.0
33;30900;ASH_COATED_OSMIUM;9996;10;9995;13;9993;11;10012;14;10013;13;10015;13;10004.5;0.0
33;30900;INTARIAN_PEPPER_ROOT;46027;11;46025;8;46024;18;46039;9;46040;10;46041;10;46033.5;0.0
33;31000;ASH_COATED_OSMIUM;9997;15;9996;29;;;10013;10;10016;22;;;10005.5;0.0
33;31000;INTARIAN_PEPPER_ROOT;46024;9;46021;9;46019;9;46044;10;46047;11;46049;23;46034.0;0.0
33;31100;ASH_COATED_OSMIUM;9993;12;;;;;10009;11;;;;;10001.0;0.0
33;31100;INTARIAN_PEPPER_ROOT;46021;11;46018;12;46016;11;46037;10;46040;12;46042;8;46029.0;0.0
33;31200;ASH_COATED_OSMIUM;9994;13;9991;11;9988;12;10012;14;10014;11;10015;12;10003.0;0.0
33;31200;INTARIAN_PEPPER_ROOT;46024;11;46022;9;;;46037;11;46039;23;;;46030.5;0.0
33;31300;ASH_COATED_OSMIUM;9995;11;;;;;10005;25;;;;;10000.5;0.0
33;31300;INTARIAN_PEPPER_ROOT;46026;9;46024;12;46022;12;46038;11;46041;22;46044;11;46032.5;0.0
33;31400;ASH_COATED_OSMIUM;9993;11;9992;4;;;10011;15;10014;10;;;10002.0;0.0
33;31400;INTARIAN_PEPPER_ROOT;46030;23;46027;12;;;46033;9;46034;12;;;46031.5;0.0
33;31500;ASH_COATED_OSMIUM;9994;26;9992;12;;;10012;10;10013;11;;;10003.0;0.0
33;31500;INTARIAN_PEPPER_ROOT;46021;9;46018;23;;;46035;7;46038;25;;;46028.5;0.0
33;31600;ASH_COATED_OSMIUM;9992;13;9991;28;;;10008;11;10009;11;;;10000.5;0.0
33;31600;INTARIAN_PEPPER_ROOT;46022;8;;;;;46035;21;;;;;46029.0;0.0
33;31700;ASH_COATED_OSMIUM;9993;15;9990;14;9988;13;10009;26;10012;12;10015;11;10001.5;0.0
33;31700;INTARIAN_PEPPER_ROOT;46024;8;46022;10;46020;8;46038;7;46039;12;46041;8;46031.5;0.0
33;31800;ASH_COATED_OSMIUM;9994;10;;;;;10010;15;;;;;10002.0;0.0
33;31800;INTARIAN_PEPPER_ROOT;46028;10;46025;9;;;46040;12;46042;23;;;46034.5;0.0
33;31900;ASH_COATED_OSMIUM;9990;12;;;;;10006;29;;;;;9998.0;0.0
33;31900;INTARIAN_PEPPER_ROOT;46024;8;46021;8;;;46036;9;46039;10;;;46030.5;0.0
33;32000;ASH_COATED_OSMIUM;9992;30;;;;;10008;13;;;;;10000.0;0.0
33;32000;INTARIAN_PEPPER_ROOT;46020;8;;;;;46037;10;;;;;46028.5;0.0
33;32100;ASH_COATED_OSMIUM;9987;26;9985;23;9982;10;10006;22;10008;14;10010;12;9997.0;0.0
33;32100;INTARIAN_PEPPER_ROOT;46026;12;46025;10;;;46038;12;46039;6;;;46032.0;0.0
33;32200;ASH_COATED_OSMIUM;9991;10;;;;;10007;10;;;;;9999.5;0.0
33;32200;INTARIAN_PEPPER_ROOT;46031;11;46028;11;;;46044;15;46045;12;;;46037.5;0.0
33;32300;ASH_COATED_OSMIUM;9991;10;;;;;10007;15;;;;;9999.5;0.0
33;32300;INTARIAN_PEPPER_ROOT;46024;9;;;;;46038;22;;;;;46031.5;0.0
33;32400;ASH_COATED_OSMIUM;9990;24;;;;;10008;14;;;;;9999.5;0.0
33;32400;INTARIAN_PEPPER_ROOT;46028;11;;;;;46039;11;;;;;46033.5;0.0
33;32500;ASH_COATED_OSMIUM;9988;11;9985;10;;;10004;13;10005;13;;;9996.0;0.0
33;32500;INTARIAN_PEPPER_ROOT;46028;16;46026;11;46024;11;46040;16;46042;12;46043;7;46034.5;0.0
33;32600;ASH_COATED_OSMIUM;9987;14;9984;13;9983;21;10006;15;10009;30;10011;13;9997.0;0.0
33;32600;INTARIAN_PEPPER_ROOT;46025;12;46023;10;;;46037;9;46040;8;;;46031.5;0.0
33;32700;ASH_COATED_OSMIUM;9989;12;;;;;10005;5;;;;;9997.5;0.0
33;32700;INTARIAN_PEPPER_ROOT;46029;10;;;;;46042;12;;;;;46035.5;0.0
33;32800;ASH_COATED_OSMIUM;9992;14;9989;13;;;9998;12;10000;13;;;9995.5;0.0
33;32800;INTARIAN_PEPPER_ROOT;46024;9;46023;9;;;46035;8;46037;11;;;46029.5;0.0
33;32900;ASH_COATED_OSMIUM;9981;13;9980;13;;;9999;11;10001;10;;;9990.5;0.0
33;32900;INTARIAN_PEPPER_ROOT;46028;11;46026;11;;;46041;12;46042;9;;;46035.0;0.0
33;33000;ASH_COATED_OSMIUM;9994;14;9993;15;9991;14;10001;26;10004;10;10006;5;9997.5;0.0
33;33000;INTARIAN_PEPPER_ROOT;46037;11;;;;;46040;11;;;;;46038.5;0.0
33;33100;ASH_COATED_OSMIUM;9987;15;;;;;10006;15;;;;;9996.5;0.0
33;33100;INTARIAN_PEPPER_ROOT;46025;9;46024;11;;;46038;11;46040;12;;;46032.0;0.0
33;33200;ASH_COATED_OSMIUM;9988;13;;;;;10007;15;;;;;9998.0;0.0
33;33200;INTARIAN_PEPPER_ROOT;46027;9;46025;17;;;46039;10;46040;9;;;46033.5;0.0
33;33300;ASH_COATED_OSMIUM;9992;10;9989;23;;;10008;14;10010;15;;;10000.5;0.0
33;33300;INTARIAN_PEPPER_ROOT;46030;8;46029;11;46026;11;46044;8;46046;10;46048;12;46037.0;0.0
33;33400;ASH_COATED_OSMIUM;9995;12;9992;14;9989;13;10011;29;10013;10;10015;13;10003.5;0.0
33;33400;INTARIAN_PEPPER_ROOT;46020;12;46017;8;46014;8;46034;11;46035;10;46036;10;46027.5;0.0
33;33500;ASH_COATED_OSMIUM;9988;13;9986;15;;;10004;13;10007;26;;;9996.5;0.0
33;33500;INTARIAN_PEPPER_ROOT;46029;10;46028;12;;;46046;11;46047;9;;;46037.5;0.0
33;33600;ASH_COATED_OSMIUM;9988;11;9987;14;;;10006;11;10009;14;;;9997.0;0.0
33;33600;INTARIAN_PEPPER_ROOT;46030;9;46029;11;;;46042;9;46045;8;;;46036.5;0.0
33;33700;ASH_COATED_OSMIUM;9986;12;9983;15;;;10002;23;10005;4;;;9994.5;0.0
33;33700;INTARIAN_PEPPER_ROOT;46032;9;46031;11;46029;10;46035;12;46038;9;46041;8;46033.5;0.0
33;33800;ASH_COATED_OSMIUM;9987;14;;;;;10003;15;;;;;9995.5;0.0
33;33800;INTARIAN_PEPPER_ROOT;46028;24;;;;;46044;8;;;;;46036.0;0.0
33;33900;ASH_COATED_OSMIUM;9981;11;9980;20;;;9999;12;10000;23;;;9990.0;0.0
33;33900;INTARIAN_PEPPER_ROOT;46026;8;;;;;46039;8;;;;;46033.0;0.0
33;34000;ASH_COATED_OSMIUM;9986;11;9985;10;;;10002;24;10004;14;;;9994.5;0.0
33;34000;INTARIAN_PEPPER_ROOT;46028;8;46027;10;;;46042;8;46043;11;;;46035.0;0.0
33;34100;ASH_COATED_OSMIUM;9989;11;9988;22;9986;29;10005;11;10008;14;10009;13;9997.5;0.0
33;34100;INTARIAN_PEPPER_ROOT;46028;8;46027;8;;;46040;21;46043;11;;;46034.5;0.0
33;34200;ASH_COATED_OSMIUM;9987;14;9984;10;;;10008;24;10009;10;;;9997.5;0.0
33;34200;INTARIAN_PEPPER_ROOT;46029;10;46026;17;46025;12;46039;19;46041;20;46044;8;46034.5;0.0
33;34300;ASH_COATED_OSMIUM;9993;30;9992;24;9990;22;10009;15;10012;21;10014;23;10001.5;0.0
33;34300;INTARIAN_PEPPER_ROOT;46031;21;;;;;46044;10;;;;;46038.0;0.0
33;34400;ASH_COATED_OSMIUM;9996;12;9994;12;;;10012;10;10013;27;;;10004.0;0.0
33;34400;INTARIAN_PEPPER_ROOT;46029;9;46027;12;46024;20;46040;8;46043;9;46044;10;46034.5;0.0
33;34500;ASH_COATED_OSMIUM;9993;11;9991;11;;;10009;10;10011;14;;;10001.5;0.0
33;34500;INTARIAN_PEPPER_ROOT;46026;9;;;;;46038;8;;;;;46032.0;0.0
33;34600;ASH_COATED_OSMIUM;9995;15;;;;;10011;12;;;;;10003.0;0.0
33;34600;INTARIAN_PEPPER_ROOT;46028;8;;;;;46042;11;;;;;46035.0;0.0
33;34700;ASH_COATED_OSMIUM;9986;25;;;;;10002;10;;;;;9994.5;0.0
33;34700;INTARIAN_PEPPER_ROOT;46031;8;46029;8;;;46046;16;46048;9;;;46039.0;0.0
33;34800;ASH_COATED_OSMIUM;9992;11;9989;15;;;10008;13;10011;12;;;10000.5;0.0
33;34800;INTARIAN_PEPPER_ROOT;46025;10;46022;9;46019;11;46040;8;46043;16;46046;9;46032.5;0.0
33;34900;ASH_COATED_OSMIUM;9995;11;9994;14;;;10011;14;10014;10;;;10003.0;0.0
33;34900;INTARIAN_PEPPER_ROOT;46030;10;46028;10;;;46041;18;46044;22;;;46035.5;0.0
33;35000;ASH_COATED_OSMIUM;9995;4;9993;11;;;10014;11;10016;15;;;10004.5;0.0
33;35000;INTARIAN_PEPPER_ROOT;46032;10;46031;12;;;46044;10;46046;9;;;46038.5;0.0
33;35100;ASH_COATED_OSMIUM;9996;29;9994;11;;;10012;10;10014;10;;;10004.0;0.0
33;35100;INTARIAN_PEPPER_ROOT;46026;8;;;;;46042;12;;;;;46034.0;0.0
33;35200;ASH_COATED_OSMIUM;9996;13;9994;13;;;10015;11;10016;10;;;10006.0;0.0
33;35200;INTARIAN_PEPPER_ROOT;46033;8;46031;10;;;46049;16;46051;16;;;46041.5;0.0
33;35300;ASH_COATED_OSMIUM;9992;22;9991;30;9989;15;10008;10;10011;15;10012;20;10000.0;0.0
33;35300;INTARIAN_PEPPER_ROOT;46031;10;46029;9;46027;8;46044;10;46046;9;46047;9;46038.0;0.0
33;35400;ASH_COATED_OSMIUM;9991;12;;;;;10007;28;;;;;9999.0;0.0
33;35400;INTARIAN_PEPPER_ROOT;46028;11;;;;;46042;12;;;;;46035.0;0.0
33;35500;ASH_COATED_OSMIUM;9988;15;9987;14;;;10004;15;10006;28;;;9996.5;0.0
33;35500;INTARIAN_PEPPER_ROOT;46022;12;46019;12;;;46040;11;46043;12;;;46031.5;0.0
33;35600;ASH_COATED_OSMIUM;9984;23;9981;12;9978;15;10000;26;10003;12;10006;23;9992.0;0.0
33;35600;INTARIAN_PEPPER_ROOT;46025;12;;;;;46044;15;;;;;46035.0;0.0
33;35700;ASH_COATED_OSMIUM;9985;27;9984;15;;;10001;10;10002;30;;;9993.5;0.0
33;35700;INTARIAN_PEPPER_ROOT;46028;12;46026;21;46023;8;46041;12;46044;9;46047;8;46035.0;0.0
33;35800;ASH_COATED_OSMIUM;9993;15;9991;15;9989;14;10012;14;10015;15;10017;14;10002.5;0.0
33;35800;INTARIAN_PEPPER_ROOT;46028;9;46025;12;;;46043;8;46045;10;;;46036.0;0.0
33;35900;ASH_COATED_OSMIUM;9991;15;9988;14;9985;13;10007;10;10010;10;10013;27;9999.5;0.0
33;35900;INTARIAN_PEPPER_ROOT;46032;11;46029;19;46027;20;46046;21;46047;23;46050;8;46039.0;0.0
33;36000;ASH_COATED_OSMIUM;9996;13;;;;;10001;10;;;;;9998.5;0.0
33;36000;INTARIAN_PEPPER_ROOT;46027;15;46024;10;;;46044;10;46047;9;;;46036.0;0.0
33;36100;ASH_COATED_OSMIUM;9980;15;9978;13;9977;12;9998;10;9999;12;10000;12;9989.5;0.0
33;36100;INTARIAN_PEPPER_ROOT;46028;10;46027;10;46025;9;46041;9;46044;12;46045;8;46034.5;0.0
33;36200;ASH_COATED_OSMIUM;9979;10;;;;;9995;4;;;;;9987.5;0.0
33;36200;INTARIAN_PEPPER_ROOT;46031;12;46029;8;46026;22;46044;8;46047;10;46050;11;46037.5;0.0
33;36300;ASH_COATED_OSMIUM;9981;13;;;;;9997;10;;;;;9989.5;0.0
33;36300;INTARIAN_PEPPER_ROOT;46026;12;46023;22;46020;24;46043;11;46045;11;46048;8;46034.5;0.0
33;36400;ASH_COATED_OSMIUM;9987;11;9985;14;;;10003;10;10004;23;;;9995.0;0.0
33;36400;INTARIAN_PEPPER_ROOT;46029;24;;;;;46044;9;;;;;46036.5;0.0
33;36500;ASH_COATED_OSMIUM;9990;14;9989;13;;;10006;14;10009;13;;;9998.5;0.0
33;36500;INTARIAN_PEPPER_ROOT;46031;20;46028;11;;;46043;10;46045;19;;;46037.5;0.0
33;36600;ASH_COATED_OSMIUM;9988;14;9985;15;9982;15;10009;26;10011;10;10013;15;9999.0;0.0
33;36600;INTARIAN_PEPPER_ROOT;46030;10;46029;9;;;46042;8;46044;20;;;46036.5;0.0
33;36700;ASH_COATED_OSMIUM;9994;14;9993;25;;;10010;30;10013;13;;;10002.0;0.0
33;36700;INTARIAN_PEPPER_ROOT;46029;9;46026;11;46023;21;46041;8;46043;10;46044;10;46035.5;0.0
33;36800;ASH_COATED_OSMIUM;9989;14;;;;;10008;13;;;;;9998.5;0.0
33;36800;INTARIAN_PEPPER_ROOT;46035;8;;;;;46048;11;;;;;46042.0;0.0
33;36900;ASH_COATED_OSMIUM;9990;12;9989;28;;;10006;10;10009;11;;;9998.5;0.0
33;36900;INTARIAN_PEPPER_ROOT;46029;9;;;;;46045;18;;;;;46037.5;0.0
33;37000;ASH_COATED_OSMIUM;9992;13;9990;11;9987;15;10008;12;10011;12;10014;10;10000.0;0.0
33;37000;INTARIAN_PEPPER_ROOT;46030;10;46028;8;46027;10;46042;12;46043;9;46045;9;46036.0;0.0
33;37100;ASH_COATED_OSMIUM;9993;11;9990;2;;;10009;15;10010;12;;;10001.5;0.0
33;37100;INTARIAN_PEPPER_ROOT;46032;11;;;;;46043;10;;;;;46037.5;0.0
33;37200;ASH_COATED_OSMIUM;9996;14;9995;13;9992;12;10012;14;10014;22;10016;10;10004.0;0.0
33;37200;INTARIAN_PEPPER_ROOT;46034;10;46031;9;;;46044;9;46047;10;;;46039.5;0.0
33;37300;ASH_COATED_OSMIUM;9992;13;9989;13;;;10008;15;10010;14;;;10000.0;0.0
33;37300;INTARIAN_PEPPER_ROOT;46035;10;;;;;46038;23;;;;;46036.5;0.0
33;37400;ASH_COATED_OSMIUM;9997;15;9994;11;9993;13;10008;28;10010;10;10012;11;10002.5;0.0
33;37400;INTARIAN_PEPPER_ROOT;46031;10;46030;12;;;46044;11;46045;8;;;46038.0;0.0
33;37500;ASH_COATED_OSMIUM;9994;10;9993;13;;;10012;12;10013;10;;;10003.0;0.0
33;37500;INTARIAN_PEPPER_ROOT;46027;19;46025;12;;;46040;9;46042;10;;;46034.0;0.0
33;37600;ASH_COATED_OSMIUM;9987;10;9985;11;9984;11;10005;14;10006;14;10008;12;9996.0;0.0
33;37600;INTARIAN_PEPPER_ROOT;46032;10;46031;12;46029;9;46044;19;46046;8;46048;9;46038.0;0.0
33;37700;ASH_COATED_OSMIUM;9998;10;9995;28;;;10008;15;10010;4;;;10003.5;0.0
33;37700;INTARIAN_PEPPER_ROOT;46034;10;46031;12;;;46047;9;46050;22;;;46040.5;0.0
33;37800;ASH_COATED_OSMIUM;9993;13;9992;10;;;10011;13;10012;21;;;10002.5;0.0
33;37800;INTARIAN_PEPPER_ROOT;46032;8;46029;3;;;46046;10;46047;12;;;46039.5;0.0
33;37900;ASH_COATED_OSMIUM;9989;14;9988;12;;;10008;27;10011;14;;;9999.0;0.0
33;37900;INTARIAN_PEPPER_ROOT;46031;8;;;;;46044;8;;;;;46037.5;0.0
33;38000;ASH_COATED_OSMIUM;9988;4;9986;26;;;10006;13;10008;11;;;9997.5;0.0
33;38000;INTARIAN_PEPPER_ROOT;46033;12;;;;;46046;11;;;;;46040.0;0.0
33;38100;ASH_COATED_OSMIUM;9986;13;9985;15;9984;11;10004;12;10007;10;10010;12;9995.5;0.0
33;38100;INTARIAN_PEPPER_ROOT;46030;6;;;;;46042;12;;;;;46036.5;0.0
33;38200;ASH_COATED_OSMIUM;9990;15;9989;27;9986;10;10006;10;10009;11;10012;11;9998.0;0.0
33;38200;INTARIAN_PEPPER_ROOT;46034;10;46032;8;;;46046;10;46049;11;;;46040.0;0.0
33;38300;ASH_COATED_OSMIUM;9992;29;;;;;10008;11;;;;;10000.5;0.0
33;38300;INTARIAN_PEPPER_ROOT;46031;11;46028;9;;;46044;12;46047;25;;;46038.0;0.0
33;38400;ASH_COATED_OSMIUM;9986;28;;;;;10004;11;;;;;9995.5;0.0
33;38400;INTARIAN_PEPPER_ROOT;46032;9;46031;11;;;46044;9;46046;9;;;46038.5;0.0
33;38500;ASH_COATED_OSMIUM;9989;10;9987;12;;;10005;5;10008;10;;;9997.5;0.0
33;38500;INTARIAN_PEPPER_ROOT;46032;12;46030;8;;;46046;9;46047;11;;;46039.0;0.0
33;38600;ASH_COATED_OSMIUM;9988;12;9986;8;;;10006;12;10009;15;;;9997.0;0.0
33;38600;INTARIAN_PEPPER_ROOT;46033;20;46031;6;46030;8;46045;25;46046;10;46049;10;46039.5;0.0
33;38700;ASH_COATED_OSMIUM;9990;13;9988;15;;;10006;26;10009;13;;;9998.0;0.0
33;38700;INTARIAN_PEPPER_ROOT;46035;17;46034;10;;;46049;10;46052;5;;;46042.0;0.0
33;38800;ASH_COATED_OSMIUM;9985;14;;;;;10003;13;;;;;9994.5;0.0
33;38800;INTARIAN_PEPPER_ROOT;46035;18;46034;10;46033;9;46046;11;46049;8;46051;12;46041.0;0.0
33;38900;ASH_COATED_OSMIUM;9986;12;;;;;10002;11;;;;;9994.0;0.0
33;38900;INTARIAN_PEPPER_ROOT;46032;8;;;;;46044;10;;;;;46038.0;0.0
33;39000;ASH_COATED_OSMIUM;9986;11;9983;12;;;10004;22;10005;15;;;9995.5;0.0
33;39000;INTARIAN_PEPPER_ROOT;46033;18;46032;8;46029;9;46046;12;46047;11;46049;8;46039.5;0.0
33;39100;ASH_COATED_OSMIUM;9989;13;;;;;10005;29;;;;;9997.0;0.0
33;39100;INTARIAN_PEPPER_ROOT;46030;25;46027;18;46024;8;46043;11;46044;12;46045;12;46037.0;0.0
33;39200;ASH_COATED_OSMIUM;9985;11;9984;15;9983;12;10001;28;10002;15;10003;10;9993.0;0.0
33;39200;INTARIAN_PEPPER_ROOT;46034;9;46031;11;46029;11;46046;12;46049;25;46052;17;46040.0;0.0
33;39300;ASH_COATED_OSMIUM;9985;14;9982;10;9979;15;10001;15;10004;23;10005;11;9993.5;0.0
33;39300;INTARIAN_PEPPER_ROOT;46035;8;46033;9;46031;10;46048;9;46051;8;46053;9;46042.0;0.0
33;39400;ASH_COATED_OSMIUM;9985;10;9982;11;9980;13;10001;12;10002;13;10005;4;9993.0;0.0
33;39400;INTARIAN_PEPPER_ROOT;46037;9;46035;10;;;46040;21;46041;16;;;46039.0;0.0
33;39500;ASH_COATED_OSMIUM;9990;11;;;;;10006;23;;;;;9998.5;0.0
33;39500;INTARIAN_PEPPER_ROOT;46032;8;46030;10;;;46044;17;46045;9;;;46038.0;0.0
33;39600;ASH_COATED_OSMIUM;9992;13;9990;15;;;10008;10;10010;11;;;10000.0;0.0
33;39600;INTARIAN_PEPPER_ROOT;46035;11;;;;;46049;11;;;;;46042.0;0.0
33;39700;ASH_COATED_OSMIUM;9993;10;9991;12;;;10009;15;10012;13;;;10001.0;0.0
33;39700;INTARIAN_PEPPER_ROOT;46032;9;;;;;46047;8;;;;;46040.0;0.0
33;39800;ASH_COATED_OSMIUM;9985;14;9983;11;;;10001;14;10003;11;;;9993.0;0.0
33;39800;INTARIAN_PEPPER_ROOT;46038;10;46037;10;46034;8;46051;19;46054;12;46057;19;46045.0;0.0
33;39900;ASH_COATED_OSMIUM;9989;27;9986;14;;;10005;11;10007;13;;;9997.5;0.0
33;39900;INTARIAN_PEPPER_ROOT;46033;8;46030;23;46028;11;46044;10;46046;24;46049;9;46038.5;0.0
33;40000;ASH_COATED_OSMIUM;9994;25;9993;11;9991;25;10010;15;10013;29;10014;15;10002.0;0.0
33;40000;INTARIAN_PEPPER_ROOT;46033;9;46032;10;46031;8;46045;18;46047;12;46050;9;46039.0;0.0
33;40100;ASH_COATED_OSMIUM;9997;28;9996;20;;;10008;13;10011;12;;;10003.0;0.0
33;40100;INTARIAN_PEPPER_ROOT;46034;24;46032;11;46029;4;46048;9;46049;12;46051;11;46041.0;0.0
33;40200;ASH_COATED_OSMIUM;9988;13;;;;;10004;14;;;;;9996.0;0.0
33;40200;INTARIAN_PEPPER_ROOT;46028;12;46025;9;;;46046;19;46047;10;;;46037.0;0.0
33;40300;ASH_COATED_OSMIUM;9987;15;9985;12;9983;10;9997;25;10000;14;10003;15;9992.0;0.0
33;40300;INTARIAN_PEPPER_ROOT;46034;10;;;;;46047;11;;;;;46040.5;0.0
33;40400;ASH_COATED_OSMIUM;9985;13;;;;;10004;12;;;;;9994.5;0.0
33;40400;INTARIAN_PEPPER_ROOT;46031;15;46028;9;;;46048;10;46049;10;;;46040.0;0.0
33;40500;ASH_COATED_OSMIUM;9991;14;9989;15;9986;10;10007;12;10009;23;10010;22;9999.0;0.0
33;40500;INTARIAN_PEPPER_ROOT;46031;9;46028;16;;;46044;10;46046;9;;;46037.5;0.0
33;40600;ASH_COATED_OSMIUM;9992;10;9990;24;;;10008;10;10010;10;;;10000.5;0.0
33;40600;INTARIAN_PEPPER_ROOT;46033;8;46032;12;;;46045;8;46047;22;;;46039.0;0.0
33;40700;ASH_COATED_OSMIUM;9984;10;9981;13;;;10000;25;10001;14;;;9992.5;0.0
33;40700;INTARIAN_PEPPER_ROOT;46029;12;46027;12;46024;25;46043;22;46045;25;46046;25;46036.5;0.0
33;40800;ASH_COATED_OSMIUM;9987;15;;;;;10003;25;;;;;9995.5;0.0
33;40800;INTARIAN_PEPPER_ROOT;46038;10;46037;10;46034;17;46050;10;46053;8;46054;10;46044.5;0.0
33;40900;ASH_COATED_OSMIUM;9988;23;9985;26;;;10007;13;10010;11;;;9997.5;0.0
33;40900;INTARIAN_PEPPER_ROOT;46036;18;46035;11;;;46048;19;46050;8;;;46042.5;0.0
33;41000;ASH_COATED_OSMIUM;9985;11;9984;15;;;10001;10;10003;11;;;9993.5;0.0
33;41000;INTARIAN_PEPPER_ROOT;46032;10;46031;8;46028;19;46049;11;46050;25;46051;11;46040.5;0.0
33;41100;ASH_COATED_OSMIUM;9990;15;9987;12;;;10006;26;10007;10;;;9998.5;0.0
33;41100;INTARIAN_PEPPER_ROOT;46032;10;;;;;46045;9;;;;;46039.0;0.0
33;41200;ASH_COATED_OSMIUM;9986;12;9984;10;;;10004;21;10007;10;;;9995.5;0.0
33;41200;INTARIAN_PEPPER_ROOT;46039;10;46038;12;;;46052;10;46053;9;;;46045.5;0.0
33;41300;ASH_COATED_OSMIUM;9985;12;;;;;10001;15;;;;;9993.5;0.0
33;41300;INTARIAN_PEPPER_ROOT;46037;8;46036;21;;;46050;8;46053;9;;;46044.0;0.0
33;41400;ASH_COATED_OSMIUM;9980;15;9978;11;9976;13;9996;25;9997;14;9998;29;9988.5;0.0
33;41400;INTARIAN_PEPPER_ROOT;46037;9;46034;12;46033;11;46050;10;46053;12;46054;10;46043.5;0.0
33;41500;ASH_COATED_OSMIUM;9981;26;9978;12;;;9997;14;9999;15;;;9989.5;0.0
33;41500;INTARIAN_PEPPER_ROOT;46034;24;46032;11;;;46048;11;46051;8;;;46041.5;0.0
33;41600;ASH_COATED_OSMIUM;9978;14;9976;10;;;9994;10;9995;15;;;9986.5;0.0
33;41600;INTARIAN_PEPPER_ROOT;46036;10;46035;9;;;46048;8;46051;10;;;46042.0;0.0
33;41700;ASH_COATED_OSMIUM;9976;10;;;;;9994;12;;;;;9985.5;0.0
33;41700;INTARIAN_PEPPER_ROOT;46038;18;;;;;46052;9;;;;;46045.0;0.0
33;41800;ASH_COATED_OSMIUM;9982;10;;;;;10000;10;;;;;9991.0;0.0
33;41800;INTARIAN_PEPPER_ROOT;46036;15;46034;11;;;46048;10;46050;8;;;46042.5;0.0
33;41900;ASH_COATED_OSMIUM;9989;10;;;;;10005;21;;;;;9997.0;0.0
33;41900;INTARIAN_PEPPER_ROOT;46036;12;;;;;46049;10;;;;;46042.5;0.0
33;42000;ASH_COATED_OSMIUM;9990;15;9988;15;;;10009;12;10011;22;;;9999.5;0.0
33;42000;INTARIAN_PEPPER_ROOT;46035;11;46033;10;46030;12;46048;12;46051;11;46052;10;46041.5;0.0
33;42100;ASH_COATED_OSMIUM;9993;14;9992;13;9989;14;10009;11;10012;13;10015;11;10001.0;0.0
33;42100;INTARIAN_PEPPER_ROOT;46035;4;46033;9;46031;22;46051;12;46052;11;46055;10;46043.5;0.0
33;42200;ASH_COATED_OSMIUM;9991;10;9988;11;;;10007;12;10010;15;;;9999.5;0.0
33;42200;INTARIAN_PEPPER_ROOT;46036;9;46033;10;;;46049;19;46052;11;;;46043.0;0.0
33;42300;ASH_COATED_OSMIUM;9983;15;9982;14;9981;10;9999;14;10000;13;10001;10;9991.5;0.0
33;42300;INTARIAN_PEPPER_ROOT;46034;25;;;;;46046;8;;;;;46040.5;0.0
33;42400;ASH_COATED_OSMIUM;9988;5;;;;;10007;15;;;;;9997.5;0.0
33;42400;INTARIAN_PEPPER_ROOT;46038;24;46036;11;;;46049;10;46052;15;;;46044.0;0.0
33;42500;ASH_COATED_OSMIUM;9988;14;;;;;10004;27;;;;;9996.5;0.0
33;42500;INTARIAN_PEPPER_ROOT;46036;11;46033;12;;;46056;18;46058;10;;;46046.5;0.0
33;42600;ASH_COATED_OSMIUM;9988;14;9986;14;9985;14;10006;14;10007;12;10010;12;9997.5;0.0
33;42600;INTARIAN_PEPPER_ROOT;46029;18;;;;;46044;11;;;;;46037.0;0.0
33;42700;ASH_COATED_OSMIUM;9990;13;9989;24;;;10006;23;10007;12;;;9998.5;0.0
33;42700;INTARIAN_PEPPER_ROOT;46041;15;46039;8;;;46045;20;46047;10;;;46043.5;0.0
33;42800;ASH_COATED_OSMIUM;9987;13;9984;29;9983;13;10003;15;10005;22;10007;23;9995.0;0.0
33;42800;INTARIAN_PEPPER_ROOT;46033;11;46031;9;;;46047;9;46048;11;;;46040.0;0.0
33;42900;ASH_COATED_OSMIUM;9992;12;;;;;10008;15;;;;;10000.0;0.0
33;42900;INTARIAN_PEPPER_ROOT;46038;25;46035;10;;;46050;11;46052;9;;;46044.0;0.0
33;43000;ASH_COATED_OSMIUM;9991;3;;;;;10010;14;;;;;10001.0;0.0
33;43000;INTARIAN_PEPPER_ROOT;46037;8;46034;20;;;46048;9;46049;12;;;46042.5;0.0
33;43100;ASH_COATED_OSMIUM;10001;13;10000;4;9997;15;10019;30;10022;15;10025;15;10010.0;0.0
33;43100;INTARIAN_PEPPER_ROOT;46039;11;46036;8;;;46051;11;46054;8;;;46045.0;0.0
33;43200;ASH_COATED_OSMIUM;10001;11;;;;;10017;13;;;;;10009.5;0.0
33;43200;INTARIAN_PEPPER_ROOT;46035;12;;;;;46046;12;;;;;46041.0;0.0
33;43300;ASH_COATED_OSMIUM;10001;11;;;;;10019;25;;;;;10010.0;0.0
33;43300;INTARIAN_PEPPER_ROOT;46033;8;;;;;46048;8;;;;;46040.5;0.0
33;43400;ASH_COATED_OSMIUM;10002;10;9999;3;;;10018;15;10020;20;;;10010.0;0.0
33;43400;INTARIAN_PEPPER_ROOT;46037;21;;;;;46050;25;;;;;46044.0;0.0
33;43500;ASH_COATED_OSMIUM;10002;12;9999;24;9997;11;10012;10;10013;13;10016;14;10007.0;0.0
33;43500;INTARIAN_PEPPER_ROOT;46042;25;46040;3;;;46054;25;46057;10;;;46048.0;0.0
33;43600;ASH_COATED_OSMIUM;9998;12;9997;15;9996;25;10014;11;10016;25;10019;12;10006.0;0.0
33;43600;INTARIAN_PEPPER_ROOT;46036;9;46033;23;;;46050;8;46053;9;;;46043.0;0.0
33;43700;ASH_COATED_OSMIUM;9993;13;9990;12;9988;13;10009;12;10012;13;10014;12;10001.0;0.0
33;43700;INTARIAN_PEPPER_ROOT;46041;21;46038;12;;;46052;10;46054;11;;;46046.5;0.0
33;43800;ASH_COATED_OSMIUM;9993;13;9991;12;9989;14;10012;10;10015;14;10018;12;10003.0;0.0
33;43800;INTARIAN_PEPPER_ROOT;46035;10;;;;;46047;12;;;;;46041.5;0.0
33;43900;ASH_COATED_OSMIUM;9997;12;9995;10;;;10013;23;10014;11;;;10005.0;0.0
33;43900;INTARIAN_PEPPER_ROOT;46033;9;;;;;46047;10;;;;;46040.5;0.0
33;44000;ASH_COATED_OSMIUM;9993;13;9990;10;;;10014;14;10016;11;;;10003.5;0.0
33;44000;INTARIAN_PEPPER_ROOT;46035;9;;;;;46048;21;;;;;46041.5;0.0
33;44100;ASH_COATED_OSMIUM;9995;27;9992;13;;;10016;30;10017;13;;;10005.5;0.0
33;44100;INTARIAN_PEPPER_ROOT;46037;10;46035;23;;;46052;10;46053;8;;;46045.0;0.0
33;44200;ASH_COATED_OSMIUM;9993;13;9992;13;;;10009;27;10011;10;;;10001.5;0.0
33;44200;INTARIAN_PEPPER_ROOT;46044;12;46042;15;;;46056;12;46057;8;;;46050.0;0.0
33;44300;ASH_COATED_OSMIUM;9995;13;9994;12;9993;12;10011;15;10014;15;10017;13;10003.5;0.0
33;44300;INTARIAN_PEPPER_ROOT;46032;9;46031;11;46029;10;46049;8;46052;16;46053;11;46041.0;0.0
33;44400;ASH_COATED_OSMIUM;9989;14;9988;10;;;10007;14;10009;11;;;9998.0;0.0
33;44400;INTARIAN_PEPPER_ROOT;46039;11;46038;10;46037;11;46051;12;46054;12;46055;9;46045.0;0.0
33;44500;ASH_COATED_OSMIUM;9990;20;9989;13;;;10008;21;10011;14;;;9999.5;0.0
33;44500;INTARIAN_PEPPER_ROOT;46036;10;46035;10;;;46051;10;46054;11;;;46043.5;0.0
33;44600;ASH_COATED_OSMIUM;9992;11;9989;11;;;10011;13;10014;11;;;10002.0;0.0
33;44600;INTARIAN_PEPPER_ROOT;46040;12;46038;8;;;46054;9;46057;12;;;46047.0;0.0
33;44700;ASH_COATED_OSMIUM;9991;12;;;;;10007;10;;;;;9999.5;0.0
33;44700;INTARIAN_PEPPER_ROOT;46035;10;46032;9;46031;12;46048;12;46049;17;46050;11;46042.0;0.0
33;44800;ASH_COATED_OSMIUM;9994;27;9993;15;9991;14;10010;15;10013;11;10015;14;10002.0;0.0
33;44800;INTARIAN_PEPPER_ROOT;46040;8;46038;11;;;46051;23;46052;10;;;46046.0;0.0
33;44900;ASH_COATED_OSMIUM;9990;10;9989;13;;;10009;10;10010;21;;;10000.0;0.0
33;44900;INTARIAN_PEPPER_ROOT;46037;6;;;;;46053;12;;;;;46045.5;0.0
33;45000;ASH_COATED_OSMIUM;9989;14;9987;14;;;10005;12;10007;14;;;9997.5;0.0
33;45000;INTARIAN_PEPPER_ROOT;46040;8;;;;;46054;10;;;;;46047.0;0.0
33;45100;ASH_COATED_OSMIUM;9986;15;9984;14;9982;22;10005;15;10007;22;10010;2;9996.0;0.0
33;45100;INTARIAN_PEPPER_ROOT;46041;15;46040;10;;;46052;5;46053;8;;;46047.0;0.0
33;45200;ASH_COATED_OSMIUM;9984;12;9982;13;;;10002;12;10004;10;;;9993.0;0.0
33;45200;INTARIAN_PEPPER_ROOT;46038;23;46037;8;;;46052;16;46053;10;;;46045.5;0.0
33;45300;ASH_COATED_OSMIUM;9982;15;9981;10;;;9998;11;9999;15;;;9990.0;0.0
33;45300;INTARIAN_PEPPER_ROOT;46033;12;;;;;46047;10;;;;;46040.5;0.0
33;45400;ASH_COATED_OSMIUM;9983;15;9980;11;9979;23;9999;10;10000;13;10002;13;9991.5;0.0
33;45400;INTARIAN_PEPPER_ROOT;46035;12;46032;19;;;46050;11;46051;8;;;46042.5;0.0
33;45500;ASH_COATED_OSMIUM;9979;23;;;;;9995;11;;;;;9987.5;0.0
33;45500;INTARIAN_PEPPER_ROOT;46040;9;46039;9;46038;11;46048;10;46051;8;46052;10;46044.0;0.0
33;45600;ASH_COATED_OSMIUM;9983;10;9982;12;;;9999;11;10001;10;;;9991.5;0.0
33;45600;INTARIAN_PEPPER_ROOT;46040;10;46037;10;46036;8;46054;9;46057;12;46058;11;46047.0;0.0
33;45700;ASH_COATED_OSMIUM;9987;13;;;;;10003;20;;;;;9995.0;0.0
33;45700;INTARIAN_PEPPER_ROOT;46040;23;;;;;46056;12;;;;;46048.0;0.0
33;45800;ASH_COATED_OSMIUM;9986;3;;;;;10002;11;;;;;9994.5;0.0
33;45800;INTARIAN_PEPPER_ROOT;46041;9;;;;;46054;8;;;;;46048.0;0.0
33;45900;ASH_COATED_OSMIUM;9983;15;9982;27;;;9993;14;9994;14;;;9988.5;0.0
33;45900;INTARIAN_PEPPER_ROOT;46042;12;46041;24;;;46055;8;46058;8;;;46048.5;0.0
33;46000;ASH_COATED_OSMIUM;9986;29;9985;14;;;10005;23;10008;15;;;9995.5;0.0
33;46000;INTARIAN_PEPPER_ROOT;46037;12;;;;;46052;8;;;;;46044.5;0.0
33;46100;ASH_COATED_OSMIUM;9986;14;9983;14;;;10002;15;10003;14;;;9994.0;0.0
33;46100;INTARIAN_PEPPER_ROOT;46036;8;;;;;46050;9;;;;;46043.5;0.0
33;46200;ASH_COATED_OSMIUM;9990;24;9988;10;9987;24;10006;21;10007;14;10009;13;9998.0;0.0
33;46200;INTARIAN_PEPPER_ROOT;46038;8;46036;10;46033;20;46051;10;46053;11;46055;12;46044.5;0.0
33;46300;ASH_COATED_OSMIUM;9994;15;;;;;10010;13;;;;;10002.0;0.0
33;46300;INTARIAN_PEPPER_ROOT;46040;12;46039;22;;;46050;18;46053;9;;;46045.0;0.0
33;46400;ASH_COATED_OSMIUM;9990;4;9987;11;;;10011;11;10012;25;;;10000.5;0.0
33;46400;INTARIAN_PEPPER_ROOT;46037;8;46036;10;;;46054;10;46056;8;;;46045.5;0.0
33;46500;ASH_COATED_OSMIUM;9994;15;;;;;10003;12;;;;;9998.5;0.0
33;46500;INTARIAN_PEPPER_ROOT;46042;12;;;;;46054;10;;;;;46048.5;0.0
33;46600;ASH_COATED_OSMIUM;9991;11;9990;12;;;10010;10;10011;22;;;10000.5;0.0
33;46600;INTARIAN_PEPPER_ROOT;46040;19;46037;15;46035;11;46052;11;46053;11;46054;9;46046.5;0.0
33;46700;ASH_COATED_OSMIUM;9994;8;;;;;10010;12;;;;;10002.5;0.0
33;46700;INTARIAN_PEPPER_ROOT;46038;11;46035;10;46032;8;46051;8;46054;12;46057;12;46044.5;0.0
33;46800;ASH_COATED_OSMIUM;9995;13;9992;13;;;10011;13;10012;10;;;10003.0;0.0
33;46800;INTARIAN_PEPPER_ROOT;46044;10;46041;22;;;46056;24;46057;22;;;46050.0;0.0
33;46900;ASH_COATED_OSMIUM;9993;13;9992;13;;;10009;15;10011;15;;;10001.0;0.0
33;46900;INTARIAN_PEPPER_ROOT;46044;9;46042;12;46040;8;46055;12;46056;11;46058;9;46050.0;0.0
33;47000;ASH_COATED_OSMIUM;9990;11;9989;27;9988;15;10006;15;10009;12;10012;12;9998.0;0.0
33;47000;INTARIAN_PEPPER_ROOT;46044;9;46042;11;46039;10;46057;11;46060;9;46062;9;46050.5;0.0
33;47100;ASH_COATED_OSMIUM;9994;24;;;;;10010;10;;;;;10002.5;0.0
33;47100;INTARIAN_PEPPER_ROOT;46037;25;46034;12;;;46051;12;46053;11;;;46044.0;0.0
33;47200;ASH_COATED_OSMIUM;9996;12;;;;;10012;13;;;;;10004.5;0.0
33;47200;INTARIAN_PEPPER_ROOT;46046;11;46043;10;;;46049;12;46052;10;;;46048.0;0.0
33;47300;ASH_COATED_OSMIUM;9996;10;9994;12;;;10012;11;10014;15;;;10004.0;0.0
33;47300;INTARIAN_PEPPER_ROOT;46039;12;46036;15;;;46055;12;46056;8;;;46047.0;0.0
33;47400;ASH_COATED_OSMIUM;10000;14;;;;;10013;13;;;;;10007.0;0.0
33;47400;INTARIAN_PEPPER_ROOT;46038;12;;;;;46051;8;;;;;46044.5;0.0
33;47500;ASH_COATED_OSMIUM;10000;20;;;;;10016;11;;;;;10008.5;0.0
33;47500;INTARIAN_PEPPER_ROOT;46040;9;46038;15;46036;12;46056;9;46058;8;46060;10;46048.5;0.0
33;47600;ASH_COATED_OSMIUM;10001;13;;;;;10017;13;;;;;10009.0;0.0
33;47600;INTARIAN_PEPPER_ROOT;46036;11;46035;18;;;46053;8;46054;10;;;46044.5;0.0
33;47700;ASH_COATED_OSMIUM;10001;10;10000;10;9998;10;10017;13;10019;24;10021;10;10009.0;0.0
33;47700;INTARIAN_PEPPER_ROOT;46044;15;;;;;46056;9;;;;;46050.5;0.0
33;47800;ASH_COATED_OSMIUM;9998;14;;;;;10014;15;;;;;10006.0;0.0
33;47800;INTARIAN_PEPPER_ROOT;46046;10;46043;12;;;46060;8;46063;8;;;46053.5;0.0
33;47900;ASH_COATED_OSMIUM;10003;11;10000;11;;;10019;11;10022;11;;;10011.0;0.0
33;47900;INTARIAN_PEPPER_ROOT;46040;22;46039;8;46037;8;46052;10;46055;12;46056;8;46046.0;0.0
33;48000;ASH_COATED_OSMIUM;10003;10;;;;;10019;10;;;;;10011.0;0.0
33;48000;INTARIAN_PEPPER_ROOT;46045;17;46044;11;46042;10;46057;9;46059;23;46060;12;46051.5;0.0
33;48100;ASH_COATED_OSMIUM;10000;12;9999;11;;;10019;10;10022;12;;;10009.5;0.0
33;48100;INTARIAN_PEPPER_ROOT;46041;9;46038;9;46037;9;46060;12;46062;10;46063;20;46051.0;0.0
33;48200;ASH_COATED_OSMIUM;9997;12;9994;10;;;10013;10;10016;14;;;10005.0;0.0
33;48200;INTARIAN_PEPPER_ROOT;46038;8;46037;25;46036;11;46054;12;46056;8;46059;9;46046.5;0.0
33;48300;ASH_COATED_OSMIUM;9993;10;;;;;10009;15;;;;;10001.5;0.0
33;48300;INTARIAN_PEPPER_ROOT;46043;12;46040;5;;;46057;9;46058;10;;;46050.0;0.0
33;48400;ASH_COATED_OSMIUM;9993;11;9992;13;;;10011;15;10014;11;;;10002.0;0.0
33;48400;INTARIAN_PEPPER_ROOT;46044;9;;;;;46057;19;;;;;46050.5;0.0
33;48500;ASH_COATED_OSMIUM;9991;14;9988;24;;;10007;12;10009;15;;;9999.0;0.0
33;48500;INTARIAN_PEPPER_ROOT;46044;12;46042;12;46041;9;46056;12;46058;9;46060;10;46050.0;0.0
33;48600;ASH_COATED_OSMIUM;9989;13;9987;11;9985;14;9999;11;10002;11;10003;15;9994.0;0.0
33;48600;INTARIAN_PEPPER_ROOT;46040;10;46038;3;46035;8;46056;15;46057;10;46060;10;46048.0;0.0
33;48700;ASH_COATED_OSMIUM;9993;13;9990;14;;;10009;12;10010;3;;;10001.0;0.0
33;48700;INTARIAN_PEPPER_ROOT;46042;9;46039;11;46036;10;46054;9;46055;11;46056;12;46048.0;0.0
33;48800;ASH_COATED_OSMIUM;9995;13;9994;10;;;10011;12;10012;11;;;10003.5;0.0
33;48800;INTARIAN_PEPPER_ROOT;46044;23;46042;9;46041;11;46055;12;46057;16;46059;11;46049.5;0.0
33;48900;ASH_COATED_OSMIUM;9995;14;;;;;10011;15;;;;;10003.5;0.0
33;48900;INTARIAN_PEPPER_ROOT;46046;9;;;;;46057;12;;;;;46051.5;0.0
33;49000;ASH_COATED_OSMIUM;9995;14;9994;15;;;10013;14;10016;11;;;10004.0;0.0
33;49000;INTARIAN_PEPPER_ROOT;46041;22;;;;;46053;9;;;;;46047.0;0.0
33;49100;ASH_COATED_OSMIUM;9999;11;;;;;10015;15;;;;;10007.5;0.0
33;49100;INTARIAN_PEPPER_ROOT;46044;12;;;;;46057;10;;;;;46051.0;0.0
33;49200;ASH_COATED_OSMIUM;9998;12;9996;12;9995;15;10017;14;10019;12;10021;30;10008.0;0.0
33;49200;INTARIAN_PEPPER_ROOT;46047;9;46044;8;;;46059;11;46060;9;;;46053.0;0.0
33;49300;ASH_COATED_OSMIUM;10001;15;;;;;10017;14;;;;;10009.5;0.0
33;49300;INTARIAN_PEPPER_ROOT;46042;10;;;;;46053;8;;;;;46047.5;0.0
33;49400;ASH_COATED_OSMIUM;9998;11;9995;11;;;10014;11;10017;23;;;10006.0;0.0
33;49400;INTARIAN_PEPPER_ROOT;46043;10;46042;11;46040;11;46056;8;46057;11;46060;8;46050.0;0.0
33;49500;ASH_COATED_OSMIUM;9995;15;;;;;10011;4;;;;;10003.5;0.0
33;49500;INTARIAN_PEPPER_ROOT;46038;22;46037;18;;;46058;11;46059;17;;;46048.5;0.0
33;49600;ASH_COATED_OSMIUM;9999;13;9998;13;;;10011;15;10013;27;;;10005.0;0.0
33;49600;INTARIAN_PEPPER_ROOT;46046;17;46043;11;46041;10;46057;9;46060;8;46062;9;46051.5;0.0
33;49700;ASH_COATED_OSMIUM;9995;24;9993;15;;;10013;14;10014;13;;;10004.0;0.0
33;49700;INTARIAN_PEPPER_ROOT;46048;8;46046;10;;;46061;8;46062;11;;;46054.5;0.0
33;49800;ASH_COATED_OSMIUM;9994;11;9991;12;;;10010;14;10011;14;;;10002.0;0.0
33;49800;INTARIAN_PEPPER_ROOT;46043;23;;;;;46058;8;;;;;46051.0;0.0
33;49900;ASH_COATED_OSMIUM;9994;15;9993;14;;;10012;8;10014;27;;;10003.0;0.0
33;49900;INTARIAN_PEPPER_ROOT;46041;8;46039;11;46037;25;46054;10;46057;16;46059;10;46047.5;0.0
33;50000;ASH_COATED_OSMIUM;9993;11;;;;;10011;10;;;;;10002.0;0.0
33;50000;INTARIAN_PEPPER_ROOT;46043;12;;;;;46055;10;;;;;46049.5;0.0
33;50100;ASH_COATED_OSMIUM;9992;26;9991;14;9989;13;10008;11;10009;21;10010;11;10000.5;0.0
33;50100;INTARIAN_PEPPER_ROOT;46042;9;46041;8;;;46055;12;46056;25;;;46048.5;0.0
33;50200;ASH_COATED_OSMIUM;9993;13;9992;29;9990;13;10009;15;10011;12;10012;14;10001.0;0.0
33;50200;INTARIAN_PEPPER_ROOT;46045;12;46043;24;;;46058;8;46060;9;;;46051.5;0.0
33;50300;ASH_COATED_OSMIUM;9997;12;9996;13;;;10008;10;10009;13;;;10003.0;0.0
33;50300;INTARIAN_PEPPER_ROOT;46046;12;46044;12;;;46057;9;46060;8;;;46051.5;0.0
33;50400;ASH_COATED_OSMIUM;9991;11;;;;;10009;24;;;;;10000.5;0.0
33;50400;INTARIAN_PEPPER_ROOT;46046;8;46043;9;46042;8;46060;10;46061;9;46062;12;46053.5;0.0
33;50500;ASH_COATED_OSMIUM;9990;12;9989;15;;;10006;22;10009;15;;;9998.0;0.0
33;50500;INTARIAN_PEPPER_ROOT;46047;12;;;;;46060;8;;;;;46053.5;0.0
33;50600;ASH_COATED_OSMIUM;9996;11;9995;15;;;10012;15;10013;13;;;10004.0;0.0
33;50600;INTARIAN_PEPPER_ROOT;46039;15;46037;9;46036;12;46059;9;46060;12;46061;12;46049.5;0.0
33;50700;ASH_COATED_OSMIUM;9997;14;9996;15;;;10007;14;10010;10;;;10002.5;0.0
33;50700;INTARIAN_PEPPER_ROOT;46044;8;46043;18;46042;11;46057;11;46060;10;46061;12;46050.5;0.0
33;50800;ASH_COATED_OSMIUM;9989;15;;;;;10005;22;;;;;9997.5;0.0
33;50800;INTARIAN_PEPPER_ROOT;46043;23;46041;12;;;46058;10;46059;8;;;46051.0;0.0
33;50900;ASH_COATED_OSMIUM;9987;11;9986;12;;;10003;14;10006;14;;;9995.0;0.0
33;50900;INTARIAN_PEPPER_ROOT;46044;10;46042;11;46039;8;46058;11;46061;9;46063;11;46051.5;0.0
33;51000;ASH_COATED_OSMIUM;9982;11;9981;14;;;10001;12;10003;8;;;9992.0;0.0
33;51000;INTARIAN_PEPPER_ROOT;46047;9;46046;10;46045;11;46059;10;46061;22;46063;12;46053.0;0.0
33;51100;ASH_COATED_OSMIUM;9984;11;9981;20;;;10000;14;10002;21;;;9992.5;0.0
33;51100;INTARIAN_PEPPER_ROOT;46048;12;;;;;46060;9;;;;;46054.5;0.0
33;51200;ASH_COATED_OSMIUM;9990;20;9989;15;9986;13;10006;15;10007;11;10008;25;9998.5;0.0
33;51200;INTARIAN_PEPPER_ROOT;46047;11;46046;12;46043;10;46065;23;46066;11;46067;8;46056.0;0.0
33;51300;ASH_COATED_OSMIUM;9995;12;9994;12;9991;15;10013;13;10014;12;10017;24;10004.5;0.0
33;51300;INTARIAN_PEPPER_ROOT;46049;25;46046;21;;;46061;11;46064;10;;;46055.5;0.0
33;51400;ASH_COATED_OSMIUM;9997;14;9994;22;;;10006;10;10009;11;;;10001.5;0.0
33;51400;INTARIAN_PEPPER_ROOT;46046;12;;;;;46058;25;;;;;46052.5;0.0
33;51500;ASH_COATED_OSMIUM;9989;25;9987;12;;;10005;10;10007;20;;;9997.5;0.0
33;51500;INTARIAN_PEPPER_ROOT;46043;10;46040;11;46039;19;46056;10;46058;9;46060;8;46049.5;0.0
33;51600;ASH_COATED_OSMIUM;9989;15;9986;13;9985;14;10005;21;10008;15;10009;15;9997.5;0.0
33;51600;INTARIAN_PEPPER_ROOT;46044;9;;;;;46056;8;;;;;46050.5;0.0
33;51700;ASH_COATED_OSMIUM;9993;13;9991;20;9988;20;10003;11;10005;12;10008;27;9998.5;0.0
33;51700;INTARIAN_PEPPER_ROOT;46042;11;;;;;46056;21;;;;;46049.5;0.0
33;51800;ASH_COATED_OSMIUM;9992;21;;;;;10010;15;;;;;10001.5;0.0
33;51800;INTARIAN_PEPPER_ROOT;46046;19;46044;21;;;46059;11;46061;17;;;46053.0;0.0
33;51900;ASH_COATED_OSMIUM;9992;10;9991;12;;;10008;21;10010;14;;;10000.5;0.0
33;51900;INTARIAN_PEPPER_ROOT;46045;8;;;;;46056;12;;;;;46050.5;0.0
33;52000;ASH_COATED_OSMIUM;9999;14;;;;;10015;10;;;;;10007.5;0.0
33;52000;INTARIAN_PEPPER_ROOT;46047;9;46044;8;46043;8;46061;11;46062;12;46064;10;46054.5;0.0
33;52100;ASH_COATED_OSMIUM;9997;14;;;;;10013;15;;;;;10005.5;0.0
33;52100;INTARIAN_PEPPER_ROOT;46044;11;46042;10;;;46058;10;46060;8;;;46051.5;0.0
33;52200;ASH_COATED_OSMIUM;10000;15;9998;11;;;10006;14;10008;12;;;10003.0;0.0
33;52200;INTARIAN_PEPPER_ROOT;46048;10;;;;;46063;10;;;;;46056.0;0.0
33;52300;ASH_COATED_OSMIUM;9993;10;;;;;10009;22;;;;;10001.0;0.0
33;52300;INTARIAN_PEPPER_ROOT;46046;12;46045;9;;;46062;8;46063;10;;;46054.0;0.0
33;52400;ASH_COATED_OSMIUM;9991;13;9989;14;;;10009;12;10012;13;;;10000.5;0.0
33;52400;INTARIAN_PEPPER_ROOT;46046;11;46043;9;;;46059;11;46060;8;;;46053.0;0.0
33;52500;ASH_COATED_OSMIUM;9999;11;9996;21;9994;13;10015;28;10018;10;10020;12;10007.5;0.0
33;52500;INTARIAN_PEPPER_ROOT;46044;10;46042;9;;;46058;23;46059;8;;;46051.5;0.0
33;52600;ASH_COATED_OSMIUM;9992;11;9991;12;;;10008;11;10011;15;;;10000.0;0.0
33;52600;INTARIAN_PEPPER_ROOT;46045;15;;;;;46059;8;;;;;46052.5;0.0
33;52700;ASH_COATED_OSMIUM;9988;12;9987;25;9985;10;10004;10;10005;15;10006;11;9996.0;0.0
33;52700;INTARIAN_PEPPER_ROOT;46044;8;46041;24;;;46056;8;46057;9;;;46050.5;0.0
33;52800;ASH_COATED_OSMIUM;9989;12;9988;10;;;10005;13;10006;22;;;9997.0;0.0
33;52800;INTARIAN_PEPPER_ROOT;46044;11;46042;11;;;46058;11;46061;19;;;46051.0;0.0
33;52900;ASH_COATED_OSMIUM;9990;10;9987;12;9984;11;10006;27;10009;11;10011;13;9998.5;0.0
33;52900;INTARIAN_PEPPER_ROOT;46051;10;46048;17;;;46056;10;46057;8;;;46053.5;0.0
33;53000;ASH_COATED_OSMIUM;9993;12;;;;;10012;12;;;;;10002.5;0.0
33;53000;INTARIAN_PEPPER_ROOT;46047;11;46045;11;;;46058;9;46061;8;;;46052.5;0.0
33;53100;ASH_COATED_OSMIUM;10001;15;;;;;10006;30;;;;;10003.5;0.0
33;53100;INTARIAN_PEPPER_ROOT;46046;11;46044;8;46041;19;46058;16;46061;11;46064;12;46052.5;0.0
33;53200;ASH_COATED_OSMIUM;9990;10;9989;2;9987;30;10006;12;10009;21;10011;28;9998.5;0.0
33;53200;INTARIAN_PEPPER_ROOT;46044;11;;;;;46055;11;;;;;46050.0;0.0
33;53300;ASH_COATED_OSMIUM;9988;21;;;;;10004;14;;;;;9996.5;0.0
33;53300;INTARIAN_PEPPER_ROOT;46046;8;46044;12;46041;9;46058;16;46061;8;46062;12;46052.5;0.0
33;53400;ASH_COATED_OSMIUM;9990;14;9987;11;9984;15;10003;15;10005;29;10008;11;9996.5;0.0
33;53400;INTARIAN_PEPPER_ROOT;46045;9;46042;12;;;46057;11;46059;12;;;46051.0;0.0
33;53500;ASH_COATED_OSMIUM;9987;13;9986;29;9983;15;10003;14;10005;13;10006;13;9995.5;0.0
33;53500;INTARIAN_PEPPER_ROOT;46046;8;46044;4;46042;8;46059;8;46061;11;46064;8;46053.0;0.0
33;53600;ASH_COATED_OSMIUM;9987;11;;;;;10006;14;;;;;9996.5;0.0
33;53600;INTARIAN_PEPPER_ROOT;46045;9;46042;12;;;46060;11;46061;17;;;46053.0;0.0
33;53700;ASH_COATED_OSMIUM;9990;12;;;;;10006;2;;;;;9998.5;0.0
33;53700;INTARIAN_PEPPER_ROOT;46047;8;;;;;46060;9;;;;;46053.5;0.0
33;53800;ASH_COATED_OSMIUM;9991;13;9988;21;9985;12;10007;14;10009;12;10011;13;9999.5;0.0
33;53800;INTARIAN_PEPPER_ROOT;46050;7;46048;9;46046;16;46061;12;46064;12;46067;8;46056.0;0.0
33;53900;ASH_COATED_OSMIUM;9986;14;;;;;10002;15;;;;;9994.5;0.0
33;53900;INTARIAN_PEPPER_ROOT;46046;10;46043;9;;;46057;10;46058;9;;;46051.5;0.0
33;54000;ASH_COATED_OSMIUM;9988;10;9987;10;9984;12;10007;12;10008;13;10009;8;9998.0;0.0
33;54000;INTARIAN_PEPPER_ROOT;46045;12;;;;;46059;11;;;;;46052.5;0.0
33;54100;ASH_COATED_OSMIUM;9994;14;9992;12;;;10010;11;10013;14;;;10002.5;0.0
33;54100;INTARIAN_PEPPER_ROOT;46048;8;46046;19;;;46060;22;46063;12;;;46054.0;0.0
33;54200;ASH_COATED_OSMIUM;9990;12;9988;10;9987;11;10008;14;10009;24;10010;12;9999.0;0.0
33;54200;INTARIAN_PEPPER_ROOT;46049;12;46046;12;46044;9;46063;8;46066;23;46069;11;46056.0;0.0
33;54300;ASH_COATED_OSMIUM;9992;15;9990;11;;;10008;15;10011;28;;;10000.5;0.0
33;54300;INTARIAN_PEPPER_ROOT;46047;8;46046;23;;;46061;9;46062;9;;;46054.5;0.0
33;54400;ASH_COATED_OSMIUM;9989;10;;;;;10005;14;;;;;9997.0;0.0
33;54400;INTARIAN_PEPPER_ROOT;46043;9;46042;9;46040;12;46057;16;46059;21;46060;7;46050.5;0.0
33;54500;ASH_COATED_OSMIUM;9985;11;9983;14;9981;12;10001;13;10002;15;10005;24;9993.5;0.0
33;54500;INTARIAN_PEPPER_ROOT;46049;9;46047;16;46044;15;46063;8;46065;8;46066;9;46056.0;0.0
33;54600;ASH_COATED_OSMIUM;9991;12;9988;10;9987;15;10007;15;10009;20;10011;10;9999.5;0.0
33;54600;INTARIAN_PEPPER_ROOT;46050;8;;;;;46063;10;;;;;46056.5;0.0
33;54700;ASH_COATED_OSMIUM;9993;12;;;;;10009;13;;;;;10001.5;0.0
33;54700;INTARIAN_PEPPER_ROOT;46048;9;46045;10;;;46064;17;46067;11;;;46056.0;0.0
33;54800;ASH_COATED_OSMIUM;9990;30;9987;15;;;10002;14;10003;15;;;9996.0;0.0
33;54800;INTARIAN_PEPPER_ROOT;46050;11;46049;12;46048;12;46063;11;46064;11;46065;17;46057.0;0.0
33;54900;ASH_COATED_OSMIUM;9998;13;9996;13;;;10014;12;10015;10;;;10006.0;0.0
33;54900;INTARIAN_PEPPER_ROOT;46043;9;;;;;46060;9;;;;;46051.5;0.0
33;55000;ASH_COATED_OSMIUM;10001;10;;;;;10017;11;;;;;10009.5;0.0
33;55000;INTARIAN_PEPPER_ROOT;46047;21;46045;8;;;46059;12;46060;12;;;46053.5;0.0
33;55100;ASH_COATED_OSMIUM;10003;10;;;;;10014;13;;;;;10008.5;0.0
33;55100;INTARIAN_PEPPER_ROOT;46044;24;;;;;46060;7;;;;;46052.0;0.0
33;55200;ASH_COATED_OSMIUM;9997;20;;;;;10013;13;;;;;10005.0;0.0
33;55200;INTARIAN_PEPPER_ROOT;46047;11;;;;;46059;12;;;;;46053.5;0.0
33;55300;ASH_COATED_OSMIUM;9995;27;;;;;10014;15;;;;;10004.5;0.0
33;55300;INTARIAN_PEPPER_ROOT;46046;10;;;;;46062;8;;;;;46054.5;0.0
33;55400;ASH_COATED_OSMIUM;9989;10;9988;12;;;10005;13;10008;12;;;9997.5;0.0
33;55400;INTARIAN_PEPPER_ROOT;46045;8;;;;;46061;10;;;;;46053.5;0.0
33;55500;ASH_COATED_OSMIUM;9992;14;9991;12;;;10010;15;10013;10;;;10001.0;0.0
33;55500;INTARIAN_PEPPER_ROOT;46049;9;46047;21;46045;8;46060;9;46062;8;46063;8;46055.0;0.0
33;55600;ASH_COATED_OSMIUM;9996;15;9995;13;9993;10;10012;11;10014;14;10015;15;10004.5;0.0
33;55600;INTARIAN_PEPPER_ROOT;46048;9;;;;;46060;12;;;;;46054.5;0.0
33;55700;ASH_COATED_OSMIUM;9991;15;9988;10;9985;10;10009;10;10012;27;10013;15;10000.5;0.0
33;55700;INTARIAN_PEPPER_ROOT;46052;8;;;;;46065;19;;;;;46059.0;0.0
33;55800;ASH_COATED_OSMIUM;9997;12;9994;14;;;10013;15;10014;22;;;10005.5;0.0
33;55800;INTARIAN_PEPPER_ROOT;46048;9;;;;;46063;24;;;;;46056.0;0.0
33;55900;ASH_COATED_OSMIUM;9991;15;;;;;10010;24;;;;;10001.0;0.0
33;55900;INTARIAN_PEPPER_ROOT;46052;16;;;;;46060;11;;;;;46056.5;0.0
33;56000;ASH_COATED_OSMIUM;9988;26;9986;13;9983;11;10006;15;10009;14;10011;13;9997.5;0.0
33;56000;INTARIAN_PEPPER_ROOT;46051;10;46049;12;;;46061;10;46064;9;;;46056.0;0.0
33;56100;ASH_COATED_OSMIUM;9986;14;9983;13;;;10002;10;10005;15;;;9994.5;0.0
33;56100;INTARIAN_PEPPER_ROOT;46046;9;;;;;46065;8;;;;;46055.5;0.0
33;56200;ASH_COATED_OSMIUM;9982;15;;;;;10001;12;;;;;9992.0;0.0
33;56200;INTARIAN_PEPPER_ROOT;46048;9;46045;11;;;46061;10;46064;9;;;46055.0;0.0
33;56300;ASH_COATED_OSMIUM;9986;11;9984;14;9982;15;10004;11;10005;14;10007;15;9995.5;0.0
33;56300;INTARIAN_PEPPER_ROOT;46050;22;46049;12;;;46064;8;46067;11;;;46057.0;0.0
33;56400;ASH_COATED_OSMIUM;9988;24;9987;11;9986;11;10006;12;10007;14;10009;10;9997.5;0.0
33;56400;INTARIAN_PEPPER_ROOT;46053;9;46052;10;46049;10;46065;9;46068;9;46071;10;46059.0;0.0
33;56500;ASH_COATED_OSMIUM;9994;13;9991;13;;;10013;21;10016;11;;;10003.5;0.0
33;56500;INTARIAN_PEPPER_ROOT;46052;8;;;;;46068;18;;;;;46060.0;0.0
33;56600;ASH_COATED_OSMIUM;9999;14;9997;13;;;10018;15;10021;15;;;10009.0;0.0
33;56600;INTARIAN_PEPPER_ROOT;46054;25;46052;9;46049;10;46057;12;46058;20;46061;12;46056.0;0.0
33;56700;ASH_COATED_OSMIUM;10002;14;10000;12;;;10018;12;10021;14;;;10010.0;0.0
33;56700;INTARIAN_PEPPER_ROOT;46053;12;46052;8;;;46066;8;46067;12;;;46060.0;0.0
33;56800;ASH_COATED_OSMIUM;9999;21;9998;22;9995;10;10017;14;10019;12;10021;11;10008.0;0.0
33;56800;INTARIAN_PEPPER_ROOT;46050;11;46048;9;46046;10;46062;12;46064;22;46067;12;46056.5;0.0
33;56900;ASH_COATED_OSMIUM;9999;13;9998;2;9995;13;10015;15;10017;14;10020;15;10007.5;0.0
33;56900;INTARIAN_PEPPER_ROOT;46047;22;46044;25;46042;9;46063;12;46065;19;46068;10;46055.5;0.0
33;57000;ASH_COATED_OSMIUM;9995;15;9994;11;;;10016;24;10018;20;;;10006.0;0.0
33;57000;INTARIAN_PEPPER_ROOT;46051;11;46050;10;;;46063;19;46065;8;;;46057.0;0.0
33;57100;ASH_COATED_OSMIUM;9995;13;;;;;10013;13;;;;;10004.0;0.0
33;57100;INTARIAN_PEPPER_ROOT;46048;21;;;;;46061;15;;;;;46055.0;0.0
33;57200;ASH_COATED_OSMIUM;9991;11;9988;15;9986;15;10007;14;10010;7;10013;12;9999.0;0.0
33;57200;INTARIAN_PEPPER_ROOT;46050;12;46048;10;;;46061;10;46064;7;;;46056.0;0.0
33;57300;ASH_COATED_OSMIUM;9998;22;;;;;10004;14;;;;;10001.5;0.0
33;57300;INTARIAN_PEPPER_ROOT;46055;10;46054;11;46051;12;46066;7;46069;4;46072;9;46061.0;0.0
33;57400;ASH_COATED_OSMIUM;9998;10;;;;;10016;14;;;;;10007.0;0.0
33;57400;INTARIAN_PEPPER_ROOT;46048;9;46047;11;;;46065;10;46066;11;;;46057.0;0.0
33;57500;ASH_COATED_OSMIUM;9993;10;;;;;10009;12;;;;;10001.5;0.0
33;57500;INTARIAN_PEPPER_ROOT;46048;10;46045;10;46042;10;46061;8;46064;9;46067;10;46055.0;0.0
33;57600;ASH_COATED_OSMIUM;9991;11;9989;14;9987;14;10009;27;10010;15;10012;12;10000.0;0.0
33;57600;INTARIAN_PEPPER_ROOT;46048;15;46047;19;46044;19;46061;8;46063;9;46065;9;46055.0;0.0
33;57700;ASH_COATED_OSMIUM;9990;13;9989;7;;;10006;15;10007;15;;;9998.0;0.0
33;57700;INTARIAN_PEPPER_ROOT;46049;10;;;;;46061;8;;;;;46055.5;0.0
33;57800;ASH_COATED_OSMIUM;9987;15;9985;15;;;9999;14;10001;12;;;9993.5;0.0
33;57800;INTARIAN_PEPPER_ROOT;46053;8;;;;;46064;8;;;;;46059.0;0.0
33;57900;ASH_COATED_OSMIUM;9985;23;;;;;10001;14;;;;;9993.0;0.0
33;57900;INTARIAN_PEPPER_ROOT;46054;10;46053;8;;;46068;12;46070;12;;;46061.0;0.0
33;58000;ASH_COATED_OSMIUM;9987;10;;;;;10003;14;;;;;9995.5;0.0
33;58000;INTARIAN_PEPPER_ROOT;46050;9;;;;;46062;12;;;;;46056.0;0.0
33;58100;ASH_COATED_OSMIUM;9988;11;9986;12;;;10004;14;10006;21;;;9996.5;0.0
33;58100;INTARIAN_PEPPER_ROOT;46054;8;46053;15;46052;11;46065;9;46067;9;46068;8;46059.5;0.0
33;58200;ASH_COATED_OSMIUM;9983;10;9982;12;;;9999;13;10002;22;;;9991.0;0.0
33;58200;INTARIAN_PEPPER_ROOT;46054;11;;;;;46068;9;;;;;46061.5;0.0
33;58300;ASH_COATED_OSMIUM;9987;12;9985;11;;;10003;23;10006;20;;;9995.0;0.0
33;58300;INTARIAN_PEPPER_ROOT;46055;10;46054;16;46052;8;46068;10;46069;10;46072;9;46061.5;0.0
33;58400;ASH_COATED_OSMIUM;9998;15;9996;15;9995;12;10014;15;10015;21;10016;10;10006.0;0.0
33;58400;INTARIAN_PEPPER_ROOT;46051;9;46049;25;;;46065;10;46066;12;;;46058.5;0.0
33;58500;ASH_COATED_OSMIUM;9989;15;9986;14;;;10005;15;10006;12;;;9997.0;0.0
33;58500;INTARIAN_PEPPER_ROOT;46050;12;46048;10;;;46065;11;46068;10;;;46058.0;0.0
33;58600;ASH_COATED_OSMIUM;9985;15;9984;15;9982;23;10001;12;10003;13;10006;15;9993.5;0.0
33;58600;INTARIAN_PEPPER_ROOT;46050;9;;;;;46066;12;;;;;46058.5;0.0
33;58700;ASH_COATED_OSMIUM;9988;11;9987;13;;;10004;13;10007;14;;;9996.5;0.0
33;58700;INTARIAN_PEPPER_ROOT;46053;8;;;;;46067;15;;;;;46060.5;0.0
33;58800;ASH_COATED_OSMIUM;9990;10;9988;14;;;10006;15;10008;10;;;9998.0;0.0
33;58800;INTARIAN_PEPPER_ROOT;46049;8;;;;;46064;8;;;;;46057.0;0.0
33;58900;ASH_COATED_OSMIUM;9992;12;;;;;10008;15;;;;;10000.5;0.0
33;58900;INTARIAN_PEPPER_ROOT;46057;10;46054;8;;;46069;9;46071;12;;;46063.5;0.0
33;59000;ASH_COATED_OSMIUM;9983;20;;;;;10002;14;;;;;9993.0;0.0
33;59000;INTARIAN_PEPPER_ROOT;46052;8;46050;10;;;46068;11;46069;25;;;46060.0;0.0
33;59100;ASH_COATED_OSMIUM;9986;12;;;;;10002;14;;;;;9994.0;0.0
33;59100;INTARIAN_PEPPER_ROOT;46055;24;46054;10;46053;12;46068;8;46070;9;46072;9;46061.5;0.0
33;59200;ASH_COATED_OSMIUM;9991;13;9989;15;;;10007;12;10008;11;;;9999.0;0.0
33;59200;INTARIAN_PEPPER_ROOT;46054;7;46053;23;46050;8;46066;16;46068;22;46069;10;46060.0;0.0
33;59300;ASH_COATED_OSMIUM;9991;21;9990;10;9987;20;10007;15;10010;12;10013;14;9999.0;0.0
33;59300;INTARIAN_PEPPER_ROOT;46053;18;46050;10;;;46069;10;46072;10;;;46061.5;0.0
33;59400;ASH_COATED_OSMIUM;9985;11;9982;15;;;10001;14;10002;11;;;9993.0;0.0
33;59400;INTARIAN_PEPPER_ROOT;46055;12;46054;12;;;46066;23;46067;9;;;46061.0;0.0
33;59500;ASH_COATED_OSMIUM;9985;11;9983;15;;;10001;28;10004;12;;;9993.0;0.0
33;59500;INTARIAN_PEPPER_ROOT;46054;12;46051;20;46049;8;46068;16;46070;9;46071;9;46061.5;0.0
33;59600;ASH_COATED_OSMIUM;9988;11;;;;;10004;13;;;;;9996.5;0.0
33;59600;INTARIAN_PEPPER_ROOT;46054;11;46052;9;46049;8;46067;8;46070;8;46072;10;46060.5;0.0
33;59700;ASH_COATED_OSMIUM;9986;10;;;;;10002;11;;;;;9994.5;0.0
33;59700;INTARIAN_PEPPER_ROOT;46055;9;46054;9;;;46067;25;46068;8;;;46061.0;0.0
33;59800;ASH_COATED_OSMIUM;9988;20;9987;11;;;10004;13;10007;14;;;9996.5;0.0
33;59800;INTARIAN_PEPPER_ROOT;46052;8;;;;;46064;10;;;;;46058.5;0.0
33;59900;ASH_COATED_OSMIUM;9987;15;9984;12;;;10003;11;10005;24;;;9995.5;0.0
33;59900;INTARIAN_PEPPER_ROOT;46055;11;46052;10;;;46067;22;46068;8;;;46061.0;0.0
33;60000;ASH_COATED_OSMIUM;9988;13;9986;15;;;10004;11;10006;15;;;9996.0;0.0
33;60000;INTARIAN_PEPPER_ROOT;46051;20;;;;;46067;9;;;;;46059.0;0.0
33;60100;ASH_COATED_OSMIUM;9987;22;9986;13;;;10003;10;10006;11;;;9995.0;0.0
33;60100;INTARIAN_PEPPER_ROOT;46058;12;46057;12;;;46069;11;46072;10;;;46063.5;0.0
33;60200;ASH_COATED_OSMIUM;9993;29;9992;10;9991;23;10009;10;10011;11;10014;12;10001.0;0.0
33;60200;INTARIAN_PEPPER_ROOT;46054;12;46053;9;;;46065;9;46068;9;;;46060.0;0.0
33;60300;ASH_COATED_OSMIUM;9991;15;9988;10;9985;15;10009;5;10012;3;10015;22;10000.5;0.0
33;60300;INTARIAN_PEPPER_ROOT;46058;10;;;;;46070;8;;;;;46064.0;0.0
33;60400;ASH_COATED_OSMIUM;9988;14;9987;12;;;10004;12;10006;13;;;9996.0;0.0
33;60400;INTARIAN_PEPPER_ROOT;46052;10;46050;12;46047;8;46065;21;46066;8;46067;19;46059.0;0.0
33;60500;ASH_COATED_OSMIUM;9986;12;9984;12;;;10002;13;10004;2;;;9994.5;0.0
33;60500;INTARIAN_PEPPER_ROOT;46050;10;;;;;46063;10;;;;;46056.5;0.0
33;60600;ASH_COATED_OSMIUM;9989;26;;;;;10005;10;;;;;9997.5;0.0
33;60600;INTARIAN_PEPPER_ROOT;46049;10;;;;;46060;4;;;;;46055.0;0.0
33;60700;ASH_COATED_OSMIUM;9989;11;;;;;10005;12;;;;;9997.5;0.0
33;60700;INTARIAN_PEPPER_ROOT;46052;11;46050;11;;;46064;22;46066;9;;;46058.0;0.0
33;60800;ASH_COATED_OSMIUM;9986;13;9985;10;9983;14;10004;11;10007;11;10009;13;9995.0;0.0
33;60800;INTARIAN_PEPPER_ROOT;46051;25;46050;21;46048;12;46065;11;46067;9;46068;11;46058.5;0.0
33;60900;ASH_COATED_OSMIUM;9993;14;9990;11;9988;30;10009;11;10011;15;10012;23;10001.0;0.0
33;60900;INTARIAN_PEPPER_ROOT;46057;9;46054;7;;;46069;8;46072;11;;;46063.5;0.0
33;61000;ASH_COATED_OSMIUM;9992;11;9990;30;;;10008;20;10009;10;;;10000.0;0.0
33;61000;INTARIAN_PEPPER_ROOT;46054;10;;;;;46068;11;;;;;46061.5;0.0
33;61100;ASH_COATED_OSMIUM;9984;14;9981;11;9979;15;10000;15;10002;14;10004;15;9992.5;0.0
33;61100;INTARIAN_PEPPER_ROOT;46056;9;46053;11;;;46070;10;46072;10;;;46063.0;0.0
33;61200;ASH_COATED_OSMIUM;9993;10;9990;15;;;10011;13;10012;12;;;10002.5;0.0
33;61200;INTARIAN_PEPPER_ROOT;46053;8;46052;9;46049;10;46064;8;46066;9;46068;12;46059.0;0.0
33;61300;ASH_COATED_OSMIUM;9995;12;;;;;10014;14;;;;;10004.5;0.0
33;61300;INTARIAN_PEPPER_ROOT;46057;25;46055;9;46054;11;46069;9;46072;8;46073;12;46063.0;0.0
33;61400;ASH_COATED_OSMIUM;10004;28;;;;;10014;14;;;;;10009.0;0.0
33;61400;INTARIAN_PEPPER_ROOT;46057;10;;;;;46068;9;;;;;46063.0;0.0
33;61500;ASH_COATED_OSMIUM;10001;14;;;;;10017;12;;;;;10009.0;0.0
33;61500;INTARIAN_PEPPER_ROOT;46050;8;46047;8;;;46063;8;46066;11;;;46056.5;0.0
33;61600;ASH_COATED_OSMIUM;9997;11;9994;10;9993;13;10013;26;10015;12;10016;10;10005.5;0.0
33;61600;INTARIAN_PEPPER_ROOT;46052;24;46051;8;46049;16;46072;11;46073;10;46076;12;46062.0;0.0
33;61700;ASH_COATED_OSMIUM;9991;4;9989;11;;;10012;12;10014;12;;;10002.0;0.0
33;61700;INTARIAN_PEPPER_ROOT;46055;10;46053;11;46050;11;46067;8;46068;11;46070;18;46061.5;0.0
33;61800;ASH_COATED_OSMIUM;9992;15;9990;14;;;10011;12;10012;12;;;10002.0;0.0
33;61800;INTARIAN_PEPPER_ROOT;46052;11;46051;10;;;46065;16;46067;15;;;46059.0;0.0
33;61900;ASH_COATED_OSMIUM;9991;15;;;;;10007;12;;;;;9999.0;0.0
33;61900;INTARIAN_PEPPER_ROOT;46055;24;46054;12;;;46070;11;46073;9;;;46062.5;0.0
33;62000;ASH_COATED_OSMIUM;9992;15;9989;15;9987;13;10008;12;10010;14;10013;22;10000.0;0.0
33;62000;INTARIAN_PEPPER_ROOT;46066;11;46065;12;46062;8;46069;9;46072;10;46075;9;46067.5;0.0
33;62100;ASH_COATED_OSMIUM;9992;12;9991;15;;;10010;10;10011;11;;;10001.0;0.0
33;62100;INTARIAN_PEPPER_ROOT;46052;11;46051;9;;;46071;12;46073;12;;;46061.5;0.0
33;62200;ASH_COATED_OSMIUM;9994;12;9993;13;;;10010;12;10011;15;;;10002.0;0.0
33;62200;INTARIAN_PEPPER_ROOT;46057;10;46056;10;46054;8;46072;10;46073;10;46076;8;46065.0;0.0
33;62300;ASH_COATED_OSMIUM;9991;14;9989;12;;;10007;10;10010;11;;;9999.5;0.0
33;62300;INTARIAN_PEPPER_ROOT;46057;12;;;;;46069;11;;;;;46063.0;0.0
33;62400;ASH_COATED_OSMIUM;9994;13;9992;15;9989;15;10010;14;10011;15;10014;14;10002.0;0.0
33;62400;INTARIAN_PEPPER_ROOT;46051;10;46050;11;46047;12;46063;8;46065;20;46068;12;46057.5;0.0
33;62500;ASH_COATED_OSMIUM;9994;12;9992;11;;;10003;13;10004;12;;;9999.0;0.0
33;62500;INTARIAN_PEPPER_ROOT;46057;9;46055;8;;;46069;15;46070;23;;;46063.0;0.0
33;62600;ASH_COATED_OSMIUM;9994;26;;;;;10010;12;;;;;10002.0;0.0
33;62600;INTARIAN_PEPPER_ROOT;46053;10;46052;11;46049;11;46067;8;46070;10;46071;8;46060.0;0.0
33;62700;ASH_COATED_OSMIUM;9994;14;9992;12;;;10010;15;10011;12;;;10002.0;0.0
33;62700;INTARIAN_PEPPER_ROOT;46058;12;46056;11;46054;8;46061;12;46063;10;46064;10;46059.5;0.0
33;62800;ASH_COATED_OSMIUM;9997;14;9996;13;;;10013;13;10016;10;;;10005.0;0.0
33;62800;INTARIAN_PEPPER_ROOT;46055;9;;;;;46067;12;;;;;46061.5;0.0
33;62900;ASH_COATED_OSMIUM;9998;21;;;;;10014;10;;;;;10006.0;0.0
33;62900;INTARIAN_PEPPER_ROOT;46062;11;46061;10;;;46075;10;46078;9;;;46068.5;0.0
33;63000;ASH_COATED_OSMIUM;9991;13;9988;13;9985;10;10007;13;10009;11;10010;10;9999.5;0.0
33;63000;INTARIAN_PEPPER_ROOT;46062;9;46060;12;;;46064;24;46066;12;;;46063.0;0.0
33;63100;ASH_COATED_OSMIUM;9992;10;9989;15;;;10011;14;10012;10;;;10001.5;0.0
33;63100;INTARIAN_PEPPER_ROOT;46053;19;46052;8;;;46065;20;46068;10;;;46059.5;0.0
33;63200;ASH_COATED_OSMIUM;9996;13;9995;14;9992;10;10012;15;10014;13;10015;25;10004.5;0.0
33;63200;INTARIAN_PEPPER_ROOT;46057;12;;;;;46071;9;;;;;46064.0;0.0
33;63300;ASH_COATED_OSMIUM;9987;12;;;;;10003;10;;;;;9995.5;0.0
33;63300;INTARIAN_PEPPER_ROOT;46057;12;46055;8;;;46069;8;46070;12;;;46063.0;0.0
33;63400;ASH_COATED_OSMIUM;9993;12;9990;10;9988;14;10009;10;10011;14;10012;11;10001.0;0.0
33;63400;INTARIAN_PEPPER_ROOT;46055;23;;;;;46071;17;;;;;46063.5;0.0
33;63500;ASH_COATED_OSMIUM;9994;10;9993;27;;;10010;11;10011;10;;;10002.5;0.0
33;63500;INTARIAN_PEPPER_ROOT;46057;12;;;;;46070;20;;;;;46064.0;0.0
33;63600;ASH_COATED_OSMIUM;9995;11;9993;27;;;10011;26;10014;13;;;10003.5;0.0
33;63600;INTARIAN_PEPPER_ROOT;46057;11;46054;11;;;46068;8;46070;8;;;46063.0;0.0
33;63700;ASH_COATED_OSMIUM;9994;14;;;;;10010;11;;;;;10002.5;0.0
33;63700;INTARIAN_PEPPER_ROOT;46056;12;46053;9;;;46068;12;46071;10;;;46062.0;0.0
33;63800;ASH_COATED_OSMIUM;10000;27;9997;27;;;10015;15;10017;12;;;10008.0;0.0
33;63800;INTARIAN_PEPPER_ROOT;46053;8;;;;;46070;12;;;;;46062.0;0.0
33;63900;ASH_COATED_OSMIUM;9997;15;9996;11;;;10013;11;10016;26;;;10005.5;0.0
33;63900;INTARIAN_PEPPER_ROOT;46055;9;46052;9;;;46068;11;46069;10;;;46062.0;0.0
