day;timestamp;product;bid_price_1;bid_volume_1;bid_price_2;bid_volume_2;bid_price_3;bid_volume_3;ask_price_1;ask_volume_1;ask_price_2;ask_volume_2;ask_price_3;ask_volume_3;mid_price;profit_and_loss
47;0;ASH_COATED_OSMIUM;10002;14;10001;13;;;10018;11;10020;11;;;10010.5;0.0
47;0;INTARIAN_PEPPER_ROOT;59992;12;59991;8;59988;11;60004;9;60005;16;60007;8;59998.5;0.0
47;100;ASH_COATED_OSMIUM;10002;11;10001;10;10000;6;10018;11;10021;12;10022;11;10010.5;0.0
47;100;INTARIAN_PEPPER_ROOT;59993;9;59991;11;;;60005;11;60006;9;;;59999.5;0.0
47;200;ASH_COATED_OSMIUM;9996;13;9993;11;;;10012;12;10013;15;;;10004.5;0.0
47;200;INTARIAN_PEPPER_ROOT;59992;12;59991;11;;;60005;11;60008;8;;;59998.5;0.0
47;300;ASH_COATED_OSMIUM;9999;14;9998;14;;;10015;10;10018;10;;;10007.5;0.0
47;300;INTARIAN_PEPPER_ROOT;59996;9;;;;;60008;11;;;;;60002.5;0.0
47;400;ASH_COATED_OSMIUM;9994;14;9992;5;;;10010;15;10012;13;;;10002.0;0.0
47;400;INTARIAN_PEPPER_ROOT;59996;20;59993;8;;;60012;8;60013;11;;;60004.0;0.0
47;500;ASH_COATED_OSMIUM;9997;10;;;;;10013;13;;;;;10005.0;0.0
47;500;INTARIAN_PEPPER_ROOT;59995;17;;;;;60007;15;;;;;60001.0;0.0
47;600;ASH_COATED_OSMIUM;9994;15;;;;;10010;15;;;;;10002.0;0.0
47;600;INTARIAN_PEPPER_ROOT;59992;19;59990;20;59989;11;60007;10;60008;9;60011;9;59999.5;0.0
47;700;ASH_COATED_OSMIUM;9995;13;9992;10;9991;14;10014;11;10016;15;10017;4;10004.5;0.0
47;700;INTARIAN_PEPPER_ROOT;59995;25;59994;21;;;60009;12;60011;8;;;60002.5;0.0
47;800;ASH_COATED_OSMIUM;9998;14;9995;11;;;10008;11;10009;15;;;10003.5;0.0
47;800;INTARIAN_PEPPER_ROOT;59991;11;59989;9;;;60006;16;60008;16;;;59999.0;0.0
47;900;ASH_COATED_OSMIUM;9994;14;9991;14;;;10012;11;10015;11;;;10003.0;0.0
47;900;INTARIAN_PEPPER_ROOT;59995;10;59993;12;59990;11;60009;12;60010;12;60011;18;60002.0;0.0
47;1000;ASH_COATED_OSMIUM;9994;11;;;;;10010;10;;;;;10002.5;0.0
47;1000;INTARIAN_PEPPER_ROOT;59995;9;59993;9;;;60008;10;60010;8;;;60002.0;0.0
47;1100;ASH_COATED_OSMIUM;9997;10;;;;;10013;12;;;;;10005.0;0.0
47;1100;INTARIAN_PEPPER_ROOT;59991;11;59988;8;;;60008;20;60010;17;;;59999.5;0.0
47;1200;ASH_COATED_OSMIUM;9998;11;9995;13;9993;11;10014;13;10016;14;10018;10;10006.0;0.0
47;1200;INTARIAN_PEPPER_ROOT;59993;11;;;;;60005;12;;;;;59999.5;0.0
47;1300;ASH_COATED_OSMIUM;9993;11;;;;;10009;10;;;;;10001.0;0.0
47;1300;INTARIAN_PEPPER_ROOT;59996;8;;;;;60007;9;;;;;60001.5;0.0
47;1400;ASH_COATED_OSMIUM;9991;11;9988;13;9987;20;10007;15;10010;25;10012;10;9999.0;0.0
47;1400;INTARIAN_PEPPER_ROOT;59995;3;59993;23;;;60009;11;60012;11;;;60002.0;0.0
47;1500;ASH_COATED_OSMIUM;9995;11;9994;14;9993;27;10011;14;10013;12;10014;15;10003.0;0.0
47;1500;INTARIAN_PEPPER_ROOT;59989;25;;;;;60006;9;;;;;59997.5;0.0
47;1600;ASH_COATED_OSMIUM;9993;14;9992;13;9989;11;10011;14;10013;15;10016;13;10002.5;0.0
47;1600;INTARIAN_PEPPER_ROOT;59994;12;59992;12;;;60005;10;60006;15;;;59999.5;0.0
47;1700;ASH_COATED_OSMIUM;9996;14;;;;;10008;12;;;;;10002.0;0.0
47;1700;INTARIAN_PEPPER_ROOT;59999;15;59997;9;;;60012;8;60013;11;;;60005.5;0.0
47;1800;ASH_COATED_OSMIUM;9991;13;9989;11;;;10007;26;10010;10;;;9999.0;0.0
47;1800;INTARIAN_PEPPER_ROOT;59996;16;59993;10;;;60007;12;60010;18;;;60002.0;0.0
47;1900;ASH_COATED_OSMIUM;9991;13;9989;15;;;10007;10;10009;11;;;9999.0;0.0
47;1900;INTARIAN_PEPPER_ROOT;59998;10;59996;10;;;60013;9;60014;10;;;60005.5;0.0
47;2000;ASH_COATED_OSMIUM;9996;12;;;;;10012;27;;;;;10004.5;0.0
47;2000;INTARIAN_PEPPER_ROOT;59996;11;59995;9;;;60011;16;60014;9;;;60004.0;0.0
47;2100;ASH_COATED_OSMIUM;9989;11;9986;14;;;10005;14;10007;3;;;9997.0;0.0
47;2100;INTARIAN_PEPPER_ROOT;59993;8;59990;8;59987;8;60009;8;60010;10;60012;21;60001.5;0.0
47;2200;ASH_COATED_OSMIUM;9991;11;9990;14;;;10007;23;10008;30;;;9999.5;0.0
47;2200;INTARIAN_PEPPER_ROOT;60000;9;59998;22;;;60015;21;60017;11;;;60007.5;0.0
47;2300;ASH_COATED_OSMIUM;9995;23;;;;;10011;14;;;;;10003.5;0.0
47;2300;INTARIAN_PEPPER_ROOT;59998;10;;;;;60010;11;;;;;60004.5;0.0
47;2400;ASH_COATED_OSMIUM;9995;11;;;;;10011;10;;;;;10003.5;0.0
47;2400;INTARIAN_PEPPER_ROOT;59995;10;59993;11;;;60007;21;60009;11;;;60001.5;0.0
47;2500;ASH_COATED_OSMIUM;9996;10;9993;15;9990;15;10006;8;10009;11;10010;10;10001.0;0.0
47;2500;INTARIAN_PEPPER_ROOT;59996;8;59993;9;;;60010;9;60011;18;;;60003.5;0.0
47;2600;ASH_COATED_OSMIUM;9994;15;9992;15;9989;25;10010;13;10012;11;10014;10;10002.5;0.0
47;2600;INTARIAN_PEPPER_ROOT;59999;8;59998;12;;;60012;12;60015;19;;;60005.5;0.0
47;2700;ASH_COATED_OSMIUM;9995;14;9993;12;9992;13;10011;25;10012;15;10015;15;10003.5;0.0
47;2700;INTARIAN_PEPPER_ROOT;59993;8;59992;8;;;60006;9;60008;9;;;60000.0;0.0
47;2800;ASH_COATED_OSMIUM;9996;13;;;;;10012;5;;;;;10004.5;0.0
47;2800;INTARIAN_PEPPER_ROOT;60005;11;;;;;60007;11;;;;;60006.5;0.0
47;2900;ASH_COATED_OSMIUM;9996;13;;;;;10012;13;;;;;10004.5;0.0
47;2900;INTARIAN_PEPPER_ROOT;60004;8;;;;;60008;11;;;;;60006.0;0.0
47;3000;ASH_COATED_OSMIUM;9997;10;;;;;10013;12;;;;;10005.0;0.0
47;3000;INTARIAN_PEPPER_ROOT;60000;10;;;;;60013;8;;;;;60006.5;0.0
47;3100;ASH_COATED_OSMIUM;10002;12;10000;15;;;10018;14;10021;29;;;10010.0;0.0
47;3100;INTARIAN_PEPPER_ROOT;59998;23;;;;;60010;9;;;;;60004.5;0.0
47;3200;ASH_COATED_OSMIUM;9999;10;9998;15;9997;29;10015;14;10016;11;10019;28;10007.0;0.0
47;3200;INTARIAN_PEPPER_ROOT;59996;11;59995;10;59993;15;60008;12;60010;11;60011;9;60002.5;0.0
47;3300;ASH_COATED_OSMIUM;9997;12;9996;10;;;10013;22;10016;14;;;10005.5;0.0
47;3300;INTARIAN_PEPPER_ROOT;59998;7;59995;12;59992;9;60009;11;60010;12;60013;11;60004.0;0.0
47;3400;ASH_COATED_OSMIUM;10003;11;10002;28;10001;10;10019;11;10020;10;10023;29;10011.5;0.0
47;3400;INTARIAN_PEPPER_ROOT;59995;10;59994;9;;;60008;6;60011;10;;;60002.0;0.0
47;3500;ASH_COATED_OSMIUM;10001;25;9998;22;;;10020;15;10023;12;;;10011.0;0.0
47;3500;INTARIAN_PEPPER_ROOT;59997;9;59996;11;59993;10;60013;10;60014;11;60016;8;60005.0;0.0
47;3600;ASH_COATED_OSMIUM;10001;10;9999;14;;;10020;12;10021;25;;;10011.0;0.0
47;3600;INTARIAN_PEPPER_ROOT;59997;6;59996;8;59995;8;60010;9;60012;12;60015;10;60003.5;0.0
47;3700;ASH_COATED_OSMIUM;9994;11;9993;12;9990;14;10012;15;10015;10;10017;10;10003.0;0.0
47;3700;INTARIAN_PEPPER_ROOT;60001;9;59999;8;59998;17;60013;10;60016;8;60018;9;60007.0;0.0
47;3800;ASH_COATED_OSMIUM;9985;12;9983;14;;;10006;12;10007;15;;;9996.0;0.0
47;3800;INTARIAN_PEPPER_ROOT;59997;20;59996;12;;;60010;23;60013;12;;;60003.5;0.0
47;3900;ASH_COATED_OSMIUM;9988;12;;;;;10009;15;;;;;9999.0;0.0
47;3900;INTARIAN_PEPPER_ROOT;59993;10;59990;23;;;60008;11;60010;10;;;60000.5;0.0
47;4000;ASH_COATED_OSMIUM;9994;15;9991;14;;;10010;11;10013;10;;;10002.5;0.0
47;4000;INTARIAN_PEPPER_ROOT;59993;8;59990;11;59988;10;60010;12;60013;4;60015;12;60002.0;0.0
47;4100;ASH_COATED_OSMIUM;9991;15;9989;12;9986;12;10007;11;10008;15;10009;11;9999.5;0.0
47;4100;INTARIAN_PEPPER_ROOT;59998;12;59995;8;;;60010;11;60012;9;;;60004.5;0.0
47;4200;ASH_COATED_OSMIUM;9992;12;9991;10;;;10010;14;10012;10;;;10001.0;0.0
47;4200;INTARIAN_PEPPER_ROOT;59996;10;59994;19;;;60010;12;60013;10;;;60003.0;0.0
47;4300;ASH_COATED_OSMIUM;9996;26;9994;14;;;10012;12;10015;13;;;10004.0;0.0
47;4300;INTARIAN_PEPPER_ROOT;59999;3;59996;11;;;60012;12;60013;12;;;60006.0;0.0
47;4400;ASH_COATED_OSMIUM;9996;15;9993;10;;;10005;14;10006;15;;;10000.5;0.0
47;4400;INTARIAN_PEPPER_ROOT;59993;11;59992;15;;;60007;8;60008;8;;;60000.5;0.0
47;4500;ASH_COATED_OSMIUM;9999;12;9998;11;9997;10;10015;15;10016;11;10017;4;10007.0;0.0
47;4500;INTARIAN_PEPPER_ROOT;59996;9;59994;11;59991;3;60008;9;60010;24;60011;25;60002.0;0.0
47;4600;ASH_COATED_OSMIUM;9998;10;9997;25;9995;13;10014;15;10017;30;10018;12;10006.5;0.0
47;4600;INTARIAN_PEPPER_ROOT;60000;12;;;;;60012;9;;;;;60006.0;0.0
47;4700;ASH_COATED_OSMIUM;10002;11;10000;14;9999;21;10020;15;10022;4;10023;14;10011.5;0.0
47;4700;INTARIAN_PEPPER_ROOT;60000;11;;;;;60012;12;;;;;60006.5;0.0
47;4800;ASH_COATED_OSMIUM;10004;14;10001;14;9999;13;10020;14;10022;15;10023;14;10012.5;0.0
47;4800;INTARIAN_PEPPER_ROOT;60002;9;59999;8;59998;9;60014;8;60017;11;60019;12;60008.0;0.0
47;4900;ASH_COATED_OSMIUM;10004;12;10003;12;;;10020;12;10021;14;;;10012.0;0.0
47;4900;INTARIAN_PEPPER_ROOT;60001;12;60000;11;59997;10;60014;11;60017;11;60019;9;60007.5;0.0
47;5000;ASH_COATED_OSMIUM;10003;10;10001;12;;;10019;12;10022;15;;;10011.0;0.0
47;5000;INTARIAN_PEPPER_ROOT;60001;8;59998;9;59995;16;60004;22;60005;10;60006;10;60003.0;0.0
47;5100;ASH_COATED_OSMIUM;9997;13;;;;;10013;10;;;;;10005.5;0.0
47;5100;INTARIAN_PEPPER_ROOT;59996;9;59994;20;;;60010;8;60012;24;;;60003.5;0.0
47;5200;ASH_COATED_OSMIUM;9996;13;9994;14;;;10014;14;10015;10;;;10005.5;0.0
47;5200;INTARIAN_PEPPER_ROOT;59998;11;59997;9;;;60010;12;60012;10;;;60004.5;0.0
47;5300;ASH_COATED_OSMIUM;10002;11;10000;15;;;10018;13;10019;15;;;10010.0;0.0
47;5300;INTARIAN_PEPPER_ROOT;59998;8;59995;11;59992;10;60011;8;60013;12;60014;9;60004.5;0.0
47;5400;ASH_COATED_OSMIUM;10003;11;10001;27;;;10015;15;10016;28;;;10009.0;0.0
47;5400;INTARIAN_PEPPER_ROOT;59998;11;59997;8;;;60010;20;60011;11;;;60004.5;0.0
47;5500;ASH_COATED_OSMIUM;9994;11;;;;;10010;14;;;;;10002.0;0.0
47;5500;INTARIAN_PEPPER_ROOT;60001;25;;;;;60012;11;;;;;60006.5;0.0
47;5600;ASH_COATED_OSMIUM;9994;12;;;;;10010;13;;;;;10002.0;0.0
47;5600;INTARIAN_PEPPER_ROOT;59997;11;59996;18;59993;8;60011;8;60012;9;60014;10;60004.5;0.0
47;5700;ASH_COATED_OSMIUM;9995;14;;;;;10013;14;;;;;10004.0;0.0
47;5700;INTARIAN_PEPPER_ROOT;59996;8;59994;8;59993;8;60008;10;60011;8;60012;8;60002.0;0.0
47;5800;ASH_COATED_OSMIUM;9990;11;9988;12;;;10009;15;10012;11;;;9999.5;0.0
47;5800;INTARIAN_PEPPER_ROOT;59997;8;59994;8;59993;10;60009;12;60012;10;60015;10;60003.5;0.0
47;5900;ASH_COATED_OSMIUM;9994;27;9993;24;;;10010;10;10012;11;;;10002.5;0.0
47;5900;INTARIAN_PEPPER_ROOT;60002;11;59999;23;59997;12;60014;25;60015;12;60018;10;60008.5;0.0
47;6000;ASH_COATED_OSMIUM;9986;10;;;;;10005;15;;;;;9995.5;0.0
47;6000;INTARIAN_PEPPER_ROOT;59998;10;;;;;60011;19;;;;;60004.5;0.0
47;6100;ASH_COATED_OSMIUM;9988;13;9986;15;;;10004;14;10006;10;;;9996.5;0.0
47;6100;INTARIAN_PEPPER_ROOT;59997;10;59995;24;;;60014;9;60015;10;;;60006.0;0.0
47;6200;ASH_COATED_OSMIUM;9992;13;;;;;10008;10;;;;;10000.0;0.0
47;6200;INTARIAN_PEPPER_ROOT;59999;11;;;;;60016;8;;;;;60008.0;0.0
47;6300;ASH_COATED_OSMIUM;9997;15;;;;;10008;11;;;;;10003.0;0.0
47;6300;INTARIAN_PEPPER_ROOT;60004;11;60001;11;60000;21;60016;8;60017;8;60018;9;60010.0;0.0
47;6400;ASH_COATED_OSMIUM;9996;15;9995;14;;;10012;12;10013;12;;;10004.0;0.0
47;6400;INTARIAN_PEPPER_ROOT;59999;12;;;;;60012;22;;;;;60006.0;0.0
47;6500;ASH_COATED_OSMIUM;9997;11;;;;;10013;15;;;;;10005.0;0.0
47;6500;INTARIAN_PEPPER_ROOT;60001;9;59999;8;59998;9;60014;10;60016;12;60019;10;60008.0;0.0
47;6600;ASH_COATED_OSMIUM;9996;11;9993;13;9992;4;10014;12;10016;14;10017;11;10005.0;0.0
47;6600;INTARIAN_PEPPER_ROOT;60002;8;59999;12;;;60014;11;60016;12;;;60008.0;0.0
47;6700;ASH_COATED_OSMIUM;9993;12;9990;29;9987;14;10012;26;10013;11;10015;13;10002.5;0.0
47;6700;INTARIAN_PEPPER_ROOT;60001;9;60000;19;59997;15;60018;11;60020;21;60022;9;60009.5;0.0
47;6800;ASH_COATED_OSMIUM;9992;12;;;;;10013;23;;;;;10002.5;0.0
47;6800;INTARIAN_PEPPER_ROOT;59999;9;59998;9;;;60013;11;60015;11;;;60006.0;0.0
47;6900;ASH_COATED_OSMIUM;9990;12;9988;25;9986;12;10006;13;10008;20;10011;30;9998.0;0.0
47;6900;INTARIAN_PEPPER_ROOT;60002;8;60000;10;59999;11;60016;9;60018;10;60021;19;60009.0;0.0
47;7000;ASH_COATED_OSMIUM;9995;13;9992;13;;;10007;23;10009;12;;;10001.0;0.0
47;7000;INTARIAN_PEPPER_ROOT;60001;24;60000;16;;;60014;5;60016;12;;;60007.5;0.0
47;7100;ASH_COATED_OSMIUM;9989;2;;;;;10005;12;;;;;9997.0;0.0
47;7100;INTARIAN_PEPPER_ROOT;60001;11;;;;;60012;8;;;;;60006.5;0.0
47;7200;ASH_COATED_OSMIUM;9989;27;;;;;9999;12;;;;;9994.0;0.0
47;7200;INTARIAN_PEPPER_ROOT;60002;9;;;;;60015;8;;;;;60009.0;0.0
47;7300;ASH_COATED_OSMIUM;9985;10;9984;11;;;10001;3;10003;15;;;9993.5;0.0
47;7300;INTARIAN_PEPPER_ROOT;60002;10;60000;8;59998;11;60015;5;60016;8;60018;22;60009.0;0.0
47;7400;ASH_COATED_OSMIUM;9988;21;;;;;10004;15;;;;;9996.0;0.0
47;7400;INTARIAN_PEPPER_ROOT;60005;8;;;;;60017;11;;;;;60011.0;0.0
47;7500;ASH_COATED_OSMIUM;9990;3;9987;15;;;9997;15;9998;13;;;9994.0;0.0
47;7500;INTARIAN_PEPPER_ROOT;60001;12;;;;;60016;11;;;;;60008.5;0.0
47;7600;ASH_COATED_OSMIUM;9990;15;9987;11;;;10006;15;10009;25;;;9998.0;0.0
47;7600;INTARIAN_PEPPER_ROOT;59997;12;59995;11;59992;10;60014;9;60017;9;60018;9;60005.5;0.0
47;7700;ASH_COATED_OSMIUM;9990;15;;;;;9996;29;;;;;9993.5;0.0
47;7700;INTARIAN_PEPPER_ROOT;60004;11;60001;9;;;60015;20;60018;9;;;60010.0;0.0
47;7800;ASH_COATED_OSMIUM;9983;10;9981;15;9978;10;10002;10;10005;15;10006;10;9993.0;0.0
47;7800;INTARIAN_PEPPER_ROOT;60001;10;;;;;60014;9;;;;;60007.5;0.0
47;7900;ASH_COATED_OSMIUM;9994;29;;;;;10003;15;;;;;9998.5;0.0
47;7900;INTARIAN_PEPPER_ROOT;60004;23;60001;8;;;60017;10;60018;21;;;60010.5;0.0
47;8000;ASH_COATED_OSMIUM;9990;26;9987;27;;;10006;27;10008;15;;;9998.5;0.0
47;8000;INTARIAN_PEPPER_ROOT;60000;11;59999;10;;;60013;8;60014;25;;;60006.5;0.0
47;8100;ASH_COATED_OSMIUM;9989;13;;;;;10007;12;;;;;9998.5;0.0
47;8100;INTARIAN_PEPPER_ROOT;60002;11;60001;12;;;60018;9;60021;11;;;60010.0;0.0
47;8200;ASH_COATED_OSMIUM;9991;29;9989;20;9987;15;10007;13;10010;15;10012;13;9999.0;0.0
47;8200;INTARIAN_PEPPER_ROOT;60001;11;60000;12;59999;8;60014;9;60015;12;60017;9;60007.5;0.0
47;8300;ASH_COATED_OSMIUM;9987;11;;;;;10005;11;;;;;9996.5;0.0
47;8300;INTARIAN_PEPPER_ROOT;60006;10;60003;18;60000;10;60015;8;60018;9;60019;20;60011.0;0.0
47;8400;ASH_COATED_OSMIUM;9986;10;9983;12;;;10002;15;10003;12;;;9994.0;0.0
47;8400;INTARIAN_PEPPER_ROOT;60003;19;;;;;60016;25;;;;;60009.5;0.0
47;8500;ASH_COATED_OSMIUM;9994;11;;;;;10010;12;;;;;10002.5;0.0
47;8500;INTARIAN_PEPPER_ROOT;59999;18;;;;;60013;12;;;;;60006.5;0.0
47;8600;ASH_COATED_OSMIUM;9997;11;;;;;10007;23;;;;;10002.0;0.0
47;8600;INTARIAN_PEPPER_ROOT;60001;16;59999;22;59997;3;60013;11;60016;22;60018;10;60007.0;0.0
47;8700;ASH_COATED_OSMIUM;9992;30;9989;12;;;10011;14;10013;10;;;10001.5;0.0
47;8700;INTARIAN_PEPPER_ROOT;60004;11;60001;17;59999;19;60017;10;60018;8;60021;19;60011.0;0.0
47;8800;ASH_COATED_OSMIUM;9992;10;;;;;10008;15;;;;;10000.5;0.0
47;8800;INTARIAN_PEPPER_ROOT;60004;10;;;;;60017;9;;;;;60010.5;0.0
47;8900;ASH_COATED_OSMIUM;9992;15;9989;2;;;10011;10;10013;12;;;10002.0;0.0
47;8900;INTARIAN_PEPPER_ROOT;59995;9;59992;11;;;60007;21;60010;12;;;60001.5;0.0
47;9000;ASH_COATED_OSMIUM;9991;10;9990;11;9988;11;10007;14;10010;14;10013;10;9999.0;0.0
47;9000;INTARIAN_PEPPER_ROOT;60003;10;;;;;60016;11;;;;;60009.5;0.0
47;9100;ASH_COATED_OSMIUM;9983;11;9981;27;9978;20;9999;14;10001;14;10004;14;9991.5;0.0
47;9100;INTARIAN_PEPPER_ROOT;60003;8;;;;;60016;9;;;;;60010.0;0.0
47;9200;ASH_COATED_OSMIUM;9986;11;;;;;10002;10;;;;;9994.0;0.0
47;9200;INTARIAN_PEPPER_ROOT;60001;7;59999;16;59998;12;60018;8;60020;9;60022;17;60010.0;0.0
47;9300;ASH_COATED_OSMIUM;9991;10;9990;13;;;10009;11;10012;14;;;10000.0;0.0
47;9300;INTARIAN_PEPPER_ROOT;60004;3;60003;23;60001;8;60016;8;60017;10;60020;10;60010.0;0.0
47;9400;ASH_COATED_OSMIUM;9996;11;9993;7;;;10012;13;10014;12;;;10004.0;0.0
47;9400;INTARIAN_PEPPER_ROOT;60002;10;60001;8;;;60013;12;60016;11;;;60007.5;0.0
47;9500;ASH_COATED_OSMIUM;9990;23;9987;12;;;10006;12;10009;30;;;9998.5;0.0
47;9500;INTARIAN_PEPPER_ROOT;59998;8;59997;11;59995;11;60014;9;60016;12;60019;10;60006.5;0.0
47;9600;ASH_COATED_OSMIUM;9986;15;9983;13;9982;10;10005;25;10008;13;10011;24;9996.0;0.0
47;9600;INTARIAN_PEPPER_ROOT;60002;11;60000;19;;;60015;11;60016;8;;;60008.5;0.0
47;9700;ASH_COATED_OSMIUM;9990;13;9989;15;;;10005;5;10008;12;;;9998.0;0.0
47;9700;INTARIAN_PEPPER_ROOT;60005;12;60003;12;;;60008;23;60009;21;;;60007.0;0.0
47;9800;ASH_COATED_OSMIUM;9983;13;9980;10;;;10001;12;10004;8;;;9992.5;0.0
47;9800;INTARIAN_PEPPER_ROOT;59998;12;59995;9;;;60015;17;60016;12;;;60007.0;0.0
47;9900;ASH_COATED_OSMIUM;9981;20;9978;15;;;9997;30;10000;25;;;9989.0;0.0
47;9900;INTARIAN_PEPPER_ROOT;60001;17;59999;19;;;60012;11;60015;10;;;60006.5;0.0
47;10000;ASH_COATED_OSMIUM;9986;30;9985;14;;;10002;27;10004;14;;;9994.0;0.0
47;10000;INTARIAN_PEPPER_ROOT;60004;8;;;;;60017;12;;;;;60011.0;0.0
47;10100;ASH_COATED_OSMIUM;9993;12;9992;12;9989;4;10003;15;10006;11;10007;12;9998.0;0.0
47;10100;INTARIAN_PEPPER_ROOT;60004;10;60002;5;;;60018;9;60019;11;;;60011.5;0.0
47;10200;ASH_COATED_OSMIUM;9990;13;;;;;10006;15;;;;;9998.5;0.0
47;10200;INTARIAN_PEPPER_ROOT;60008;8;60005;8;;;60019;10;60021;11;;;60013.5;0.0
47;10300;ASH_COATED_OSMIUM;9989;12;9988;28;;;10005;12;10006;21;;;9997.5;0.0
47;10300;INTARIAN_PEPPER_ROOT;60007;10;;;;;60010;9;;;;;60008.5;0.0
47;10400;ASH_COATED_OSMIUM;9985;12;;;;;10001;11;;;;;9993.5;0.0
47;10400;INTARIAN_PEPPER_ROOT;60005;8;;;;;60016;21;;;;;60011.0;0.0
47;10500;ASH_COATED_OSMIUM;9990;24;;;;;10006;12;;;;;9998.0;0.0
47;10500;INTARIAN_PEPPER_ROOT;60007;15;60006;12;;;60019;8;60020;9;;;60013.5;0.0
47;10600;ASH_COATED_OSMIUM;9985;13;;;;;10001;10;;;;;9993.5;0.0
47;10600;INTARIAN_PEPPER_ROOT;60008;18;;;;;60010;12;;;;;60009.0;0.0
47;10700;ASH_COATED_OSMIUM;9986;10;9985;11;;;10004;15;10005;11;;;9995.5;0.0
47;10700;INTARIAN_PEPPER_ROOT;60006;10;60003;12;;;60020;8;60023;12;;;60013.0;0.0
47;10800;ASH_COATED_OSMIUM;9990;14;9989;22;9988;4;10006;12;10008;12;10011;11;9998.5;0.0
47;10800;INTARIAN_PEPPER_ROOT;60004;22;60001;24;;;60017;10;60020;16;;;60010.5;0.0
47;10900;ASH_COATED_OSMIUM;9984;22;;;;;10000;12;;;;;9992.0;0.0
47;10900;INTARIAN_PEPPER_ROOT;60006;24;60005;8;60002;9;60023;9;60026;8;60028;12;60014.5;0.0
47;11000;ASH_COATED_OSMIUM;9991;2;9989;12;;;10000;25;10001;13;;;9996.0;0.0
47;11000;INTARIAN_PEPPER_ROOT;60006;9;;;;;60018;8;;;;;60012.0;0.0
47;11100;ASH_COATED_OSMIUM;9989;10;9986;14;;;10005;13;10006;13;;;9997.5;0.0
47;11100;INTARIAN_PEPPER_ROOT;60001;24;60000;12;;;60017;12;60018;10;;;60009.5;0.0
47;11200;ASH_COATED_OSMIUM;9986;11;9985;10;;;10005;14;10008;13;;;9995.5;0.0
47;11200;INTARIAN_PEPPER_ROOT;60004;9;60002;15;59999;9;60015;9;60016;10;60018;8;60010.0;0.0
47;11300;ASH_COATED_OSMIUM;9987;12;;;;;10003;14;;;;;9995.5;0.0
47;11300;INTARIAN_PEPPER_ROOT;60008;11;60005;10;60002;9;60019;8;60020;24;60022;10;60013.5;0.0
47;11400;ASH_COATED_OSMIUM;9989;28;9988;21;;;10007;12;10009;12;;;9998.0;0.0
47;11400;INTARIAN_PEPPER_ROOT;60007;21;60006;11;60005;12;60021;25;60022;9;60025;11;60014.0;0.0
47;11500;ASH_COATED_OSMIUM;9991;11;;;;;10009;15;;;;;10000.0;0.0
47;11500;INTARIAN_PEPPER_ROOT;60001;11;60000;11;;;60014;12;60015;10;;;60008.0;0.0
47;11600;ASH_COATED_OSMIUM;9988;13;9987;11;9984;30;10004;12;10005;15;10007;12;9996.5;0.0
47;11600;INTARIAN_PEPPER_ROOT;60002;8;60001;10;;;60015;9;60017;10;;;60008.5;0.0
47;11700;ASH_COATED_OSMIUM;9996;12;;;;;10012;12;;;;;10004.0;0.0
47;11700;INTARIAN_PEPPER_ROOT;60005;9;;;;;60018;10;;;;;60011.5;0.0
47;11800;ASH_COATED_OSMIUM;9992;23;;;;;10008;11;;;;;10000.5;0.0
47;11800;INTARIAN_PEPPER_ROOT;60004;9;60002;12;;;60016;12;60018;12;;;60010.0;0.0
47;11900;ASH_COATED_OSMIUM;9990;14;9987;23;;;10006;24;10007;10;;;9998.5;0.0
47;11900;INTARIAN_PEPPER_ROOT;60009;10;;;;;60022;12;;;;;60015.5;0.0
47;12000;ASH_COATED_OSMIUM;9987;12;9985;12;;;10003;13;10006;10;;;9995.0;0.0
47;12000;INTARIAN_PEPPER_ROOT;60007;11;;;;;60023;10;;;;;60015.5;0.0
47;12100;ASH_COATED_OSMIUM;9988;15;9985;12;9982;13;10007;13;10009;15;10012;12;9998.0;0.0
47;12100;INTARIAN_PEPPER_ROOT;60002;9;59999;17;;;60021;11;60022;10;;;60011.5;0.0
47;12200;ASH_COATED_OSMIUM;9983;25;9982;14;;;10004;12;10006;12;;;9994.0;0.0
47;12200;INTARIAN_PEPPER_ROOT;60011;12;60008;8;60005;8;60022;12;60023;11;60025;9;60016.5;0.0
47;12300;ASH_COATED_OSMIUM;9989;28;9987;24;;;10005;14;10007;11;;;9997.0;0.0
47;12300;INTARIAN_PEPPER_ROOT;60002;8;;;;;60016;10;;;;;60009.5;0.0
47;12400;ASH_COATED_OSMIUM;9997;10;9995;13;9992;22;10003;15;10004;13;10005;14;10000.0;0.0
47;12400;INTARIAN_PEPPER_ROOT;60008;25;;;;;60012;8;;;;;60010.0;0.0
47;12500;ASH_COATED_OSMIUM;9988;11;9987;12;;;9998;20;10001;15;;;9993.0;0.0
47;12500;INTARIAN_PEPPER_ROOT;60007;24;;;;;60021;10;;;;;60014.5;0.0
47;12600;ASH_COATED_OSMIUM;9984;25;9982;11;;;10000;7;10002;11;;;9992.5;0.0
47;12600;INTARIAN_PEPPER_ROOT;60005;9;60003;9;;;60021;12;60022;21;;;60013.0;0.0
47;12700;ASH_COATED_OSMIUM;9985;14;;;;;9994;14;;;;;9990.0;0.0
47;12700;INTARIAN_PEPPER_ROOT;60008;12;60006;12;60004;8;60023;8;60024;11;60027;8;60016.0;0.0
47;12800;ASH_COATED_OSMIUM;9983;30;9981;12;;;10002;12;10004;25;;;9992.5;0.0
47;12800;INTARIAN_PEPPER_ROOT;60008;8;60007;8;;;60020;8;60023;12;;;60014.0;0.0
47;12900;ASH_COATED_OSMIUM;9992;30;9989;15;9988;10;10008;14;10011;21;10014;14;10000.5;0.0
47;12900;INTARIAN_PEPPER_ROOT;60011;10;;;;;60025;10;;;;;60018.0;0.0
47;13000;ASH_COATED_OSMIUM;9995;11;9993;4;;;10011;14;10012;10;;;10003.5;0.0
47;13000;INTARIAN_PEPPER_ROOT;60007;11;60005;17;;;60020;22;60023;11;;;60013.5;0.0
47;13100;ASH_COATED_OSMIUM;9991;15;9988;30;9986;5;10007;13;10009;13;10012;12;9999.5;0.0
47;13100;INTARIAN_PEPPER_ROOT;60002;22;59999;17;;;60015;11;60018;8;;;60009.0;0.0
47;13200;ASH_COATED_OSMIUM;10004;10;10002;28;;;10015;10;10017;15;;;10009.5;0.0
47;13200;INTARIAN_PEPPER_ROOT;60011;21;60009;10;;;60024;12;60027;25;;;60018.0;0.0
47;13300;ASH_COATED_OSMIUM;9995;29;9992;24;9989;13;10013;15;10014;14;10016;13;10004.0;0.0
47;13300;INTARIAN_PEPPER_ROOT;60006;9;;;;;60021;12;;;;;60014.0;0.0
47;13400;ASH_COATED_OSMIUM;9996;14;;;;;10015;12;;;;;10005.5;0.0
47;13400;INTARIAN_PEPPER_ROOT;60008;11;60005;8;60003;12;60019;10;60022;10;60025;17;60013.5;0.0
47;13500;ASH_COATED_OSMIUM;10000;12;9999;13;9996;14;10019;23;10020;28;10021;13;10009.5;0.0
47;13500;INTARIAN_PEPPER_ROOT;60003;25;60002;12;;;60018;12;60021;8;;;60011.0;0.0
47;13600;ASH_COATED_OSMIUM;9993;12;9991;11;;;10012;12;10014;12;;;10002.5;0.0
47;13600;INTARIAN_PEPPER_ROOT;60007;10;60005;11;60004;18;60019;11;60022;12;60024;8;60013.0;0.0
47;13700;ASH_COATED_OSMIUM;10000;14;;;;;10018;13;;;;;10009.0;0.0
47;13700;INTARIAN_PEPPER_ROOT;60004;10;;;;;60016;9;;;;;60010.5;0.0
47;13800;ASH_COATED_OSMIUM;10003;11;;;;;10021;12;;;;;10012.0;0.0
47;13800;INTARIAN_PEPPER_ROOT;60011;10;60010;10;;;60027;8;60029;9;;;60019.5;0.0
47;13900;ASH_COATED_OSMIUM;10002;13;9999;24;;;10018;11;10019;12;;;10010.0;0.0
47;13900;INTARIAN_PEPPER_ROOT;60008;11;60007;12;;;60022;8;60024;25;;;60015.0;0.0
47;14000;ASH_COATED_OSMIUM;10001;11;9998;12;;;10017;14;10019;11;;;10009.5;0.0
47;14000;INTARIAN_PEPPER_ROOT;60005;25;;;;;60019;9;;;;;60012.0;0.0
47;14100;ASH_COATED_OSMIUM;10003;15;;;;;10019;10;;;;;10011.0;0.0
47;14100;INTARIAN_PEPPER_ROOT;60004;23;60002;8;59999;12;60018;9;60019;12;60022;9;60011.5;0.0
47;14200;ASH_COATED_OSMIUM;9999;5;9997;12;9994;13;10015;21;10017;14;10019;22;10007.0;0.0
47;14200;INTARIAN_PEPPER_ROOT;60010;9;;;;;60023;17;;;;;60016.5;0.0
47;14300;ASH_COATED_OSMIUM;10002;13;10000;28;;;10020;24;10021;11;;;10011.5;0.0
47;14300;INTARIAN_PEPPER_ROOT;60011;4;60009;9;60008;20;60024;10;60027;10;60030;7;60018.0;0.0
47;14400;ASH_COATED_OSMIUM;10004;10;10003;15;;;10020;13;10022;12;;;10012.5;0.0
47;14400;INTARIAN_PEPPER_ROOT;60004;12;60003;10;;;60024;9;60025;9;;;60014.0;0.0
47;14500;ASH_COATED_OSMIUM;10004;13;;;;;10020;10;;;;;10012.0;0.0
47;14500;INTARIAN_PEPPER_ROOT;60005;8;;;;;60017;12;;;;;60011.5;0.0
47;14600;ASH_COATED_OSMIUM;10002;14;9999;12;9996;15;10018;15;10021;11;10023;11;10010.0;0.0
47;14600;INTARIAN_PEPPER_ROOT;60010;23;;;;;60022;9;;;;;60016.0;0.0
47;14700;ASH_COATED_OSMIUM;10002;12;9999;12;9997;23;10018;29;10021;10;10023;14;10010.0;0.0
47;14700;INTARIAN_PEPPER_ROOT;60009;10;60006;11;60005;9;60021;25;60024;11;60025;10;60015.5;0.0
47;14800;ASH_COATED_OSMIUM;10000;15;;;;;10012;15;;;;;10006.5;0.0
47;14800;INTARIAN_PEPPER_ROOT;60008;9;60005;12;;;60020;9;60022;21;;;60014.0;0.0
47;14900;ASH_COATED_OSMIUM;9992;15;;;;;10010;14;;;;;10001.5;0.0
47;14900;INTARIAN_PEPPER_ROOT;60011;12;60008;12;;;60015;8;60018;12;;;60013.5;0.0
47;15000;ASH_COATED_OSMIUM;9990;11;9987;13;9985;10;10009;11;10010;28;10012;14;9999.5;0.0
47;15000;INTARIAN_PEPPER_ROOT;60008;23;60005;22;60003;8;60021;5;60023;11;60024;17;60014.5;0.0
47;15100;ASH_COATED_OSMIUM;9988;13;9987;10;;;10004;11;10005;2;;;9996.5;0.0
47;15100;INTARIAN_PEPPER_ROOT;60007;12;;;;;60020;11;;;;;60014.0;0.0
47;15200;ASH_COATED_OSMIUM;9989;12;9986;15;9985;11;10005;5;10007;14;10008;11;9997.0;0.0
47;15200;INTARIAN_PEPPER_ROOT;60008;21;60007;12;60005;12;60025;9;60026;23;60027;10;60017.0;0.0
47;15300;ASH_COATED_OSMIUM;9995;13;;;;;10004;11;;;;;10000.0;0.0
47;15300;INTARIAN_PEPPER_ROOT;60004;10;;;;;60020;8;;;;;60012.0;0.0
47;15400;ASH_COATED_OSMIUM;9989;10;;;;;10005;15;;;;;9997.0;0.0
47;15400;INTARIAN_PEPPER_ROOT;60012;11;60010;8;;;60024;8;60027;8;;;60018.0;0.0
47;15500;ASH_COATED_OSMIUM;9996;10;9994;11;9993;24;10003;13;10006;14;10008;15;9999.5;0.0
47;15500;INTARIAN_PEPPER_ROOT;60010;12;60008;12;60005;24;60022;10;60023;18;60026;12;60016.0;0.0
47;15600;ASH_COATED_OSMIUM;9991;24;9988;11;9985;13;10007;28;10010;11;10012;10;9999.5;0.0
47;15600;INTARIAN_PEPPER_ROOT;60008;23;60005;20;;;60022;8;60025;9;;;60015.5;0.0
47;15700;ASH_COATED_OSMIUM;9990;15;9988;15;9986;13;10006;14;10009;10;10012;10;9998.5;0.0
47;15700;INTARIAN_PEPPER_ROOT;60010;10;60007;9;60005;22;60021;12;60023;16;60024;12;60016.0;0.0
47;15800;ASH_COATED_OSMIUM;9991;13;9989;11;9987;14;10007;12;10009;14;10010;10;9999.5;0.0
47;15800;INTARIAN_PEPPER_ROOT;60012;10;;;;;60023;11;;;;;60018.0;0.0
47;15900;ASH_COATED_OSMIUM;9997;15;9996;13;;;10003;15;10006;15;;;10000.0;0.0
47;15900;INTARIAN_PEPPER_ROOT;60011;12;60010;12;60008;9;60023;9;60024;12;60025;12;60017.0;0.0
47;16000;ASH_COATED_OSMIUM;9991;10;;;;;10007;25;;;;;9999.5;0.0
47;16000;INTARIAN_PEPPER_ROOT;60007;8;;;;;60019;10;;;;;60013.5;0.0
47;16100;ASH_COATED_OSMIUM;9997;13;9995;11;9994;11;10008;2;10011;15;10013;23;10003.0;0.0
47;16100;INTARIAN_PEPPER_ROOT;60015;18;60014;9;;;60027;15;60030;9;;;60021.5;0.0
47;16200;ASH_COATED_OSMIUM;9986;26;;;;;10007;12;;;;;9996.5;0.0
47;16200;INTARIAN_PEPPER_ROOT;60006;8;60003;11;;;60018;8;60021;12;;;60012.5;0.0
47;16300;ASH_COATED_OSMIUM;9988;29;;;;;10004;13;;;;;9996.5;0.0
47;16300;INTARIAN_PEPPER_ROOT;60011;11;;;;;60022;11;;;;;60016.5;0.0
47;16400;ASH_COATED_OSMIUM;9991;15;9990;21;;;10007;4;10008;14;;;9999.0;0.0
47;16400;INTARIAN_PEPPER_ROOT;60011;25;60009;12;60008;12;60024;9;60026;11;60029;23;60017.5;0.0
47;16500;ASH_COATED_OSMIUM;9989;11;9987;13;;;10005;14;10006;3;;;9997.0;0.0
47;16500;INTARIAN_PEPPER_ROOT;60014;15;;;;;60026;11;;;;;60020.0;0.0
47;16600;ASH_COATED_OSMIUM;9983;12;9981;12;9978;10;9999;14;10000;11;10002;12;9991.0;0.0
47;16600;INTARIAN_PEPPER_ROOT;60013;10;;;;;60027;12;;;;;60020.0;0.0
47;16700;ASH_COATED_OSMIUM;9987;11;;;;;10003;13;;;;;9995.0;0.0
47;16700;INTARIAN_PEPPER_ROOT;60011;12;60010;22;60008;16;60023;9;60025;21;60028;11;60017.5;0.0
47;16800;ASH_COATED_OSMIUM;9986;20;;;;;10002;15;;;;;9994.0;0.0
47;16800;INTARIAN_PEPPER_ROOT;60007;16;60004;9;60001;11;60021;11;60022;8;60025;9;60014.0;0.0
47;16900;ASH_COATED_OSMIUM;9994;22;9991;13;;;10004;4;10005;15;;;9999.5;0.0
47;16900;INTARIAN_PEPPER_ROOT;60011;12;60008;8;;;60024;8;60025;10;;;60018.0;0.0
47;17000;ASH_COATED_OSMIUM;9989;12;9987;13;;;10008;27;10011;15;;;9999.0;0.0
47;17000;INTARIAN_PEPPER_ROOT;60011;8;;;;;60023;11;;;;;60017.0;0.0
47;17100;ASH_COATED_OSMIUM;9987;10;9985;12;9982;15;10005;13;10007;11;10010;11;9996.0;0.0
47;17100;INTARIAN_PEPPER_ROOT;60009;10;60007;8;;;60022;11;60025;8;;;60016.0;0.0
47;17200;ASH_COATED_OSMIUM;9994;30;;;;;10013;11;;;;;10003.5;0.0
47;17200;INTARIAN_PEPPER_ROOT;60010;12;60008;10;;;60021;17;60023;10;;;60015.5;0.0
47;17300;ASH_COATED_OSMIUM;9991;11;9988;13;;;10001;11;10002;13;;;9996.5;0.0
47;17300;INTARIAN_PEPPER_ROOT;60016;9;;;;;60029;10;;;;;60022.5;0.0
47;17400;ASH_COATED_OSMIUM;9989;11;9988;15;;;10005;25;10008;13;;;9997.5;0.0
47;17400;INTARIAN_PEPPER_ROOT;60005;8;60003;12;60001;12;60022;11;60023;11;60024;12;60013.5;0.0
47;17500;ASH_COATED_OSMIUM;9988;15;;;;;10004;14;;;;;9996.5;0.0
47;17500;INTARIAN_PEPPER_ROOT;60013;8;60011;10;;;60026;10;60029;10;;;60020.0;0.0
47;17600;ASH_COATED_OSMIUM;9993;10;9992;15;;;10009;11;10011;10;;;10001.0;0.0
47;17600;INTARIAN_PEPPER_ROOT;60011;8;60008;5;;;60025;9;60027;15;;;60018.5;0.0
47;17700;ASH_COATED_OSMIUM;9990;10;9987;13;9984;15;10008;14;10011;10;10014;10;9999.5;0.0
47;17700;INTARIAN_PEPPER_ROOT;60013;9;;;;;60027;9;;;;;60020.5;0.0
47;17800;ASH_COATED_OSMIUM;9987;10;9984;12;;;10006;13;10009;27;;;9996.5;0.0
47;17800;INTARIAN_PEPPER_ROOT;60014;21;60013;9;60011;8;60028;11;60029;25;60032;9;60021.0;0.0
47;17900;ASH_COATED_OSMIUM;9995;10;9993;15;;;10006;13;10008;10;;;10001.0;0.0
47;17900;INTARIAN_PEPPER_ROOT;60015;9;60014;11;;;60017;9;60018;10;;;60016.5;0.0
47;18000;ASH_COATED_OSMIUM;9996;10;9995;15;;;10006;13;10008;30;;;10001.0;0.0
47;18000;INTARIAN_PEPPER_ROOT;60013;12;60011;4;60009;12;60026;8;60027;11;60029;12;60020.0;0.0
47;18100;ASH_COATED_OSMIUM;9987;10;;;;;10003;15;;;;;9995.5;0.0
47;18100;INTARIAN_PEPPER_ROOT;60012;10;60010;11;60008;10;60025;9;60026;9;60028;11;60019.0;0.0
47;18200;ASH_COATED_OSMIUM;9991;13;9988;12;;;10007;15;10010;13;;;9999.5;0.0
47;18200;INTARIAN_PEPPER_ROOT;60017;12;60015;10;;;60022;11;60025;11;;;60019.5;0.0
47;18300;ASH_COATED_OSMIUM;9989;13;;;;;10007;14;;;;;9998.5;0.0
47;18300;INTARIAN_PEPPER_ROOT;60011;11;;;;;60024;12;;;;;60018.0;0.0
47;18400;ASH_COATED_OSMIUM;9989;12;9987;24;;;10005;14;10006;29;;;9997.5;0.0
47;18400;INTARIAN_PEPPER_ROOT;60013;10;;;;;60024;12;;;;;60019.0;0.0
47;18500;ASH_COATED_OSMIUM;9987;14;;;;;10005;14;;;;;9996.0;0.0
47;18500;INTARIAN_PEPPER_ROOT;60010;3;;;;;60026;10;;;;;60018.5;0.0
47;18600;ASH_COATED_OSMIUM;9992;13;;;;;10002;14;;;;;9997.0;0.0
47;18600;INTARIAN_PEPPER_ROOT;60006;8;60003;10;;;60023;24;60026;12;;;60015.0;0.0
47;18700;ASH_COATED_OSMIUM;9991;12;9990;23;;;10007;10;10009;11;;;9999.0;0.0
47;18700;INTARIAN_PEPPER_ROOT;60009;8;60006;10;60003;12;60020;11;60021;12;60022;10;60014.5;0.0
47;18800;ASH_COATED_OSMIUM;9985;12;9982;25;;;10001;15;10004;15;;;9993.0;0.0
47;18800;INTARIAN_PEPPER_ROOT;60011;12;60009;21;60006;10;60023;10;60024;20;60026;18;60017.5;0.0
47;18900;ASH_COATED_OSMIUM;9989;11;;;;;9999;10;;;;;9994.0;0.0
47;18900;INTARIAN_PEPPER_ROOT;60018;9;60017;10;60016;10;60029;15;60030;12;60032;17;60023.5;0.0
47;19000;ASH_COATED_OSMIUM;9986;15;9984;15;9982;10;10002;11;10004;11;10007;14;9994.0;0.0
47;19000;INTARIAN_PEPPER_ROOT;60012;11;60009;8;60006;19;60025;12;60026;10;60027;12;60019.0;0.0
47;19100;ASH_COATED_OSMIUM;9986;11;9985;14;9983;10;10005;14;10006;14;10007;10;9996.0;0.0
47;19100;INTARIAN_PEPPER_ROOT;60011;10;;;;;60025;10;;;;;60018.5;0.0
47;19200;ASH_COATED_OSMIUM;9982;26;;;;;9998;10;;;;;9990.5;0.0
47;19200;INTARIAN_PEPPER_ROOT;60018;8;;;;;60021;9;;;;;60019.5;0.0
47;19300;ASH_COATED_OSMIUM;9983;10;9981;13;;;9989;12;9991;10;;;9986.0;0.0
47;19300;INTARIAN_PEPPER_ROOT;60009;10;;;;;60020;9;;;;;60014.5;0.0
47;19400;ASH_COATED_OSMIUM;9983;12;9981;23;9980;14;9999;12;10000;23;10002;11;9991.0;0.0
47;19400;INTARIAN_PEPPER_ROOT;60007;21;60006;8;;;60020;21;60022;10;;;60014.0;0.0
47;19500;ASH_COATED_OSMIUM;9985;13;9984;30;;;10001;12;10003;11;;;9993.5;0.0
47;19500;INTARIAN_PEPPER_ROOT;60013;8;60011;11;;;60026;12;60028;8;;;60019.5;0.0
47;19600;ASH_COATED_OSMIUM;9987;22;9984;14;;;10003;25;10004;15;;;9995.0;0.0
47;19600;INTARIAN_PEPPER_ROOT;60012;15;60009;10;60007;8;60024;11;60025;20;60027;8;60018.0;0.0
47;19700;ASH_COATED_OSMIUM;9987;12;;;;;10003;11;;;;;9995.5;0.0
47;19700;INTARIAN_PEPPER_ROOT;60013;10;;;;;60027;11;;;;;60020.0;0.0
47;19800;ASH_COATED_OSMIUM;9985;22;9983;14;9982;12;10001;22;10002;15;10004;11;9993.0;0.0
47;19800;INTARIAN_PEPPER_ROOT;60011;9;60010;24;60009;8;60026;16;60028;10;60029;24;60018.5;0.0
47;19900;ASH_COATED_OSMIUM;9986;12;;;;;10002;11;;;;;9994.0;0.0
47;19900;INTARIAN_PEPPER_ROOT;60008;11;60007;10;;;60027;8;60028;10;;;60018.0;0.0
47;20000;ASH_COATED_OSMIUM;9988;29;9987;29;9985;12;9998;28;10001;27;10003;3;9993.5;0.0
47;20000;INTARIAN_PEPPER_ROOT;60015;10;;;;;60030;12;;;;;60023.0;0.0
47;20100;ASH_COATED_OSMIUM;9999;20;;;;;10010;14;;;;;10004.5;0.0
47;20100;INTARIAN_PEPPER_ROOT;60015;12;;;;;60028;10;;;;;60021.5;0.0
47;20200;ASH_COATED_OSMIUM;9991;10;9990;10;9988;11;10007;10;10010;24;10013;14;9999.5;0.0
47;20200;INTARIAN_PEPPER_ROOT;60017;8;60016;12;;;60031;8;60032;9;;;60024.0;0.0
47;20300;ASH_COATED_OSMIUM;9994;26;9991;11;9988;15;10010;12;10013;7;10015;23;10002.5;0.0
47;20300;INTARIAN_PEPPER_ROOT;60013;9;60010;11;60008;11;60027;11;60028;12;60030;8;60020.0;0.0
47;20400;ASH_COATED_OSMIUM;9996;13;9995;11;;;10005;10;10006;13;;;10000.5;0.0
47;20400;INTARIAN_PEPPER_ROOT;60016;19;60013;12;60012;12;60027;11;60028;10;60031;8;60022.0;0.0
47;20500;ASH_COATED_OSMIUM;9990;10;;;;;10006;15;;;;;9998.5;0.0
47;20500;INTARIAN_PEPPER_ROOT;60011;8;60009;8;;;60023;20;60024;10;;;60017.5;0.0
47;20600;ASH_COATED_OSMIUM;9988;15;9986;14;;;10004;14;10005;30;;;9996.5;0.0
47;20600;INTARIAN_PEPPER_ROOT;60019;9;60016;10;60014;12;60030;9;60032;9;60035;10;60024.5;0.0
47;20700;ASH_COATED_OSMIUM;9988;22;9985;12;9984;13;10007;15;10009;5;10011;26;9997.5;0.0
47;20700;INTARIAN_PEPPER_ROOT;60012;25;60011;12;;;60025;12;60027;12;;;60018.5;0.0
47;20800;ASH_COATED_OSMIUM;9991;12;;;;;10010;11;;;;;10001.0;0.0
47;20800;INTARIAN_PEPPER_ROOT;60015;11;;;;;60026;24;;;;;60021.0;0.0
47;20900;ASH_COATED_OSMIUM;9993;10;9991;12;9988;11;10011;13;10012;15;10015;11;10002.5;0.0
47;20900;INTARIAN_PEPPER_ROOT;60017;6;60015;10;60012;12;60029;11;60030;9;60031;9;60023.0;0.0
47;21000;ASH_COATED_OSMIUM;9995;10;;;;;10011;11;;;;;10003.0;0.0
47;21000;INTARIAN_PEPPER_ROOT;60016;8;60013;12;60010;18;60029;11;60032;9;60034;9;60022.5;0.0
47;21100;ASH_COATED_OSMIUM;9991;12;9989;14;;;10007;15;10009;2;;;9999.0;0.0
47;21100;INTARIAN_PEPPER_ROOT;60015;11;60012;22;;;60029;8;60031;7;;;60022.5;0.0
47;21200;ASH_COATED_OSMIUM;9991;14;9990;5;;;10007;26;10010;14;;;9999.5;0.0
47;21200;INTARIAN_PEPPER_ROOT;60013;12;60010;8;;;60027;10;60029;11;;;60020.0;0.0
47;21300;ASH_COATED_OSMIUM;9991;15;;;;;10012;14;;;;;10001.5;0.0
47;21300;INTARIAN_PEPPER_ROOT;60020;8;60017;12;;;60032;8;60035;12;;;60026.0;0.0
47;21400;ASH_COATED_OSMIUM;9995;14;;;;;10011;8;;;;;10003.0;0.0
47;21400;INTARIAN_PEPPER_ROOT;60014;12;60011;11;;;60027;12;60029;10;;;60020.5;0.0
47;21500;ASH_COATED_OSMIUM;9996;10;9995;14;;;10012;13;10013;13;;;10004.0;0.0
47;21500;INTARIAN_PEPPER_ROOT;60012;16;60010;11;60007;10;60029;15;60030;8;60031;9;60020.5;0.0
47;21600;ASH_COATED_OSMIUM;9999;14;9998;15;;;10015;15;10018;14;;;10007.0;0.0
47;21600;INTARIAN_PEPPER_ROOT;60006;12;60005;8;;;60024;18;60026;10;;;60015.0;0.0
47;21700;ASH_COATED_OSMIUM;9993;11;;;;;10009;10;;;;;10001.5;0.0
47;21700;INTARIAN_PEPPER_ROOT;60015;16;60012;10;;;60027;17;60030;10;;;60021.0;0.0
47;21800;ASH_COATED_OSMIUM;9985;29;9984;27;9981;27;10001;15;10004;13;10005;15;9993.5;0.0
47;21800;INTARIAN_PEPPER_ROOT;60021;12;60020;10;60019;9;60033;10;60036;12;60038;8;60027.0;0.0
47;21900;ASH_COATED_OSMIUM;9991;5;9988;11;;;10007;11;10008;12;;;9999.5;0.0
47;21900;INTARIAN_PEPPER_ROOT;60018;11;60016;20;60015;10;60030;12;60032;9;60033;12;60024.0;0.0
47;22000;ASH_COATED_OSMIUM;9995;11;9993;14;;;10013;11;10015;22;;;10004.5;0.0
47;22000;INTARIAN_PEPPER_ROOT;60016;8;60015;10;;;60030;8;60033;9;;;60023.0;0.0
47;22100;ASH_COATED_OSMIUM;9994;10;;;;;10015;10;;;;;10004.5;0.0
47;22100;INTARIAN_PEPPER_ROOT;60016;10;;;;;60029;12;;;;;60023.0;0.0
47;22200;ASH_COATED_OSMIUM;9993;12;;;;;10009;10;;;;;10001.0;0.0
47;22200;INTARIAN_PEPPER_ROOT;60013;9;60012;12;60009;8;60026;21;60028;8;60029;10;60020.0;0.0
47;22300;ASH_COATED_OSMIUM;9989;10;9986;12;;;10008;23;10009;11;;;9999.0;0.0
47;22300;INTARIAN_PEPPER_ROOT;60014;8;60011;20;60008;24;60028;17;60029;9;60030;12;60021.5;0.0
47;22400;ASH_COATED_OSMIUM;9989;15;;;;;10008;10;;;;;9999.0;0.0
47;22400;INTARIAN_PEPPER_ROOT;60017;9;;;;;60033;11;;;;;60025.5;0.0
47;22500;ASH_COATED_OSMIUM;9992;13;9991;14;;;10008;27;10011;15;;;10000.5;0.0
47;22500;INTARIAN_PEPPER_ROOT;60018;12;60017;11;;;60031;11;60032;21;;;60024.5;0.0
47;22600;ASH_COATED_OSMIUM;9994;11;9991;12;9989;14;10012;22;10013;13;10015;14;10003.5;0.0
47;22600;INTARIAN_PEPPER_ROOT;60016;12;60015;9;60013;9;60028;11;60030;16;60031;8;60022.5;0.0
47;22700;ASH_COATED_OSMIUM;9998;10;;;;;10014;5;;;;;10006.0;0.0
47;22700;INTARIAN_PEPPER_ROOT;60009;20;;;;;60025;21;;;;;60017.5;0.0
47;22800;ASH_COATED_OSMIUM;9992;14;9989;11;;;10008;11;10009;14;;;10000.5;0.0
47;22800;INTARIAN_PEPPER_ROOT;60016;11;60015;22;60014;12;60030;12;60031;21;60034;11;60023.0;0.0
47;22900;ASH_COATED_OSMIUM;9995;12;9992;12;;;10011;14;10014;20;;;10003.0;0.0
47;22900;INTARIAN_PEPPER_ROOT;60014;20;;;;;60028;10;;;;;60021.5;0.0
47;23000;ASH_COATED_OSMIUM;9999;11;9997;10;;;10015;10;10018;10;;;10007.5;0.0
47;23000;INTARIAN_PEPPER_ROOT;60013;10;60012;9;60011;8;60027;12;60030;8;60031;11;60020.0;0.0
47;23100;ASH_COATED_OSMIUM;10000;15;9999;13;;;10016;15;10018;22;;;10008.0;0.0
47;23100;INTARIAN_PEPPER_ROOT;60013;15;60012;20;;;60027;18;60029;9;;;60020.5;0.0
47;23200;ASH_COATED_OSMIUM;10005;12;10003;12;10001;28;10021;22;10023;13;10025;10;10013.5;0.0
47;23200;INTARIAN_PEPPER_ROOT;60014;8;60011;10;60008;20;60026;11;60029;9;60030;12;60020.5;0.0
47;23300;ASH_COATED_OSMIUM;10003;14;10002;14;;;10019;24;10021;12;;;10011.5;0.0
47;23300;INTARIAN_PEPPER_ROOT;60016;18;;;;;60027;21;;;;;60021.5;0.0
47;23400;ASH_COATED_OSMIUM;9999;30;9998;25;9997;13;10015;27;10016;13;10018;13;10007.5;0.0
47;23400;INTARIAN_PEPPER_ROOT;60018;10;60015;8;60012;9;60030;10;60032;9;60034;18;60024.0;0.0
47;23500;ASH_COATED_OSMIUM;10003;11;;;;;10019;14;;;;;10011.5;0.0
47;23500;INTARIAN_PEPPER_ROOT;60017;8;60016;8;60014;12;60031;24;60034;12;60037;10;60024.0;0.0
47;23600;ASH_COATED_OSMIUM;10006;4;;;;;10022;10;;;;;10014.5;0.0
47;23600;INTARIAN_PEPPER_ROOT;60021;11;60019;8;;;60024;10;60026;8;;;60023.0;0.0
47;23700;ASH_COATED_OSMIUM;9996;13;9995;15;;;10012;13;10013;12;;;10004.5;0.0
47;23700;INTARIAN_PEPPER_ROOT;60019;11;;;;;60031;12;;;;;60025.5;0.0
47;23800;ASH_COATED_OSMIUM;9995;5;9994;15;9991;13;10011;12;10014;10;10015;15;10003.5;0.0
47;23800;INTARIAN_PEPPER_ROOT;60018;11;60017;17;;;60031;12;60033;12;;;60024.5;0.0
47;23900;ASH_COATED_OSMIUM;9999;15;9996;10;;;10015;14;10016;12;;;10007.5;0.0
47;23900;INTARIAN_PEPPER_ROOT;60018;12;;;;;60029;16;;;;;60024.0;0.0
47;24000;ASH_COATED_OSMIUM;9996;14;9994;25;9993;12;10012;5;10015;12;10017;27;10004.0;0.0
47;24000;INTARIAN_PEPPER_ROOT;60018;12;;;;;60029;9;;;;;60024.0;0.0
47;24100;ASH_COATED_OSMIUM;9993;10;9992;13;;;10009;14;10011;10;;;10001.0;0.0
47;24100;INTARIAN_PEPPER_ROOT;60019;15;60018;10;;;60032;8;60033;12;;;60026.0;0.0
47;24200;ASH_COATED_OSMIUM;9992;15;9990;14;;;10008;10;10011;12;;;10000.0;0.0
47;24200;INTARIAN_PEPPER_ROOT;60017;10;60015;11;;;60030;12;60031;9;;;60024.0;0.0
47;24300;ASH_COATED_OSMIUM;9995;10;9994;14;9993;14;10011;30;10013;20;10016;12;10003.0;0.0
47;24300;INTARIAN_PEPPER_ROOT;60018;10;60015;9;;;60035;9;60036;8;;;60026.5;0.0
47;24400;ASH_COATED_OSMIUM;9992;10;9989;13;;;10008;22;10011;15;;;10000.5;0.0
47;24400;INTARIAN_PEPPER_ROOT;60017;11;60014;9;;;60030;10;60033;11;;;60023.5;0.0
47;24500;ASH_COATED_OSMIUM;9995;26;9994;14;;;10011;30;10012;10;;;10003.5;0.0
47;24500;INTARIAN_PEPPER_ROOT;60015;12;;;;;60032;12;;;;;60023.5;0.0
47;24600;ASH_COATED_OSMIUM;9995;10;9994;27;;;10011;10;10014;13;;;10003.0;0.0
47;24600;INTARIAN_PEPPER_ROOT;60010;10;60007;11;;;60026;9;60028;17;;;60018.0;0.0
47;24700;ASH_COATED_OSMIUM;9995;26;;;;;10011;14;;;;;10003.5;0.0
47;24700;INTARIAN_PEPPER_ROOT;60019;11;60017;8;;;60031;8;60034;8;;;60025.0;0.0
47;24800;ASH_COATED_OSMIUM;9988;15;9986;22;9983;12;10006;15;10007;13;10008;10;9997.5;0.0
47;24800;INTARIAN_PEPPER_ROOT;60015;12;60012;9;60011;17;60026;11;60029;10;60031;9;60021.0;0.0
47;24900;ASH_COATED_OSMIUM;9992;12;;;;;10011;15;;;;;10001.5;0.0
47;24900;INTARIAN_PEPPER_ROOT;60017;8;;;;;60025;25;;;;;60021.5;0.0
47;25000;ASH_COATED_OSMIUM;9997;15;9995;12;;;10013;21;10014;10;;;10005.0;0.0
47;25000;INTARIAN_PEPPER_ROOT;60020;9;;;;;60032;8;;;;;60026.5;0.0
47;25100;ASH_COATED_OSMIUM;9993;15;9991;15;;;10012;20;10014;20;;;10003.0;0.0
47;25100;INTARIAN_PEPPER_ROOT;60015;10;;;;;60028;11;;;;;60022.0;0.0
47;25200;ASH_COATED_OSMIUM;9997;14;9994;14;;;10012;15;10014;29;;;10004.5;0.0
47;25200;INTARIAN_PEPPER_ROOT;60017;11;60016;9;;;60029;12;60030;11;;;60023.5;0.0
47;25300;ASH_COATED_OSMIUM;9991;13;;;;;10007;27;;;;;9999.5;0.0
47;25300;INTARIAN_PEPPER_ROOT;60016;6;60014;11;;;60030;12;60032;8;;;60023.0;0.0
47;25400;ASH_COATED_OSMIUM;9991;12;9988;12;9987;26;10007;13;10009;15;10011;15;9999.5;0.0
47;25400;INTARIAN_PEPPER_ROOT;60018;23;60016;10;;;60032;11;60035;9;;;60025.5;0.0
47;25500;ASH_COATED_OSMIUM;9989;3;9987;12;9985;7;10005;5;10006;13;10009;15;9997.5;0.0
47;25500;INTARIAN_PEPPER_ROOT;60015;9;60013;11;60010;12;60032;9;60033;8;60036;12;60023.5;0.0
47;25600;ASH_COATED_OSMIUM;9991;10;9988;4;9986;12;10007;13;10008;11;10011;11;9999.0;0.0
47;25600;INTARIAN_PEPPER_ROOT;60019;9;60016;8;60013;18;60031;9;60034;12;60036;9;60025.0;0.0
47;25700;ASH_COATED_OSMIUM;9993;12;9991;13;;;10008;10;10009;13;;;10001.0;0.0
47;25700;INTARIAN_PEPPER_ROOT;60018;11;60015;11;;;60031;9;60032;11;;;60024.5;0.0
47;25800;ASH_COATED_OSMIUM;9999;3;;;;;10011;30;;;;;10005.5;0.0
47;25800;INTARIAN_PEPPER_ROOT;60021;21;;;;;60034;9;;;;;60028.0;0.0
47;25900;ASH_COATED_OSMIUM;9993;11;9992;12;;;10011;12;10014;29;;;10002.5;0.0
47;25900;INTARIAN_PEPPER_ROOT;60019;10;;;;;60031;15;;;;;60025.0;0.0
47;26000;ASH_COATED_OSMIUM;9994;15;;;;;10010;15;;;;;10002.0;0.0
47;26000;INTARIAN_PEPPER_ROOT;60017;10;;;;;60029;18;;;;;60023.5;0.0
47;26100;ASH_COATED_OSMIUM;9989;13;;;;;10010;22;;;;;10000.0;0.0
47;26100;INTARIAN_PEPPER_ROOT;60021;10;;;;;60034;24;;;;;60028.0;0.0
47;26200;ASH_COATED_OSMIUM;9995;13;9993;10;;;10011;12;10013;28;;;10003.0;0.0
47;26200;INTARIAN_PEPPER_ROOT;60020;8;60018;12;60015;11;60036;12;60038;8;60039;12;60028.0;0.0
47;26300;ASH_COATED_OSMIUM;9993;13;9992;10;;;10011;12;10013;12;;;10002.0;0.0
47;26300;INTARIAN_PEPPER_ROOT;60018;9;60015;8;;;60032;10;60034;8;;;60025.0;0.0
47;26400;ASH_COATED_OSMIUM;9991;15;;;;;10007;13;;;;;9999.5;0.0
47;26400;INTARIAN_PEPPER_ROOT;60015;12;;;;;60035;9;;;;;60025.5;0.0
47;26500;ASH_COATED_OSMIUM;9987;12;9984;11;9983;11;10006;15;10008;11;10009;24;9997.0;0.0
47;26500;INTARIAN_PEPPER_ROOT;60013;10;60011;12;;;60026;9;60029;18;;;60020.0;0.0
47;26600;ASH_COATED_OSMIUM;9992;15;9990;10;9989;11;10008;15;10010;10;10012;11;10000.5;0.0
47;26600;INTARIAN_PEPPER_ROOT;60025;18;;;;;60028;10;;;;;60027.0;0.0
47;26700;ASH_COATED_OSMIUM;9997;12;9995;10;;;10013;12;10014;10;;;10005.5;0.0
47;26700;INTARIAN_PEPPER_ROOT;60019;10;60017;11;;;60033;9;60035;10;;;60026.5;0.0
47;26800;ASH_COATED_OSMIUM;9994;5;9992;27;9990;22;10013;25;10014;24;10016;11;10003.5;0.0
47;26800;INTARIAN_PEPPER_ROOT;60022;11;60020;11;;;60035;9;60036;10;;;60029.0;0.0
47;26900;ASH_COATED_OSMIUM;9990;13;9987;10;;;10008;13;10009;12;;;9999.5;0.0
47;26900;INTARIAN_PEPPER_ROOT;60019;11;60016;11;60014;9;60036;12;60037;16;60040;9;60027.5;0.0
47;27000;ASH_COATED_OSMIUM;9992;14;9989;11;9987;13;10008;27;10010;11;10013;15;10000.5;0.0
47;27000;INTARIAN_PEPPER_ROOT;60019;12;60018;9;60016;9;60036;8;60039;11;60041;11;60028.0;0.0
47;27100;ASH_COATED_OSMIUM;9989;12;;;;;10005;11;;;;;9997.0;0.0
47;27100;INTARIAN_PEPPER_ROOT;60020;12;60018;9;60015;12;60035;12;60037;8;60038;11;60028.0;0.0
47;27200;ASH_COATED_OSMIUM;9988;5;;;;;10004;10;;;;;9996.5;0.0
47;27200;INTARIAN_PEPPER_ROOT;60025;9;60023;10;60021;8;60039;11;60041;18;60044;22;60032.0;0.0
47;27300;ASH_COATED_OSMIUM;9983;14;9981;12;;;9999;11;10000;11;;;9991.0;0.0
47;27300;INTARIAN_PEPPER_ROOT;60018;5;60016;20;;;60032;8;60035;10;;;60025.0;0.0
47;27400;ASH_COATED_OSMIUM;9987;3;9984;8;;;10006;15;10009;13;;;9997.0;0.0
47;27400;INTARIAN_PEPPER_ROOT;60020;8;;;;;60035;8;;;;;60028.0;0.0
47;27500;ASH_COATED_OSMIUM;9995;13;9992;10;;;10005;12;10007;15;;;10000.5;0.0
47;27500;INTARIAN_PEPPER_ROOT;60024;8;;;;;60036;10;;;;;60030.5;0.0
47;27600;ASH_COATED_OSMIUM;9988;11;9985;15;9984;10;10007;11;10008;14;10010;4;9998.0;0.0
47;27600;INTARIAN_PEPPER_ROOT;60023;10;;;;;60035;12;;;;;60029.5;0.0
47;27700;ASH_COATED_OSMIUM;9993;14;9991;24;9989;15;10012;14;10013;14;10014;25;10003.0;0.0
47;27700;INTARIAN_PEPPER_ROOT;60024;8;;;;;60037;10;;;;;60030.5;0.0
47;27800;ASH_COATED_OSMIUM;9989;2;9986;29;;;10008;10;10010;14;;;9999.0;0.0
47;27800;INTARIAN_PEPPER_ROOT;60021;11;;;;;60033;12;;;;;60027.0;0.0
47;27900;ASH_COATED_OSMIUM;9991;29;;;;;10009;14;;;;;10000.5;0.0
47;27900;INTARIAN_PEPPER_ROOT;60021;8;60020;9;60019;12;60032;10;60033;10;60035;11;60026.5;0.0
47;28000;ASH_COATED_OSMIUM;9992;11;9991;11;;;10008;7;10011;10;;;10000.5;0.0
47;28000;INTARIAN_PEPPER_ROOT;60025;10;60024;9;60022;10;60038;11;60040;15;60043;11;60032.0;0.0
47;28100;ASH_COATED_OSMIUM;9995;24;9994;12;;;10011;13;10012;15;;;10003.0;0.0
47;28100;INTARIAN_PEPPER_ROOT;60020;11;;;;;60036;9;;;;;60028.0;0.0
47;28200;ASH_COATED_OSMIUM;9989;11;9986;15;9983;13;10008;14;10009;13;10012;10;9999.0;0.0
47;28200;INTARIAN_PEPPER_ROOT;60022;12;60021;9;;;60036;9;60037;8;;;60029.0;0.0
47;28300;ASH_COATED_OSMIUM;9994;13;;;;;10010;11;;;;;10002.5;0.0
47;28300;INTARIAN_PEPPER_ROOT;60020;10;;;;;60033;8;;;;;60026.5;0.0
47;28400;ASH_COATED_OSMIUM;9993;12;9991;15;9988;12;10011;10;10013;14;10016;10;10002.0;0.0
47;28400;INTARIAN_PEPPER_ROOT;60021;18;60019;8;60018;19;60033;18;60034;9;60037;8;60027.0;0.0
47;28500;ASH_COATED_OSMIUM;9998;13;9997;11;;;10014;14;10017;12;;;10006.0;0.0
47;28500;INTARIAN_PEPPER_ROOT;60022;9;;;;;60038;9;;;;;60030.0;0.0
47;28600;ASH_COATED_OSMIUM;9998;20;;;;;10014;27;;;;;10006.5;0.0
47;28600;INTARIAN_PEPPER_ROOT;60021;11;60020;10;;;60036;12;60039;11;;;60029.0;0.0
47;28700;ASH_COATED_OSMIUM;9995;14;9993;11;;;10013;13;10016;11;;;10004.0;0.0
47;28700;INTARIAN_PEPPER_ROOT;60023;8;60021;9;;;60035;10;60038;25;;;60029.0;0.0
47;28800;ASH_COATED_OSMIUM;10000;13;9997;12;;;10016;12;10019;12;;;10008.0;0.0
47;28800;INTARIAN_PEPPER_ROOT;60020;17;60019;11;60018;12;60035;9;60038;17;60039;22;60028.0;0.0
47;28900;ASH_COATED_OSMIUM;9993;12;9992;15;;;10011;11;10014;21;;;10002.5;0.0
47;28900;INTARIAN_PEPPER_ROOT;60016;10;;;;;60033;25;;;;;60025.0;0.0
47;29000;ASH_COATED_OSMIUM;9992;3;9989;14;9988;12;10008;13;10011;12;10012;30;10000.0;0.0
47;29000;INTARIAN_PEPPER_ROOT;60022;9;60019;10;;;60037;9;60039;25;;;60029.5;0.0
47;29100;ASH_COATED_OSMIUM;9991;10;9989;11;;;10010;12;10012;14;;;10000.5;0.0
47;29100;INTARIAN_PEPPER_ROOT;60020;12;60017;12;;;60035;12;60037;10;;;60027.5;0.0
47;29200;ASH_COATED_OSMIUM;9990;10;9987;15;9984;12;10006;23;10009;13;10010;15;9998.5;0.0
47;29200;INTARIAN_PEPPER_ROOT;60023;11;;;;;60037;9;;;;;60030.0;0.0
47;29300;ASH_COATED_OSMIUM;9993;28;;;;;10009;14;;;;;10001.0;0.0
47;29300;INTARIAN_PEPPER_ROOT;60021;8;60019;9;;;60034;24;60036;9;;;60028.0;0.0
47;29400;ASH_COATED_OSMIUM;9991;3;;;;;10007;15;;;;;9999.0;0.0
47;29400;INTARIAN_PEPPER_ROOT;60024;23;;;;;60037;9;;;;;60030.5;0.0
47;29500;ASH_COATED_OSMIUM;9991;27;9990;2;;;10009;28;10010;10;;;10000.5;0.0
47;29500;INTARIAN_PEPPER_ROOT;60027;8;60024;23;;;60040;12;60043;8;;;60033.5;0.0
47;29600;ASH_COATED_OSMIUM;9991;13;;;;;10007;15;;;;;9999.0;0.0
47;29600;INTARIAN_PEPPER_ROOT;60028;10;60025;8;;;60031;8;60032;12;;;60030.0;0.0
47;29700;ASH_COATED_OSMIUM;9995;10;9992;15;;;10014;13;10017;10;;;10004.5;0.0
47;29700;INTARIAN_PEPPER_ROOT;60023;10;60022;22;60021;11;60035;11;60037;15;60040;9;60029.5;0.0
47;29800;ASH_COATED_OSMIUM;9993;14;;;;;10009;25;;;;;10001.0;0.0
47;29800;INTARIAN_PEPPER_ROOT;60023;11;60020;12;;;60037;9;60038;19;;;60030.5;0.0
47;29900;ASH_COATED_OSMIUM;9998;20;9997;14;;;10014;11;10017;15;;;10006.5;0.0
47;29900;INTARIAN_PEPPER_ROOT;60023;9;;;;;60036;12;;;;;60030.0;0.0
47;30000;ASH_COATED_OSMIUM;9998;12;9995;13;;;10014;20;10017;15;;;10006.5;0.0
47;30000;INTARIAN_PEPPER_ROOT;60017;8;60014;9;;;60034;15;60037;9;;;60025.5;0.0
47;30100;ASH_COATED_OSMIUM;9998;10;;;;;10016;14;;;;;10007.0;0.0
47;30100;INTARIAN_PEPPER_ROOT;60021;12;60020;11;;;60034;11;60035;10;;;60027.5;0.0
47;30200;ASH_COATED_OSMIUM;9994;20;9992;15;;;10015;12;10017;13;;;10004.5;0.0
47;30200;INTARIAN_PEPPER_ROOT;60024;8;60021;10;60020;12;60037;8;60040;10;60042;9;60031.0;0.0
47;30300;ASH_COATED_OSMIUM;9998;23;9995;13;;;10014;10;10016;14;;;10006.0;0.0
47;30300;INTARIAN_PEPPER_ROOT;60020;6;60019;11;;;60036;12;60039;10;;;60028.5;0.0
47;30400;ASH_COATED_OSMIUM;9996;13;9995;11;;;10012;14;10014;13;;;10004.5;0.0
47;30400;INTARIAN_PEPPER_ROOT;60027;9;60026;10;60025;8;60038;9;60041;20;60043;21;60032.5;0.0
47;30500;ASH_COATED_OSMIUM;9997;13;9995;10;;;10013;12;10014;12;;;10005.5;0.0
47;30500;INTARIAN_PEPPER_ROOT;60023;9;60020;8;;;60036;12;60037;10;;;60029.5;0.0
47;30600;ASH_COATED_OSMIUM;9993;14;9990;28;9988;27;10009;14;10010;8;10013;25;10001.0;0.0
47;30600;INTARIAN_PEPPER_ROOT;60024;22;;;;;60036;8;;;;;60030.5;0.0
47;30700;ASH_COATED_OSMIUM;9993;11;;;;;10009;13;;;;;10001.0;0.0
47;30700;INTARIAN_PEPPER_ROOT;60028;12;60027;11;60026;9;60039;10;60042;9;60045;10;60033.5;0.0
47;30800;ASH_COATED_OSMIUM;9988;10;9985;30;9983;15;10004;10;10007;13;10008;13;9996.5;0.0
47;30800;INTARIAN_PEPPER_ROOT;60026;8;60023;19;;;60038;17;60039;9;;;60032.5;0.0
47;30900;ASH_COATED_OSMIUM;9993;12;9990;11;;;10009;14;10010;26;;;10001.0;0.0
47;30900;INTARIAN_PEPPER_ROOT;60025;8;60022;18;;;60045;8;60046;9;;;60035.0;0.0
47;31000;ASH_COATED_OSMIUM;9994;13;9992;12;;;10010;11;10013;12;;;10002.0;0.0
47;31000;INTARIAN_PEPPER_ROOT;60023;8;60022;8;;;60040;11;60041;11;;;60031.5;0.0
47;31100;ASH_COATED_OSMIUM;9990;12;9989;21;9986;13;10006;13;10007;30;10008;13;9998.5;0.0
47;31100;INTARIAN_PEPPER_ROOT;60023;9;60020;9;;;60037;12;60038;10;;;60030.0;0.0
47;31200;ASH_COATED_OSMIUM;9991;23;9989;15;;;10009;12;10010;13;;;10000.5;0.0
47;31200;INTARIAN_PEPPER_ROOT;60027;6;;;;;60039;9;;;;;60033.0;0.0
47;31300;ASH_COATED_OSMIUM;9992;15;9991;10;9989;12;10011;10;10013;14;10014;23;10001.5;0.0
47;31300;INTARIAN_PEPPER_ROOT;60029;12;60027;10;;;60041;10;60044;12;;;60035.0;0.0
47;31400;ASH_COATED_OSMIUM;9989;11;9987;15;;;10005;12;10006;13;;;9997.5;0.0
47;31400;INTARIAN_PEPPER_ROOT;60027;8;60025;9;;;60039;9;60041;8;;;60033.0;0.0
47;31500;ASH_COATED_OSMIUM;9987;10;9984;27;;;10003;11;10006;10;;;9995.5;0.0
47;31500;INTARIAN_PEPPER_ROOT;60023;9;60021;9;60018;9;60037;9;60038;25;60039;10;60030.0;0.0
47;31600;ASH_COATED_OSMIUM;9988;15;9987;10;;;10004;10;10007;10;;;9996.5;0.0
47;31600;INTARIAN_PEPPER_ROOT;60025;25;60023;23;60020;11;60038;12;60039;9;60041;10;60032.0;0.0
47;31700;ASH_COATED_OSMIUM;9993;13;9992;10;;;10012;14;10015;26;;;10002.5;0.0
47;31700;INTARIAN_PEPPER_ROOT;60029;12;60027;11;;;60043;11;60046;9;;;60036.0;0.0
47;31800;ASH_COATED_OSMIUM;9990;11;9987;13;;;10006;15;10008;15;;;9998.5;0.0
47;31800;INTARIAN_PEPPER_ROOT;60025;17;60022;9;60019;11;60036;12;60037;10;60038;10;60030.5;0.0
47;31900;ASH_COATED_OSMIUM;9993;10;;;;;10009;13;;;;;10001.0;0.0
47;31900;INTARIAN_PEPPER_ROOT;60025;11;60022;9;;;60039;18;60040;19;;;60032.0;0.0
47;32000;ASH_COATED_OSMIUM;9995;10;9993;13;;;10001;10;10002;21;;;9998.5;0.0
47;32000;INTARIAN_PEPPER_ROOT;60027;10;;;;;60040;24;;;;;60034.0;0.0
47;32100;ASH_COATED_OSMIUM;9989;13;9987;11;9986;10;10007;12;10010;13;10011;14;9998.5;0.0
47;32100;INTARIAN_PEPPER_ROOT;60029;8;;;;;60041;9;;;;;60035.5;0.0
47;32200;ASH_COATED_OSMIUM;9989;10;9987;11;9985;10;10005;20;10006;12;10008;11;9997.5;0.0
47;32200;INTARIAN_PEPPER_ROOT;60033;8;60032;12;;;60044;10;60045;12;;;60039.0;0.0
47;32300;ASH_COATED_OSMIUM;9988;10;9986;13;9984;15;10007;12;10008;10;10011;26;9998.0;0.0
47;32300;INTARIAN_PEPPER_ROOT;60025;8;60024;22;;;60038;11;60041;8;;;60031.5;0.0
47;32400;ASH_COATED_OSMIUM;9986;11;9984;15;9983;11;10002;10;10003;10;10004;10;9994.0;0.0
47;32400;INTARIAN_PEPPER_ROOT;60029;23;60027;11;60025;9;60040;8;60043;10;60046;11;60034.5;0.0
47;32500;ASH_COATED_OSMIUM;9987;15;9986;13;9985;24;10003;14;10005;11;10007;15;9995.0;0.0
47;32500;INTARIAN_PEPPER_ROOT;60024;10;;;;;60041;12;;;;;60032.5;0.0
47;32600;ASH_COATED_OSMIUM;9983;10;9982;27;;;10001;15;10003;11;;;9992.5;0.0
47;32600;INTARIAN_PEPPER_ROOT;60026;21;60023;8;60021;11;60038;8;60041;10;60042;5;60032.5;0.0
47;32700;ASH_COATED_OSMIUM;9984;10;;;;;10000;11;;;;;9992.0;0.0
47;32700;INTARIAN_PEPPER_ROOT;60026;9;60025;24;60024;9;60039;9;60040;10;60043;9;60032.5;0.0
47;32800;ASH_COATED_OSMIUM;9984;11;9981;12;;;10000;14;10002;23;;;9992.0;0.0
47;32800;INTARIAN_PEPPER_ROOT;60030;9;;;;;60045;11;;;;;60037.5;0.0
47;32900;ASH_COATED_OSMIUM;9989;26;9986;14;;;10005;10;10008;14;;;9997.0;0.0
47;32900;INTARIAN_PEPPER_ROOT;60021;10;60019;10;60018;21;60037;10;60038;12;60039;12;60029.0;0.0
47;33000;ASH_COATED_OSMIUM;9986;22;9985;11;9983;14;10005;14;10006;15;10009;21;9996.0;0.0
47;33000;INTARIAN_PEPPER_ROOT;60030;11;60027;12;;;60042;9;60043;11;;;60036.5;0.0
47;33100;ASH_COATED_OSMIUM;9988;11;9985;13;9982;3;10004;12;10006;15;10007;14;9996.5;0.0
47;33100;INTARIAN_PEPPER_ROOT;60035;21;;;;;60038;8;;;;;60036.5;0.0
47;33200;ASH_COATED_OSMIUM;9993;14;9990;10;9988;11;10009;14;10010;13;10012;14;10001.0;0.0
47;33200;INTARIAN_PEPPER_ROOT;60030;8;;;;;60041;12;;;;;60035.5;0.0
47;33300;ASH_COATED_OSMIUM;9990;21;9987;26;;;10009;10;10011;27;;;9999.5;0.0
47;33300;INTARIAN_PEPPER_ROOT;60027;12;;;;;60040;10;;;;;60034.0;0.0
47;33400;ASH_COATED_OSMIUM;10002;12;;;;;10012;13;;;;;10007.0;0.0
47;33400;INTARIAN_PEPPER_ROOT;60031;12;;;;;60033;9;;;;;60032.0;0.0
47;33500;ASH_COATED_OSMIUM;9999;11;9997;15;9994;13;10015;13;10016;10;10018;30;10007.0;0.0
47;33500;INTARIAN_PEPPER_ROOT;60029;9;;;;;60040;12;;;;;60034.5;0.0
47;33600;ASH_COATED_OSMIUM;9999;23;9996;2;9995;15;10015;10;10018;13;10021;10;10007.5;0.0
47;33600;INTARIAN_PEPPER_ROOT;60029;11;60027;9;;;60041;10;60044;10;;;60035.0;0.0
47;33700;ASH_COATED_OSMIUM;9995;11;9992;23;9989;11;10011;13;10012;11;10015;14;10003.0;0.0
47;33700;INTARIAN_PEPPER_ROOT;60026;25;60025;10;;;60042;24;60043;12;;;60034.5;0.0
47;33800;ASH_COATED_OSMIUM;10003;11;10001;23;;;10019;13;10021;12;;;10011.0;0.0
47;33800;INTARIAN_PEPPER_ROOT;60026;12;;;;;60042;11;;;;;60034.0;0.0
47;33900;ASH_COATED_OSMIUM;9995;15;9993;23;;;10016;2;10018;10;;;10006.0;0.0
47;33900;INTARIAN_PEPPER_ROOT;60026;12;60023;12;;;60040;10;60043;8;;;60033.5;0.0
47;34000;ASH_COATED_OSMIUM;9998;14;9997;10;9995;12;10014;24;10016;8;10017;14;10006.5;0.0
47;34000;INTARIAN_PEPPER_ROOT;60025;8;60023;10;60021;9;60044;9;60047;11;60050;9;60035.0;0.0
47;34100;ASH_COATED_OSMIUM;9998;10;9995;13;;;10014;15;10016;11;;;10006.0;0.0
47;34100;INTARIAN_PEPPER_ROOT;60029;9;60026;18;;;60043;10;60045;9;;;60036.5;0.0
47;34200;ASH_COATED_OSMIUM;9997;13;9996;11;9994;14;10016;24;10019;14;10022;11;10006.5;0.0
47;34200;INTARIAN_PEPPER_ROOT;60026;12;;;;;60042;9;;;;;60034.0;0.0
47;34300;ASH_COATED_OSMIUM;10003;12;10000;11;;;10019;10;10022;13;;;10011.5;0.0
47;34300;INTARIAN_PEPPER_ROOT;60034;12;60033;23;;;60045;12;60046;12;;;60039.5;0.0
47;34400;ASH_COATED_OSMIUM;10001;13;9998;10;9995;15;10019;15;10021;15;10023;11;10010.5;0.0
47;34400;INTARIAN_PEPPER_ROOT;60030;10;60027;22;;;60043;16;60045;11;;;60037.0;0.0
47;34500;ASH_COATED_OSMIUM;10003;10;;;;;10019;23;;;;;10011.5;0.0
47;34500;INTARIAN_PEPPER_ROOT;60026;10;;;;;60041;11;;;;;60033.5;0.0
47;34600;ASH_COATED_OSMIUM;10002;12;10001;11;;;10018;15;10021;15;;;10010.5;0.0
47;34600;INTARIAN_PEPPER_ROOT;60028;10;60026;8;60025;9;60039;8;60040;9;60042;9;60033.5;0.0
47;34700;ASH_COATED_OSMIUM;9997;14;9995;13;9994;14;10016;13;10017;10;10018;14;10006.5;0.0
47;34700;INTARIAN_PEPPER_ROOT;60029;23;60027;10;60026;11;60040;10;60041;8;60044;9;60035.0;0.0
47;34800;ASH_COATED_OSMIUM;9994;29;9992;15;;;10013;13;10016;24;;;10004.0;0.0
47;34800;INTARIAN_PEPPER_ROOT;60027;17;60025;8;;;60040;10;60041;12;;;60034.0;0.0
47;34900;ASH_COATED_OSMIUM;9993;13;9990;12;;;10009;13;10011;13;;;10001.5;0.0
47;34900;INTARIAN_PEPPER_ROOT;60031;12;60028;7;60027;10;60043;10;60045;20;60047;8;60037.0;0.0
47;35000;ASH_COATED_OSMIUM;9990;10;;;;;10006;24;;;;;9998.0;0.0
47;35000;INTARIAN_PEPPER_ROOT;60027;12;60026;9;60024;9;60039;12;60042;11;60045;9;60033.0;0.0
47;35100;ASH_COATED_OSMIUM;9986;14;9983;11;;;10002;25;10003;26;;;9994.0;0.0
47;35100;INTARIAN_PEPPER_ROOT;60031;8;60029;9;;;60045;11;60046;8;;;60038.0;0.0
47;35200;ASH_COATED_OSMIUM;9985;10;9983;12;;;10004;2;10006;15;;;9994.5;0.0
47;35200;INTARIAN_PEPPER_ROOT;60032;12;;;;;60045;25;;;;;60039.0;0.0
47;35300;ASH_COATED_OSMIUM;9990;13;9989;14;9986;2;10008;14;10010;30;10012;11;9999.5;0.0
47;35300;INTARIAN_PEPPER_ROOT;60027;9;;;;;60040;21;;;;;60034.0;0.0
47;35400;ASH_COATED_OSMIUM;9995;15;;;;;10014;12;;;;;10004.5;0.0
47;35400;INTARIAN_PEPPER_ROOT;60033;12;;;;;60046;11;;;;;60039.5;0.0
47;35500;ASH_COATED_OSMIUM;9993;14;9990;14;;;10011;14;10014;10;;;10002.5;0.0
47;35500;INTARIAN_PEPPER_ROOT;60027;10;;;;;60043;9;;;;;60035.5;0.0
47;35600;ASH_COATED_OSMIUM;9989;12;;;;;10005;14;;;;;9997.0;0.0
47;35600;INTARIAN_PEPPER_ROOT;60031;8;60028;22;;;60044;10;60046;11;;;60037.5;0.0
47;35700;ASH_COATED_OSMIUM;9983;27;9982;11;9979;12;10004;30;10006;13;10008;25;9993.5;0.0
47;35700;INTARIAN_PEPPER_ROOT;60030;8;60029;18;;;60047;8;60050;8;;;60038.5;0.0
47;35800;ASH_COATED_OSMIUM;9983;3;9982;15;;;9999;30;10002;28;;;9991.5;0.0
47;35800;INTARIAN_PEPPER_ROOT;60031;6;;;;;60044;9;;;;;60037.5;0.0
47;35900;ASH_COATED_OSMIUM;9981;15;9980;15;;;9997;12;9999;14;;;9989.0;0.0
47;35900;INTARIAN_PEPPER_ROOT;60022;22;;;;;60039;9;;;;;60031.0;0.0
47;36000;ASH_COATED_OSMIUM;9989;22;9988;12;9985;15;9995;12;9996;15;9998;10;9992.5;0.0
47;36000;INTARIAN_PEPPER_ROOT;60029;10;60028;11;60027;11;60041;8;60043;11;60045;8;60035.5;0.0
47;36100;ASH_COATED_OSMIUM;9984;13;9983;10;9982;24;10000;10;10002;10;10003;12;9992.0;0.0
47;36100;INTARIAN_PEPPER_ROOT;60025;24;;;;;60039;11;;;;;60032.0;0.0
47;36200;ASH_COATED_OSMIUM;9988;11;9986;11;9983;10;10000;14;10003;14;10005;10;9994.0;0.0
47;36200;INTARIAN_PEPPER_ROOT;60029;12;60026;8;;;60042;9;60045;8;;;60035.5;0.0
47;36300;ASH_COATED_OSMIUM;9981;13;9978;13;;;9999;4;10000;29;;;9990.0;0.0
47;36300;INTARIAN_PEPPER_ROOT;60032;12;60029;10;;;60044;10;60047;12;;;60038.0;0.0
47;36400;ASH_COATED_OSMIUM;9985;13;9984;10;;;10001;14;10002;11;;;9993.5;0.0
47;36400;INTARIAN_PEPPER_ROOT;60032;21;60029;10;60027;12;60045;11;60047;8;60048;10;60039.0;0.0
47;36500;ASH_COATED_OSMIUM;9995;13;;;;;10007;15;;;;;10001.0;0.0
47;36500;INTARIAN_PEPPER_ROOT;60037;8;60036;18;;;60039;8;60041;11;;;60038.0;0.0
47;36600;ASH_COATED_OSMIUM;9994;10;;;;;10010;14;;;;;10002.5;0.0
47;36600;INTARIAN_PEPPER_ROOT;60032;11;;;;;60043;10;;;;;60037.5;0.0
47;36700;ASH_COATED_OSMIUM;9994;15;9993;15;;;10010;13;10013;14;;;10002.0;0.0
47;36700;INTARIAN_PEPPER_ROOT;60030;11;60028;11;;;60043;11;60045;11;;;60037.0;0.0
47;36800;ASH_COATED_OSMIUM;9992;12;;;;;10011;15;;;;;10002.0;0.0
47;36800;INTARIAN_PEPPER_ROOT;60028;8;60025;24;;;60039;21;60041;11;;;60034.0;0.0
47;36900;ASH_COATED_OSMIUM;9992;10;9990;13;;;10008;8;10010;15;;;10000.5;0.0
47;36900;INTARIAN_PEPPER_ROOT;60035;12;;;;;60047;8;;;;;60041.0;0.0
47;37000;ASH_COATED_OSMIUM;9997;10;9995;15;;;10013;11;10015;12;;;10005.0;0.0
47;37000;INTARIAN_PEPPER_ROOT;60034;10;60033;10;60030;12;60047;12;60048;12;60051;10;60040.5;0.0
47;37100;ASH_COATED_OSMIUM;9988;10;;;;;10007;28;;;;;9998.0;0.0
47;37100;INTARIAN_PEPPER_ROOT;60030;9;60028;9;60026;24;60042;11;60045;9;60047;11;60036.5;0.0
47;37200;ASH_COATED_OSMIUM;9986;20;9983;30;;;10002;20;10005;14;;;9994.0;0.0
47;37200;INTARIAN_PEPPER_ROOT;60033;9;;;;;60046;18;;;;;60040.0;0.0
47;37300;ASH_COATED_OSMIUM;9984;12;9983;10;9982;13;10005;14;10008;15;10010;10;9994.5;0.0
47;37300;INTARIAN_PEPPER_ROOT;60032;8;;;;;60044;10;;;;;60038.0;0.0
47;37400;ASH_COATED_OSMIUM;9982;14;9979;15;;;10001;15;10002;13;;;9992.0;0.0
47;37400;INTARIAN_PEPPER_ROOT;60033;11;;;;;60046;9;;;;;60040.0;0.0
47;37500;ASH_COATED_OSMIUM;9986;25;9985;12;;;10002;12;10004;30;;;9994.0;0.0
47;37500;INTARIAN_PEPPER_ROOT;60030;22;;;;;60042;12;;;;;60036.0;0.0
47;37600;ASH_COATED_OSMIUM;9988;30;9987;20;;;10004;14;10006;13;;;9996.0;0.0
47;37600;INTARIAN_PEPPER_ROOT;60032;10;60030;12;60027;12;60046;12;60047;9;60048;10;60039.0;0.0
47;37700;ASH_COATED_OSMIUM;9991;10;9990;13;;;10007;11;10008;27;;;9999.5;0.0
47;37700;INTARIAN_PEPPER_ROOT;60033;22;60031;12;60030;22;60046;12;60047;9;60048;15;60039.5;0.0
47;37800;ASH_COATED_OSMIUM;9988;12;9985;14;;;10007;11;10010;15;;;9997.5;0.0
47;37800;INTARIAN_PEPPER_ROOT;60031;16;60030;17;60027;11;60042;11;60044;12;60046;8;60036.5;0.0
47;37900;ASH_COATED_OSMIUM;9986;13;9984;24;;;10005;11;10008;13;;;9996.0;0.0
47;37900;INTARIAN_PEPPER_ROOT;60030;16;;;;;60044;9;;;;;60037.5;0.0
47;38000;ASH_COATED_OSMIUM;9988;13;;;;;10004;15;;;;;9996.5;0.0
47;38000;INTARIAN_PEPPER_ROOT;60030;12;60027;18;60024;9;60043;17;60045;8;60047;12;60036.5;0.0
47;38100;ASH_COATED_OSMIUM;9990;14;;;;;10006;15;;;;;9998.0;0.0
47;38100;INTARIAN_PEPPER_ROOT;60031;8;60030;11;;;60044;11;60045;11;;;60037.5;0.0
47;38200;ASH_COATED_OSMIUM;9988;11;9986;28;;;10004;15;10007;12;;;9996.5;0.0
47;38200;INTARIAN_PEPPER_ROOT;60028;9;60027;10;;;60044;9;60047;11;;;60036.5;0.0
47;38300;ASH_COATED_OSMIUM;9992;11;9990;25;9988;10;10008;11;10011;10;10013;12;10000.0;0.0
47;38300;INTARIAN_PEPPER_ROOT;60032;12;60029;8;;;60046;9;60047;10;;;60039.0;0.0
47;38400;ASH_COATED_OSMIUM;9989;12;;;;;10005;24;;;;;9997.5;0.0
47;38400;INTARIAN_PEPPER_ROOT;60035;9;;;;;60038;12;;;;;60036.5;0.0
47;38500;ASH_COATED_OSMIUM;9988;22;;;;;10006;24;;;;;9997.0;0.0
47;38500;INTARIAN_PEPPER_ROOT;60032;9;;;;;60047;8;;;;;60040.0;0.0
47;38600;ASH_COATED_OSMIUM;9986;13;9984;13;9982;30;10002;10;10003;11;10004;11;9994.5;0.0
47;38600;INTARIAN_PEPPER_ROOT;60033;17;60032;10;;;60044;9;60045;8;;;60039.0;0.0
47;38700;ASH_COATED_OSMIUM;9993;21;;;;;10012;15;;;;;10002.5;0.0
47;38700;INTARIAN_PEPPER_ROOT;60040;12;60037;12;;;60048;11;60049;11;;;60044.0;0.0
47;38800;ASH_COATED_OSMIUM;9992;11;;;;;10011;10;;;;;10002.0;0.0
47;38800;INTARIAN_PEPPER_ROOT;60033;9;;;;;60046;24;;;;;60039.5;0.0
47;38900;ASH_COATED_OSMIUM;9996;11;9993;15;9990;3;10012;14;10013;12;10014;14;10004.0;0.0
47;38900;INTARIAN_PEPPER_ROOT;60032;8;60031;24;;;60045;8;60047;10;;;60038.5;0.0
47;39000;ASH_COATED_OSMIUM;9988;14;9987;10;;;10004;11;10006;13;;;9996.0;0.0
47;39000;INTARIAN_PEPPER_ROOT;60032;9;60030;10;60028;12;60051;8;60054;9;60056;8;60042.0;0.0
47;39100;ASH_COATED_OSMIUM;9995;12;9992;10;9989;12;10011;11;10013;15;10016;5;10003.0;0.0
47;39100;INTARIAN_PEPPER_ROOT;60034;10;;;;;60047;11;;;;;60040.5;0.0
47;39200;ASH_COATED_OSMIUM;9989;13;9988;14;;;10005;13;10008;12;;;9997.0;0.0
47;39200;INTARIAN_PEPPER_ROOT;60029;25;60026;18;;;60046;8;60048;15;;;60037.5;0.0
47;39300;ASH_COATED_OSMIUM;9989;3;;;;;10005;14;;;;;9997.5;0.0
47;39300;INTARIAN_PEPPER_ROOT;60035;8;60034;10;;;60052;17;60054;9;;;60044.0;0.0
47;39400;ASH_COATED_OSMIUM;9994;10;9992;12;9990;11;10010;12;10013;12;10015;13;10002.5;0.0
47;39400;INTARIAN_PEPPER_ROOT;60033;8;60032;9;60031;18;60051;11;60054;9;60055;8;60042.5;0.0
47;39500;ASH_COATED_OSMIUM;9998;10;;;;;10014;12;;;;;10006.0;0.0
47;39500;INTARIAN_PEPPER_ROOT;60034;17;60032;10;60031;16;60047;8;60049;9;60050;8;60041.0;0.0
47;39600;ASH_COATED_OSMIUM;9997;28;;;;;10013;10;;;;;10005.0;0.0
47;39600;INTARIAN_PEPPER_ROOT;60034;10;60031;12;60030;8;60049;11;60050;8;60051;9;60041.5;0.0
47;39700;ASH_COATED_OSMIUM;9998;11;;;;;10014;15;;;;;10006.0;0.0
47;39700;INTARIAN_PEPPER_ROOT;60033;9;;;;;60045;10;;;;;60039.0;0.0
47;39800;ASH_COATED_OSMIUM;10001;11;9999;13;9998;13;10019;13;10022;20;10025;13;10010.5;0.0
47;39800;INTARIAN_PEPPER_ROOT;60034;12;;;;;60048;11;;;;;60041.0;0.0
47;39900;ASH_COATED_OSMIUM;9992;30;9991;14;9990;13;10013;12;10016;14;10018;29;10003.0;0.0
47;39900;INTARIAN_PEPPER_ROOT;60033;11;;;;;60046;10;;;;;60040.0;0.0
47;40000;ASH_COATED_OSMIUM;9992;12;9989;12;;;10008;4;10010;15;;;10000.5;0.0
47;40000;INTARIAN_PEPPER_ROOT;60039;8;;;;;60053;11;;;;;60046.0;0.0
47;40100;ASH_COATED_OSMIUM;9987;26;;;;;10003;12;;;;;9995.0;0.0
47;40100;INTARIAN_PEPPER_ROOT;60037;10;60035;9;;;60046;7;60048;8;;;60041.5;0.0
47;40200;ASH_COATED_OSMIUM;9994;14;9992;11;;;10010;10;10013;21;;;10002.0;0.0
47;40200;INTARIAN_PEPPER_ROOT;60032;9;;;;;60044;9;;;;;60038.5;0.0
47;40300;ASH_COATED_OSMIUM;9994;28;9991;12;9989;30;10012;25;10013;12;10015;14;10003.0;0.0
47;40300;INTARIAN_PEPPER_ROOT;60036;21;60034;11;60033;12;60051;11;60054;11;60057;12;60043.5;0.0
47;40400;ASH_COATED_OSMIUM;9994;13;9993;14;;;10010;12;10012;26;;;10002.5;0.0
47;40400;INTARIAN_PEPPER_ROOT;60033;9;60030;25;;;60050;22;60051;10;;;60042.0;0.0
47;40500;ASH_COATED_OSMIUM;9993;11;;;;;10009;14;;;;;10001.5;0.0
47;40500;INTARIAN_PEPPER_ROOT;60034;17;60031;10;;;60050;9;60051;11;;;60042.5;0.0
47;40600;ASH_COATED_OSMIUM;9996;11;9994;13;9993;11;10012;13;10013;11;10015;13;10004.5;0.0
47;40600;INTARIAN_PEPPER_ROOT;60034;8;60033;10;;;60046;8;60049;5;;;60040.0;0.0
47;40700;ASH_COATED_OSMIUM;9995;13;9994;14;;;10011;28;10014;12;;;10003.5;0.0
47;40700;INTARIAN_PEPPER_ROOT;60038;19;60037;9;;;60056;11;60057;25;;;60047.5;0.0
47;40800;ASH_COATED_OSMIUM;9993;12;9992;12;;;10009;29;10011;10;;;10001.0;0.0
47;40800;INTARIAN_PEPPER_ROOT;60037;9;60036;17;;;60050;10;60053;4;;;60044.0;0.0
47;40900;ASH_COATED_OSMIUM;9992;12;9991;10;;;10004;14;10006;13;;;9998.5;0.0
47;40900;INTARIAN_PEPPER_ROOT;60036;11;60033;15;;;60050;11;60052;10;;;60043.5;0.0
47;41000;ASH_COATED_OSMIUM;9996;5;9993;30;9991;14;10012;14;10015;15;10018;10;10004.0;0.0
47;41000;INTARIAN_PEPPER_ROOT;60035;11;60032;9;;;60048;21;60049;9;;;60041.5;0.0
47;41100;ASH_COATED_OSMIUM;9989;15;;;;;10008;14;;;;;9999.0;0.0
47;41100;INTARIAN_PEPPER_ROOT;60040;20;60038;9;;;60052;19;60053;11;;;60046.0;0.0
47;41200;ASH_COATED_OSMIUM;9992;10;;;;;10008;24;;;;;10000.0;0.0
47;41200;INTARIAN_PEPPER_ROOT;60034;11;;;;;60046;11;;;;;60040.5;0.0
47;41300;ASH_COATED_OSMIUM;9984;13;;;;;10000;26;;;;;9992.5;0.0
47;41300;INTARIAN_PEPPER_ROOT;60031;9;;;;;60045;12;;;;;60038.5;0.0
47;41400;ASH_COATED_OSMIUM;9987;15;;;;;10003;12;;;;;9995.5;0.0
47;41400;INTARIAN_PEPPER_ROOT;60035;9;;;;;60047;12;;;;;60041.5;0.0
47;41500;ASH_COATED_OSMIUM;9986;10;9985;15;;;10002;14;10003;6;;;9994.5;0.0
47;41500;INTARIAN_PEPPER_ROOT;60039;10;60038;22;60036;10;60051;10;60053;10;60054;10;60045.0;0.0
47;41600;ASH_COATED_OSMIUM;9990;10;9988;10;;;10006;13;10009;24;;;9998.0;0.0
47;41600;INTARIAN_PEPPER_ROOT;60036;16;60035;8;60032;12;60048;11;60050;8;60052;15;60042.5;0.0
47;41700;ASH_COATED_OSMIUM;9993;15;9990;15;;;10012;15;10014;12;;;10002.5;0.0
47;41700;INTARIAN_PEPPER_ROOT;60032;9;60030;10;;;60047;9;60048;9;;;60040.0;0.0
47;41800;ASH_COATED_OSMIUM;9998;12;9997;12;;;10009;10;10012;15;;;10004.0;0.0
47;41800;INTARIAN_PEPPER_ROOT;60033;8;60030;10;60029;9;60045;11;60047;11;60048;8;60039.5;0.0
47;41900;ASH_COATED_OSMIUM;9998;13;9995;11;;;10014;28;10015;11;;;10006.0;0.0
47;41900;INTARIAN_PEPPER_ROOT;60033;8;;;;;60046;11;;;;;60040.0;0.0
47;42000;ASH_COATED_OSMIUM;9994;15;9993;30;;;10013;10;10016;12;;;10003.5;0.0
47;42000;INTARIAN_PEPPER_ROOT;60035;10;60032;11;;;60042;7;60045;12;;;60039.0;0.0
47;42100;ASH_COATED_OSMIUM;9995;12;;;;;10011;4;;;;;10003.5;0.0
47;42100;INTARIAN_PEPPER_ROOT;60034;25;60031;11;;;60047;10;60050;12;;;60040.5;0.0
47;42200;ASH_COATED_OSMIUM;9994;14;9993;14;;;10010;13;10013;11;;;10002.5;0.0
47;42200;INTARIAN_PEPPER_ROOT;60035;11;;;;;60053;12;;;;;60044.5;0.0
47;42300;ASH_COATED_OSMIUM;9995;10;9992;13;;;10011;15;10012;10;;;10003.0;0.0
47;42300;INTARIAN_PEPPER_ROOT;60036;11;;;;;60049;12;;;;;60042.5;0.0
47;42400;ASH_COATED_OSMIUM;9995;30;;;;;10011;14;;;;;10003.5;0.0
47;42400;INTARIAN_PEPPER_ROOT;60033;15;60030;20;;;60047;10;60048;10;;;60040.5;0.0
47;42500;ASH_COATED_OSMIUM;9997;13;;;;;10015;21;;;;;10006.5;0.0
47;42500;INTARIAN_PEPPER_ROOT;60038;11;;;;;60051;7;;;;;60044.5;0.0
47;42600;ASH_COATED_OSMIUM;9999;22;;;;;10008;10;;;;;10004.0;0.0
47;42600;INTARIAN_PEPPER_ROOT;60038;15;60037;9;60035;11;60049;8;60052;10;60053;9;60043.5;0.0
47;42700;ASH_COATED_OSMIUM;9996;24;9994;13;;;10012;13;10015;15;;;10004.0;0.0
47;42700;INTARIAN_PEPPER_ROOT;60035;12;60032;12;;;60051;9;60054;8;;;60043.0;0.0
47;42800;ASH_COATED_OSMIUM;9992;13;;;;;10011;11;;;;;10002.0;0.0
47;42800;INTARIAN_PEPPER_ROOT;60036;9;;;;;60049;10;;;;;60043.0;0.0
47;42900;ASH_COATED_OSMIUM;9987;13;9984;15;;;10003;14;10005;11;;;9995.0;0.0
47;42900;INTARIAN_PEPPER_ROOT;60036;22;;;;;60050;11;;;;;60043.0;0.0
47;43000;ASH_COATED_OSMIUM;9989;12;9986;8;9983;13;10005;25;10008;11;10009;12;9997.5;0.0
47;43000;INTARIAN_PEPPER_ROOT;60035;9;60034;25;;;60048;8;60050;11;;;60042.0;0.0
47;43100;ASH_COATED_OSMIUM;9988;15;;;;;10004;30;;;;;9996.0;0.0
47;43100;INTARIAN_PEPPER_ROOT;60037;10;60035;10;60034;9;60045;8;60047;12;60050;11;60041.5;0.0
47;43200;ASH_COATED_OSMIUM;9990;14;;;;;10006;12;;;;;9998.5;0.0
47;43200;INTARIAN_PEPPER_ROOT;60041;8;60040;9;60037;23;60054;10;60055;24;60056;10;60047.5;0.0
47;43300;ASH_COATED_OSMIUM;9988;15;9987;10;;;10004;15;10005;13;;;9996.5;0.0
47;43300;INTARIAN_PEPPER_ROOT;60040;11;;;;;60055;8;;;;;60047.5;0.0
47;43400;ASH_COATED_OSMIUM;9991;10;9990;11;;;10007;24;10009;13;;;9999.5;0.0
47;43400;INTARIAN_PEPPER_ROOT;60032;10;60029;11;60026;10;60044;15;60045;9;60046;9;60038.5;0.0
47;43500;ASH_COATED_OSMIUM;9994;12;9992;15;9990;14;10010;26;10012;24;10013;11;10002.5;0.0
47;43500;INTARIAN_PEPPER_ROOT;60038;8;60037;11;60035;17;60050;12;60051;8;60052;9;60044.5;0.0
47;43600;ASH_COATED_OSMIUM;9990;14;9987;14;9984;11;10006;11;10008;10;10009;13;9998.0;0.0
47;43600;INTARIAN_PEPPER_ROOT;60036;11;;;;;60048;6;;;;;60042.0;0.0
47;43700;ASH_COATED_OSMIUM;9992;12;9990;14;;;10008;10;10011;23;;;10000.0;0.0
47;43700;INTARIAN_PEPPER_ROOT;60032;8;60030;22;;;60048;11;60051;10;;;60040.5;0.0
47;43800;ASH_COATED_OSMIUM;9993;14;;;;;10009;12;;;;;10001.5;0.0
47;43800;INTARIAN_PEPPER_ROOT;60047;10;;;;;60049;9;;;;;60048.5;0.0
47;43900;ASH_COATED_OSMIUM;9994;23;9993;14;;;10010;11;10012;15;;;10002.0;0.0
47;43900;INTARIAN_PEPPER_ROOT;60038;8;;;;;60054;19;;;;;60046.5;0.0
47;44000;ASH_COATED_OSMIUM;9994;15;;;;;10010;11;;;;;10002.5;0.0
47;44000;INTARIAN_PEPPER_ROOT;60037;9;60035;8;60034;18;60050;5;60052;11;60054;25;60044.0;0.0
47;44100;ASH_COATED_OSMIUM;9991;14;9989;26;;;10009;10;10010;11;;;10000.0;0.0
47;44100;INTARIAN_PEPPER_ROOT;60037;10;60036;11;;;60049;15;60050;10;;;60043.5;0.0
47;44200;ASH_COATED_OSMIUM;9994;14;9992;12;;;10010;12;10012;13;;;10002.5;0.0
47;44200;INTARIAN_PEPPER_ROOT;60036;10;60034;12;;;60048;8;60051;8;;;60042.0;0.0
47;44300;ASH_COATED_OSMIUM;9994;14;;;;;10012;12;;;;;10003.0;0.0
47;44300;INTARIAN_PEPPER_ROOT;60038;11;60037;10;60035;10;60052;15;60054;12;60057;9;60045.0;0.0
47;44400;ASH_COATED_OSMIUM;9995;27;9993;10;9990;12;10011;13;10013;12;10016;14;10003.0;0.0
47;44400;INTARIAN_PEPPER_ROOT;60039;12;60037;8;;;60051;9;60052;8;;;60045.0;0.0
47;44500;ASH_COATED_OSMIUM;10000;13;;;;;10021;13;;;;;10011.0;0.0
47;44500;INTARIAN_PEPPER_ROOT;60039;11;60038;8;;;60041;9;60044;10;;;60040.5;0.0
47;44600;ASH_COATED_OSMIUM;9998;15;9997;13;;;10016;14;10018;10;;;10007.5;0.0
47;44600;INTARIAN_PEPPER_ROOT;60037;8;60036;8;;;60051;12;60054;12;;;60044.5;0.0
47;44700;ASH_COATED_OSMIUM;9996;12;9994;4;;;10012;12;10014;13;;;10004.5;0.0
47;44700;INTARIAN_PEPPER_ROOT;60037;19;60035;8;;;60050;9;60052;21;;;60043.5;0.0
47;44800;ASH_COATED_OSMIUM;10002;13;10001;10;10000;13;10018;13;10020;11;10022;5;10010.0;0.0
47;44800;INTARIAN_PEPPER_ROOT;60037;10;;;;;60050;11;;;;;60044.0;0.0
47;44900;ASH_COATED_OSMIUM;9996;13;;;;;10015;13;;;;;10006.0;0.0
47;44900;INTARIAN_PEPPER_ROOT;60038;12;;;;;60050;10;;;;;60044.5;0.0
47;45000;ASH_COATED_OSMIUM;9995;20;9994;10;;;10011;13;10012;12;;;10003.5;0.0
47;45000;INTARIAN_PEPPER_ROOT;60037;9;60036;12;;;60049;8;60050;25;;;60043.5;0.0
47;45100;ASH_COATED_OSMIUM;9996;10;9994;11;;;10015;10;10018;21;;;10006.0;0.0
47;45100;INTARIAN_PEPPER_ROOT;60040;9;60039;11;60037;8;60051;12;60053;12;60054;25;60045.5;0.0
47;45200;ASH_COATED_OSMIUM;9997;11;9996;20;9993;10;10013;14;10014;30;10016;5;10005.5;0.0
47;45200;INTARIAN_PEPPER_ROOT;60036;11;60035;12;;;60052;9;60054;10;;;60044.0;0.0
47;45300;ASH_COATED_OSMIUM;10002;26;10001;14;10000;15;10018;11;10021;25;10024;30;10010.0;0.0
47;45300;INTARIAN_PEPPER_ROOT;60040;17;60037;10;;;60055;23;60058;10;;;60047.5;0.0
47;45400;ASH_COATED_OSMIUM;9996;12;;;;;10012;13;;;;;10004.5;0.0
47;45400;INTARIAN_PEPPER_ROOT;60037;20;60036;11;60034;11;60051;8;60053;11;60054;12;60044.5;0.0
47;45500;ASH_COATED_OSMIUM;9994;13;9991;12;;;10015;29;10018;14;;;10005.0;0.0
47;45500;INTARIAN_PEPPER_ROOT;60037;12;60035;12;;;60050;8;60051;12;;;60044.0;0.0
47;45600;ASH_COATED_OSMIUM;9996;10;;;;;10006;10;;;;;10001.0;0.0
47;45600;INTARIAN_PEPPER_ROOT;60042;4;;;;;60054;9;;;;;60048.5;0.0
47;45700;ASH_COATED_OSMIUM;10001;12;10000;11;;;10017;21;10020;23;;;10009.5;0.0
47;45700;INTARIAN_PEPPER_ROOT;60038;8;;;;;60051;20;;;;;60045.0;0.0
47;45800;ASH_COATED_OSMIUM;9998;14;;;;;10014;15;;;;;10006.5;0.0
47;45800;INTARIAN_PEPPER_ROOT;60039;9;60037;12;60036;8;60043;9;60046;9;60047;12;60041.5;0.0
47;45900;ASH_COATED_OSMIUM;9994;25;9992;12;;;10010;12;10011;11;;;10002.0;0.0
47;45900;INTARIAN_PEPPER_ROOT;60044;10;60043;8;60042;10;60058;5;60060;9;60063;12;60051.0;0.0
47;46000;ASH_COATED_OSMIUM;9995;14;9992;10;;;10011;14;10012;20;;;10003.0;0.0
47;46000;INTARIAN_PEPPER_ROOT;60040;8;60038;8;;;60055;8;60058;11;;;60047.5;0.0
47;46100;ASH_COATED_OSMIUM;9986;13;9983;13;9981;12;10002;10;10005;13;10006;25;9994.0;0.0
47;46100;INTARIAN_PEPPER_ROOT;60041;9;60039;10;;;60057;9;60059;12;;;60049.0;0.0
47;46200;ASH_COATED_OSMIUM;9992;11;;;;;10008;21;;;;;10000.5;0.0
47;46200;INTARIAN_PEPPER_ROOT;60041;8;60040;12;60039;10;60055;8;60057;12;60060;8;60048.5;0.0
47;46300;ASH_COATED_OSMIUM;9991;15;9989;3;;;10010;13;10012;14;;;10000.5;0.0
47;46300;INTARIAN_PEPPER_ROOT;60037;16;60035;12;60032;9;60050;8;60051;12;60054;10;60043.5;0.0
47;46400;ASH_COATED_OSMIUM;9997;21;9994;13;;;10007;15;10009;12;;;10002.0;0.0
47;46400;INTARIAN_PEPPER_ROOT;60046;10;;;;;60050;11;;;;;60048.5;0.0
47;46500;ASH_COATED_OSMIUM;9991;27;9988;15;;;10007;13;10009;15;;;9999.5;0.0
47;46500;INTARIAN_PEPPER_ROOT;60038;8;;;;;60054;11;;;;;60046.5;0.0
47;46600;ASH_COATED_OSMIUM;9993;12;9991;13;;;10009;12;10011;12;;;10001.5;0.0
47;46600;INTARIAN_PEPPER_ROOT;60038;10;60035;15;60034;25;60050;11;60051;12;60054;10;60044.5;0.0
47;46700;ASH_COATED_OSMIUM;9990;2;9989;11;;;10009;11;10011;12;;;10000.0;0.0
47;46700;INTARIAN_PEPPER_ROOT;60040;12;60037;22;;;60052;22;60053;24;;;60046.5;0.0
47;46800;ASH_COATED_OSMIUM;9997;11;9994;10;;;10013;10;10015;15;;;10005.5;0.0
47;46800;INTARIAN_PEPPER_ROOT;60042;11;60040;11;;;60056;12;60059;11;;;60049.0;0.0
47;46900;ASH_COATED_OSMIUM;9993;20;9992;10;9989;12;10012;13;10014;23;10017;13;10002.5;0.0
47;46900;INTARIAN_PEPPER_ROOT;60039;9;60037;9;;;60053;9;60055;9;;;60046.5;0.0
47;47000;ASH_COATED_OSMIUM;9992;11;9990;20;9987;14;10008;5;10011;14;10012;10;10000.0;0.0
47;47000;INTARIAN_PEPPER_ROOT;60045;10;;;;;60057;11;;;;;60051.0;0.0
47;47100;ASH_COATED_OSMIUM;9996;14;;;;;10014;10;;;;;10005.0;0.0
47;47100;INTARIAN_PEPPER_ROOT;60042;12;60041;9;;;60053;11;60054;22;;;60047.5;0.0
47;47200;ASH_COATED_OSMIUM;9993;10;9991;15;;;10009;11;10012;10;;;10001.0;0.0
47;47200;INTARIAN_PEPPER_ROOT;60042;10;60041;17;;;60056;9;60057;10;;;60049.5;0.0
47;47300;ASH_COATED_OSMIUM;9994;14;9993;28;;;10010;21;10011;13;;;10002.0;0.0
47;47300;INTARIAN_PEPPER_ROOT;60042;23;60040;10;60039;11;60060;12;60061;22;60064;11;60051.5;0.0
47;47400;ASH_COATED_OSMIUM;9999;15;9996;23;;;10015;20;10016;14;;;10007.5;0.0
47;47400;INTARIAN_PEPPER_ROOT;60040;12;60038;11;60036;12;60053;25;60054;11;60055;23;60046.5;0.0
47;47500;ASH_COATED_OSMIUM;9999;11;9996;15;;;10015;15;10017;14;;;10007.5;0.0
47;47500;INTARIAN_PEPPER_ROOT;60045;9;60042;21;;;60057;9;60060;12;;;60051.0;0.0
47;47600;ASH_COATED_OSMIUM;9996;12;9993;10;9991;14;10012;10;10014;3;10015;12;10004.5;0.0
47;47600;INTARIAN_PEPPER_ROOT;60041;12;60040;24;60039;9;60054;8;60056;11;60058;10;60048.0;0.0
47;47700;ASH_COATED_OSMIUM;9991;10;9988;11;9986;12;10007;14;10009;10;10012;6;9999.5;0.0
47;47700;INTARIAN_PEPPER_ROOT;60040;8;60038;11;;;60052;12;60055;8;;;60046.5;0.0
47;47800;ASH_COATED_OSMIUM;9985;15;;;;;10001;14;;;;;9993.0;0.0
47;47800;INTARIAN_PEPPER_ROOT;60043;9;60042;10;;;60057;11;60058;5;;;60050.0;0.0
47;47900;ASH_COATED_OSMIUM;9992;13;;;;;10008;14;;;;;10000.0;0.0
47;47900;INTARIAN_PEPPER_ROOT;60044;10;60043;10;60041;10;60057;12;60058;8;60061;11;60051.0;0.0
47;48000;ASH_COATED_OSMIUM;9992;4;9990;11;;;10008;15;10010;12;;;10000.0;0.0
47;48000;INTARIAN_PEPPER_ROOT;60042;12;;;;;60056;9;;;;;60049.0;0.0
47;48100;ASH_COATED_OSMIUM;9994;15;;;;;10010;14;;;;;10002.5;0.0
47;48100;INTARIAN_PEPPER_ROOT;60045;10;60042;10;;;60057;16;60060;21;;;60051.5;0.0
47;48200;ASH_COATED_OSMIUM;9991;15;9990;10;;;10007;13;10008;26;;;9999.5;0.0
47;48200;INTARIAN_PEPPER_ROOT;60044;11;;;;;60055;8;;;;;60049.5;0.0
47;48300;ASH_COATED_OSMIUM;9989;13;9987;10;9986;12;10005;10;10006;12;10009;14;9997.5;0.0
47;48300;INTARIAN_PEPPER_ROOT;60041;10;60039;9;;;60058;22;60060;19;;;60050.0;0.0
47;48400;ASH_COATED_OSMIUM;9986;13;;;;;10004;12;;;;;9995.5;0.0
47;48400;INTARIAN_PEPPER_ROOT;60040;11;60037;19;;;60055;18;60057;8;;;60047.5;0.0
47;48500;ASH_COATED_OSMIUM;9989;12;;;;;10005;24;;;;;9997.5;0.0
47;48500;INTARIAN_PEPPER_ROOT;60041;11;;;;;60058;11;;;;;60050.0;0.0
47;48600;ASH_COATED_OSMIUM;9988;12;;;;;10004;10;;;;;9996.5;0.0
47;48600;INTARIAN_PEPPER_ROOT;60043;8;60041;11;;;60056;10;60059;12;;;60049.5;0.0
47;48700;ASH_COATED_OSMIUM;9993;14;9990;13;9987;12;10009;10;10011;15;10012;10;10001.0;0.0
47;48700;INTARIAN_PEPPER_ROOT;60044;20;60043;11;;;60061;10;60064;12;;;60053.0;0.0
47;48800;ASH_COATED_OSMIUM;9993;14;;;;;10011;10;;;;;10002.5;0.0
47;48800;INTARIAN_PEPPER_ROOT;60043;12;60041;10;;;60057;5;60060;24;;;60050.0;0.0
47;48900;ASH_COATED_OSMIUM;9991;15;9988;14;;;10009;12;10012;11;;;10000.0;0.0
47;48900;INTARIAN_PEPPER_ROOT;60043;8;;;;;60056;11;;;;;60049.5;0.0
47;49000;ASH_COATED_OSMIUM;9984;15;;;;;10002;15;;;;;9993.0;0.0
47;49000;INTARIAN_PEPPER_ROOT;60045;12;;;;;60058;8;;;;;60051.5;0.0
47;49100;ASH_COATED_OSMIUM;9989;14;;;;;10005;22;;;;;9997.5;0.0
47;49100;INTARIAN_PEPPER_ROOT;60044;10;60041;8;;;60057;11;60058;8;;;60051.0;0.0
47;49200;ASH_COATED_OSMIUM;9987;10;9986;10;;;10002;14;10003;13;;;9995.0;0.0
47;49200;INTARIAN_PEPPER_ROOT;60039;18;60038;11;60036;11;60051;12;60052;12;60055;8;60045.0;0.0
47;49300;ASH_COATED_OSMIUM;9991;12;9990;13;;;10007;23;10010;12;;;9999.5;0.0
47;49300;INTARIAN_PEPPER_ROOT;60045;12;60044;10;;;60060;21;60062;11;;;60052.5;0.0
47;49400;ASH_COATED_OSMIUM;9996;11;9995;12;;;10012;11;10014;12;;;10004.5;0.0
47;49400;INTARIAN_PEPPER_ROOT;60042;10;;;;;60055;9;;;;;60049.0;0.0
47;49500;ASH_COATED_OSMIUM;9989;11;9986;13;9983;13;10005;11;10008;10;10011;14;9997.0;0.0
47;49500;INTARIAN_PEPPER_ROOT;60039;8;;;;;60052;12;;;;;60046.0;0.0
47;49600;ASH_COATED_OSMIUM;9993;15;9991;29;9988;11;10004;13;10005;8;10007;5;9999.0;0.0
47;49600;INTARIAN_PEPPER_ROOT;60045;15;60043;10;;;60058;11;60059;10;;;60051.5;0.0
47;49700;ASH_COATED_OSMIUM;9993;11;9992;11;9990;28;9999;13;10002;13;10005;12;9996.0;0.0
47;49700;INTARIAN_PEPPER_ROOT;60040;12;60039;11;60038;8;60051;25;60052;25;60053;10;60046.0;0.0
47;49800;ASH_COATED_OSMIUM;9989;13;;;;;10005;15;;;;;9997.0;0.0
47;49800;INTARIAN_PEPPER_ROOT;60042;9;60039;11;;;60054;8;60055;11;;;60048.0;0.0
47;49900;ASH_COATED_OSMIUM;9993;12;;;;;10009;15;;;;;10001.0;0.0
47;49900;INTARIAN_PEPPER_ROOT;60049;12;60047;12;;;60060;11;60063;11;;;60054.5;0.0
47;50000;ASH_COATED_OSMIUM;9996;13;;;;;10014;13;;;;;10005.0;0.0
47;50000;INTARIAN_PEPPER_ROOT;60043;11;60041;11;;;60056;11;60057;8;;;60050.0;0.0
47;50100;ASH_COATED_OSMIUM;10001;14;9999;13;9996;11;10017;13;10019;30;10022;15;10009.5;0.0
47;50100;INTARIAN_PEPPER_ROOT;60041;9;60038;11;60035;10;60054;21;60057;10;60059;24;60047.5;0.0
47;50200;ASH_COATED_OSMIUM;10008;12;10006;11;10003;15;10024;14;10025;13;10028;11;10016.5;0.0
47;50200;INTARIAN_PEPPER_ROOT;60043;11;60040;12;60038;25;60055;9;60058;21;60060;8;60049.0;0.0
47;50300;ASH_COATED_OSMIUM;10008;14;;;;;10024;12;;;;;10016.0;0.0
47;50300;INTARIAN_PEPPER_ROOT;60044;8;;;;;60057;8;;;;;60051.0;0.0
47;50400;ASH_COATED_OSMIUM;10003;11;10001;5;;;10019;11;10020;14;;;10011.5;0.0
47;50400;INTARIAN_PEPPER_ROOT;60040;12;60038;12;;;60057;12;60058;11;;;60049.0;0.0
47;50500;ASH_COATED_OSMIUM;10004;2;10001;10;;;10020;13;10023;11;;;10012.0;0.0
47;50500;INTARIAN_PEPPER_ROOT;60048;12;;;;;60061;11;;;;;60054.5;0.0
47;50600;ASH_COATED_OSMIUM;9995;7;9992;10;9990;26;10011;13;10013;14;10015;15;10003.5;0.0
47;50600;INTARIAN_PEPPER_ROOT;60043;21;;;;;60057;9;;;;;60050.5;0.0
47;50700;ASH_COATED_OSMIUM;9988;13;9987;24;;;10004;15;10007;12;;;9996.0;0.0
47;50700;INTARIAN_PEPPER_ROOT;60045;12;60042;18;60041;9;60056;9;60058;12;60060;11;60051.0;0.0
47;50800;ASH_COATED_OSMIUM;9984;13;9981;12;;;10005;12;10007;12;;;9995.0;0.0
47;50800;INTARIAN_PEPPER_ROOT;60044;11;60042;9;60039;9;60055;12;60058;9;60059;11;60050.0;0.0
47;50900;ASH_COATED_OSMIUM;9983;15;9982;13;9981;13;10002;14;10005;12;10007;13;9992.5;0.0
47;50900;INTARIAN_PEPPER_ROOT;60042;11;60039;8;;;60054;10;60055;17;;;60048.5;0.0
47;51000;ASH_COATED_OSMIUM;9981;5;;;;;9997;10;;;;;9989.0;0.0
47;51000;INTARIAN_PEPPER_ROOT;60042;10;60040;17;60037;10;60057;9;60058;11;60060;25;60049.5;0.0
47;51100;ASH_COATED_OSMIUM;9984;15;9983;14;9980;13;10000;26;10001;26;10003;2;9992.0;0.0
47;51100;INTARIAN_PEPPER_ROOT;60044;8;60041;8;60038;10;60057;8;60058;8;60061;10;60050.5;0.0
47;51200;ASH_COATED_OSMIUM;9977;15;9975;10;9973;11;9996;22;9999;12;10002;10;9986.5;0.0
47;51200;INTARIAN_PEPPER_ROOT;60048;12;60046;16;;;60051;10;60053;11;;;60050.0;0.0
47;51300;ASH_COATED_OSMIUM;9974;11;9973;13;9972;15;9992;23;9995;11;9998;12;9983.5;0.0
47;51300;INTARIAN_PEPPER_ROOT;60044;9;;;;;60055;9;;;;;60049.5;0.0
47;51400;ASH_COATED_OSMIUM;9974;13;;;;;9990;13;;;;;9982.0;0.0
47;51400;INTARIAN_PEPPER_ROOT;60046;11;60045;10;;;60059;12;60062;10;;;60052.5;0.0
47;51500;ASH_COATED_OSMIUM;9985;22;;;;;10001;11;;;;;9993.5;0.0
47;51500;INTARIAN_PEPPER_ROOT;60047;8;60044;15;60043;11;60058;8;60059;9;60060;10;60053.0;0.0
47;51600;ASH_COATED_OSMIUM;9984;10;9981;4;9978;12;10000;11;10001;14;10002;10;9992.5;0.0
47;51600;INTARIAN_PEPPER_ROOT;60044;8;60041;8;60039;10;60059;21;60062;11;60064;9;60052.0;0.0
47;51700;ASH_COATED_OSMIUM;9984;10;9983;11;;;10002;14;10004;10;;;9993.0;0.0
47;51700;INTARIAN_PEPPER_ROOT;60042;16;;;;;60054;18;;;;;60048.5;0.0
47;51800;ASH_COATED_OSMIUM;9991;12;;;;;10007;14;;;;;9999.0;0.0
47;51800;INTARIAN_PEPPER_ROOT;60042;12;60039;22;60037;12;60059;8;60061;10;60062;10;60051.0;0.0
47;51900;ASH_COATED_OSMIUM;9987;15;9985;15;;;10003;26;10005;10;;;9995.5;0.0
47;51900;INTARIAN_PEPPER_ROOT;60048;12;60047;23;;;60061;20;60063;10;;;60055.0;0.0
47;52000;ASH_COATED_OSMIUM;9990;12;9989;15;9988;20;10008;11;10009;12;10011;14;9999.5;0.0
47;52000;INTARIAN_PEPPER_ROOT;60048;10;60046;9;;;60052;8;60055;10;;;60050.5;0.0
47;52100;ASH_COATED_OSMIUM;9994;15;9993;21;;;10010;13;10013;2;;;10002.5;0.0
47;52100;INTARIAN_PEPPER_ROOT;60044;9;60042;8;;;60060;8;60063;9;;;60052.0;0.0
47;52200;ASH_COATED_OSMIUM;9993;30;;;;;10011;11;;;;;10002.5;0.0
47;52200;INTARIAN_PEPPER_ROOT;60044;12;60041;8;;;60058;18;60059;16;;;60051.5;0.0
47;52300;ASH_COATED_OSMIUM;9992;14;;;;;10008;13;;;;;10000.0;0.0
47;52300;INTARIAN_PEPPER_ROOT;60049;9;;;;;60062;11;;;;;60055.5;0.0
47;52400;ASH_COATED_OSMIUM;9992;15;9991;12;;;10008;20;10009;14;;;10000.0;0.0
47;52400;INTARIAN_PEPPER_ROOT;60049;12;60048;11;;;60062;10;60065;12;;;60055.5;0.0
47;52500;ASH_COATED_OSMIUM;9993;3;9991;12;;;10009;14;10012;10;;;10001.5;0.0
47;52500;INTARIAN_PEPPER_ROOT;60047;8;60044;10;;;60061;9;60064;10;;;60054.0;0.0
47;52600;ASH_COATED_OSMIUM;9992;10;9991;30;9990;11;10010;26;10013;12;10016;15;10001.5;0.0
47;52600;INTARIAN_PEPPER_ROOT;60043;9;60041;9;;;60058;9;60060;11;;;60051.0;0.0
47;52700;ASH_COATED_OSMIUM;10000;20;9998;13;9996;20;10016;13;10018;11;10020;14;10008.0;0.0
47;52700;INTARIAN_PEPPER_ROOT;60047;10;60045;20;;;60058;10;60060;8;;;60053.0;0.0
47;52800;ASH_COATED_OSMIUM;10003;14;10001;24;9999;15;10012;14;10015;15;10016;15;10007.5;0.0
47;52800;INTARIAN_PEPPER_ROOT;60052;12;60050;16;;;60055;8;60056;12;;;60053.5;0.0
47;52900;ASH_COATED_OSMIUM;10000;13;;;;;10016;14;;;;;10008.0;0.0
47;52900;INTARIAN_PEPPER_ROOT;60044;8;60043;9;;;60060;12;60062;16;;;60052.0;0.0
47;53000;ASH_COATED_OSMIUM;9990;13;;;;;10006;13;;;;;9998.0;0.0
47;53000;INTARIAN_PEPPER_ROOT;60044;22;60043;12;60041;21;60058;9;60061;8;60063;21;60051.0;0.0
47;53100;ASH_COATED_OSMIUM;9993;14;9990;10;9988;15;10011;13;10014;12;10017;10;10002.0;0.0
47;53100;INTARIAN_PEPPER_ROOT;60045;11;60044;9;60043;22;60057;8;60059;11;60061;19;60051.0;0.0
47;53200;ASH_COATED_OSMIUM;9992;13;9991;12;;;10013;13;10016;14;;;10002.5;0.0
47;53200;INTARIAN_PEPPER_ROOT;60048;9;60045;24;60043;8;60059;10;60061;8;60064;16;60053.5;0.0
47;53300;ASH_COATED_OSMIUM;9992;10;9991;13;9988;10;10009;15;10010;14;10013;10;10001.0;0.0
47;53300;INTARIAN_PEPPER_ROOT;60047;15;60045;12;;;60061;8;60062;11;;;60054.0;0.0
47;53400;ASH_COATED_OSMIUM;9988;12;;;;;10004;13;;;;;9996.0;0.0
47;53400;INTARIAN_PEPPER_ROOT;60046;12;60043;15;;;60059;9;60060;10;;;60053.0;0.0
47;53500;ASH_COATED_OSMIUM;9990;15;;;;;10006;20;;;;;9998.5;0.0
47;53500;INTARIAN_PEPPER_ROOT;60043;11;60042;12;60039;8;60057;8;60058;20;60059;9;60050.5;0.0
47;53600;ASH_COATED_OSMIUM;9992;10;9990;10;9987;12;10008;14;10010;15;10011;10;10000.5;0.0
47;53600;INTARIAN_PEPPER_ROOT;60047;11;;;;;60060;10;;;;;60053.5;0.0
47;53700;ASH_COATED_OSMIUM;9997;10;9995;12;9994;12;10013;13;10014;10;10015;14;10005.0;0.0
47;53700;INTARIAN_PEPPER_ROOT;60046;8;60043;18;60041;12;60059;21;60062;8;60065;12;60053.0;0.0
47;53800;ASH_COATED_OSMIUM;9996;12;;;;;10015;15;;;;;10005.5;0.0
47;53800;INTARIAN_PEPPER_ROOT;60046;10;60043;11;;;60057;9;60060;10;;;60052.0;0.0
47;53900;ASH_COATED_OSMIUM;9998;28;9997;4;9994;26;10017;14;10020;15;10022;12;10008.0;0.0
47;53900;INTARIAN_PEPPER_ROOT;60048;7;60047;10;;;60059;11;60060;10;;;60054.0;0.0
47;54000;ASH_COATED_OSMIUM;9995;10;9993;11;;;10011;14;10013;12;;;10003.5;0.0
47;54000;INTARIAN_PEPPER_ROOT;60048;21;;;;;60062;9;;;;;60055.0;0.0
47;54100;ASH_COATED_OSMIUM;9996;11;9995;15;9993;10;10012;22;10015;14;10016;14;10004.5;0.0
47;54100;INTARIAN_PEPPER_ROOT;60049;24;60047;9;60044;10;60052;10;60053;9;60056;8;60051.0;0.0
47;54200;ASH_COATED_OSMIUM;9996;13;9995;12;9994;13;10015;13;10016;13;10018;15;10006.0;0.0
47;54200;INTARIAN_PEPPER_ROOT;60049;11;60046;12;;;60064;11;60066;11;;;60056.5;0.0
47;54300;ASH_COATED_OSMIUM;9992;23;9990;10;9989;14;10008;13;10010;15;10013;11;10000.0;0.0
47;54300;INTARIAN_PEPPER_ROOT;60048;11;60047;10;;;60060;12;60061;11;;;60054.5;0.0
47;54400;ASH_COATED_OSMIUM;9998;15;;;;;10014;12;;;;;10006.0;0.0
47;54400;INTARIAN_PEPPER_ROOT;60047;12;60046;9;;;60061;8;60062;10;;;60054.5;0.0
47;54500;ASH_COATED_OSMIUM;9990;15;9989;11;;;10006;10;10007;13;;;9998.5;0.0
47;54500;INTARIAN_PEPPER_ROOT;60052;12;60050;8;;;60060;24;60063;11;;;60056.0;0.0
47;54600;ASH_COATED_OSMIUM;9992;12;9991;13;9988;14;10008;10;10009;13;10010;12;10000.0;0.0
47;54600;INTARIAN_PEPPER_ROOT;60052;17;60051;6;60050;20;60065;22;60067;12;60070;11;60058.5;0.0
47;54700;ASH_COATED_OSMIUM;9990;14;9988;28;;;10011;14;10013;10;;;10001.0;0.0
47;54700;INTARIAN_PEPPER_ROOT;60051;11;;;;;60063;20;;;;;60057.0;0.0
47;54800;ASH_COATED_OSMIUM;9999;15;9998;15;9996;15;10015;13;10016;20;10018;21;10007.0;0.0
47;54800;INTARIAN_PEPPER_ROOT;60047;12;60045;10;;;60061;12;60064;12;;;60054.5;0.0
47;54900;ASH_COATED_OSMIUM;9996;11;;;;;10015;27;;;;;10005.5;0.0
47;54900;INTARIAN_PEPPER_ROOT;60046;8;;;;;60059;10;;;;;60053.0;0.0
47;55000;ASH_COATED_OSMIUM;9994;5;9993;10;9991;15;10013;15;10016;13;10018;15;10004.0;0.0
47;55000;INTARIAN_PEPPER_ROOT;60050;12;60048;11;60046;10;60063;12;60066;10;60067;7;60056.5;0.0
47;55100;ASH_COATED_OSMIUM;10001;15;;;;;10007;26;;;;;10004.5;0.0
47;55100;INTARIAN_PEPPER_ROOT;60048;12;;;;;60064;12;;;;;60056.5;0.0
47;55200;ASH_COATED_OSMIUM;9996;12;;;;;10012;3;;;;;10004.0;0.0
47;55200;INTARIAN_PEPPER_ROOT;60048;15;60047;8;60046;11;60064;8;60067;9;60069;17;60056.5;0.0
47;55300;ASH_COATED_OSMIUM;9987;15;9986;15;;;10008;13;10010;23;;;9998.0;0.0
47;55300;INTARIAN_PEPPER_ROOT;60049;16;;;;;60063;9;;;;;60056.0;0.0
47;55400;ASH_COATED_OSMIUM;9994;20;9992;13;;;10013;10;10016;10;;;10003.5;0.0
47;55400;INTARIAN_PEPPER_ROOT;60049;9;60047;19;60045;11;60064;10;60066;10;60067;11;60056.5;0.0
47;55500;ASH_COATED_OSMIUM;9988;4;9987;15;;;10004;14;10007;13;;;9996.5;0.0
47;55500;INTARIAN_PEPPER_ROOT;60051;12;;;;;60064;10;;;;;60057.5;0.0
47;55600;ASH_COATED_OSMIUM;9986;14;9984;13;9982;15;10002;11;10004;12;10005;10;9994.5;0.0
47;55600;INTARIAN_PEPPER_ROOT;60052;12;60051;8;;;60064;19;60066;10;;;60058.0;0.0
47;55700;ASH_COATED_OSMIUM;9988;15;9987;14;9985;13;10004;13;10007;11;10008;29;9996.5;0.0
47;55700;INTARIAN_PEPPER_ROOT;60046;10;60045;9;;;60060;12;60063;21;;;60053.0;0.0
47;55800;ASH_COATED_OSMIUM;9997;28;;;;;10009;13;;;;;10003.5;0.0
47;55800;INTARIAN_PEPPER_ROOT;60049;20;60047;11;;;60061;22;60064;20;;;60055.5;0.0
47;55900;ASH_COATED_OSMIUM;9991;10;;;;;10007;11;;;;;9999.5;0.0
47;55900;INTARIAN_PEPPER_ROOT;60050;11;60048;12;;;60063;10;60064;8;;;60056.5;0.0
47;56000;ASH_COATED_OSMIUM;9985;10;9982;11;;;10006;11;10007;15;;;9995.5;0.0
47;56000;INTARIAN_PEPPER_ROOT;60053;10;60050;24;60049;11;60065;8;60067;9;60070;25;60059.5;0.0
47;56100;ASH_COATED_OSMIUM;9986;2;9984;5;9982;20;10004;27;10005;24;10008;13;9995.5;0.0
47;56100;INTARIAN_PEPPER_ROOT;60048;11;;;;;60062;9;;;;;60055.0;0.0
47;56200;ASH_COATED_OSMIUM;9993;14;9991;11;;;9999;14;10000;3;;;9996.0;0.0
47;56200;INTARIAN_PEPPER_ROOT;60050;8;60049;9;60046;15;60062;11;60064;10;60065;8;60056.5;0.0
47;56300;ASH_COATED_OSMIUM;9991;13;9988;10;;;10007;13;10008;15;;;9999.0;0.0
47;56300;INTARIAN_PEPPER_ROOT;60045;8;;;;;60062;8;;;;;60054.0;0.0
47;56400;ASH_COATED_OSMIUM;9992;22;9990;14;;;10008;14;10010;10;;;10000.5;0.0
47;56400;INTARIAN_PEPPER_ROOT;60049;12;60047;10;60045;11;60063;11;60064;12;60066;12;60056.5;0.0
47;56500;ASH_COATED_OSMIUM;9988;13;9986;10;;;10006;15;10007;11;;;9997.0;0.0
47;56500;INTARIAN_PEPPER_ROOT;60051;9;60050;23;;;60062;9;60064;10;;;60056.5;0.0
47;56600;ASH_COATED_OSMIUM;9991;14;9990;15;9989;14;10010;26;10011;12;10012;10;10001.0;0.0
47;56600;INTARIAN_PEPPER_ROOT;60051;9;;;;;60067;12;;;;;60059.0;0.0
47;56700;ASH_COATED_OSMIUM;9989;11;9987;26;;;10005;13;10007;13;;;9997.5;0.0
47;56700;INTARIAN_PEPPER_ROOT;60053;9;60050;10;60047;11;60065;11;60067;9;60069;10;60059.0;0.0
47;56800;ASH_COATED_OSMIUM;9988;15;9986;11;9985;13;10004;28;10007;10;10010;24;9996.0;0.0
47;56800;INTARIAN_PEPPER_ROOT;60053;9;;;;;60065;10;;;;;60059.0;0.0
47;56900;ASH_COATED_OSMIUM;9998;12;;;;;10005;3;;;;;10001.5;0.0
47;56900;INTARIAN_PEPPER_ROOT;60052;8;;;;;60067;9;;;;;60060.0;0.0
47;57000;ASH_COATED_OSMIUM;9986;11;9983;15;9982;15;10002;15;10003;10;10004;14;9994.5;0.0
47;57000;INTARIAN_PEPPER_ROOT;60054;11;60053;8;;;60066;8;60068;10;;;60060.0;0.0
47;57100;ASH_COATED_OSMIUM;9984;10;9982;12;9980;22;10000;11;10002;10;10005;14;9992.0;0.0
47;57100;INTARIAN_PEPPER_ROOT;60052;16;60051;12;;;60068;9;60071;8;;;60060.5;0.0
47;57200;ASH_COATED_OSMIUM;9986;13;9985;15;;;10002;15;10004;6;;;9994.5;0.0
47;57200;INTARIAN_PEPPER_ROOT;60051;9;60049;11;;;60067;9;60070;10;;;60059.5;0.0
47;57300;ASH_COATED_OSMIUM;9997;11;;;;;10006;15;;;;;10002.0;0.0
47;57300;INTARIAN_PEPPER_ROOT;60050;17;60049;8;;;60064;12;60066;11;;;60057.5;0.0
47;57400;ASH_COATED_OSMIUM;9994;3;9991;13;9988;10;10000;23;10002;11;10005;12;9997.0;0.0
47;57400;INTARIAN_PEPPER_ROOT;60047;9;60046;12;60045;8;60062;15;60063;11;60065;11;60055.0;0.0
47;57500;ASH_COATED_OSMIUM;9992;11;9991;15;;;10008;15;10009;13;;;10000.5;0.0
47;57500;INTARIAN_PEPPER_ROOT;60049;9;60048;15;;;60066;8;60069;8;;;60057.5;0.0
47;57600;ASH_COATED_OSMIUM;9990;15;;;;;10008;15;;;;;9999.5;0.0
47;57600;INTARIAN_PEPPER_ROOT;60056;12;60053;12;;;60067;9;60068;8;;;60062.0;0.0
47;57700;ASH_COATED_OSMIUM;9986;14;9985;13;;;10002;13;10005;22;;;9994.0;0.0
47;57700;INTARIAN_PEPPER_ROOT;60052;11;60049;12;;;60063;9;60065;11;;;60058.0;0.0
47;57800;ASH_COATED_OSMIUM;9982;13;9979;13;;;10001;14;10002;14;;;9992.0;0.0
47;57800;INTARIAN_PEPPER_ROOT;60057;8;60056;12;;;60069;12;60070;10;;;60063.0;0.0
47;57900;ASH_COATED_OSMIUM;9979;13;9976;15;;;9998;29;10001;11;;;9989.0;0.0
47;57900;INTARIAN_PEPPER_ROOT;60051;15;60049;18;;;60064;10;60065;9;;;60058.0;0.0
47;58000;ASH_COATED_OSMIUM;9981;13;9978;10;9977;14;9997;27;9999;10;10001;12;9989.5;0.0
47;58000;INTARIAN_PEPPER_ROOT;60056;10;60055;11;;;60070;8;60073;9;;;60063.0;0.0
47;58100;ASH_COATED_OSMIUM;9976;11;9973;15;;;9992;13;9993;11;;;9984.5;0.0
47;58100;INTARIAN_PEPPER_ROOT;60048;8;60045;12;;;60065;15;60066;11;;;60056.5;0.0
47;58200;ASH_COATED_OSMIUM;9974;29;;;;;9990;15;;;;;9982.0;0.0
47;58200;INTARIAN_PEPPER_ROOT;60056;10;60053;12;60051;10;60070;12;60072;10;60075;10;60063.0;0.0
47;58300;ASH_COATED_OSMIUM;9980;12;9977;15;9975;14;10001;14;10004;13;10007;11;9991.0;0.0
47;58300;INTARIAN_PEPPER_ROOT;60051;10;60048;8;;;60067;11;60070;7;;;60059.5;0.0
47;58400;ASH_COATED_OSMIUM;9987;10;;;;;10003;30;;;;;9995.0;0.0
47;58400;INTARIAN_PEPPER_ROOT;60052;10;60049;22;60046;10;60065;10;60068;11;60069;8;60058.5;0.0
47;58500;ASH_COATED_OSMIUM;9987;12;9985;14;9983;12;10005;10;10007;12;10010;14;9996.5;0.0
47;58500;INTARIAN_PEPPER_ROOT;60055;8;60053;9;;;60069;11;60072;25;;;60062.0;0.0
47;58600;ASH_COATED_OSMIUM;9988;15;9985;11;;;10004;15;10006;15;;;9996.0;0.0
47;58600;INTARIAN_PEPPER_ROOT;60053;9;;;;;60067;18;;;;;60060.0;0.0
47;58700;ASH_COATED_OSMIUM;9992;12;;;;;10013;15;;;;;10002.5;0.0
47;58700;INTARIAN_PEPPER_ROOT;60050;12;60047;8;60045;8;60063;15;60066;9;60068;17;60057.0;0.0
47;58800;ASH_COATED_OSMIUM;9989;12;9988;10;;;10005;15;10008;14;;;9997.0;0.0
47;58800;INTARIAN_PEPPER_ROOT;60052;12;60051;23;;;60067;15;60068;9;;;60059.5;0.0
47;58900;ASH_COATED_OSMIUM;9984;15;9983;15;;;10000;14;10002;15;;;9992.0;0.0
47;58900;INTARIAN_PEPPER_ROOT;60050;10;60048;24;60046;24;60063;12;60065;12;60066;12;60057.0;0.0
47;59000;ASH_COATED_OSMIUM;9985;13;9984;12;9981;14;9994;12;9996;14;9997;13;9989.5;0.0
47;59000;INTARIAN_PEPPER_ROOT;60054;10;60052;9;;;60066;11;60068;9;;;60060.0;0.0
47;59100;ASH_COATED_OSMIUM;9978;12;;;;;9994;24;;;;;9986.5;0.0
47;59100;INTARIAN_PEPPER_ROOT;60058;8;60057;17;60055;11;60070;3;60071;10;60072;9;60064.0;0.0
47;59200;ASH_COATED_OSMIUM;9986;10;9983;12;;;10002;15;10004;13;;;9994.5;0.0
47;59200;INTARIAN_PEPPER_ROOT;60057;9;;;;;60068;12;;;;;60063.0;0.0
47;59300;ASH_COATED_OSMIUM;9995;15;9994;11;;;10005;14;10008;14;;;10000.5;0.0
47;59300;INTARIAN_PEPPER_ROOT;60054;12;;;;;60067;12;;;;;60061.0;0.0
47;59400;ASH_COATED_OSMIUM;9998;30;9996;10;9993;25;10014;11;10016;11;10018;12;10006.5;0.0
47;59400;INTARIAN_PEPPER_ROOT;60056;8;;;;;60072;17;;;;;60064.5;0.0
47;59500;ASH_COATED_OSMIUM;10004;11;;;;;10020;13;;;;;10012.5;0.0
47;59500;INTARIAN_PEPPER_ROOT;60050;11;;;;;60062;10;;;;;60056.5;0.0
47;59600;ASH_COATED_OSMIUM;9997;14;9995;11;;;10013;10;10015;11;;;10005.5;0.0
47;59600;INTARIAN_PEPPER_ROOT;60048;9;60047;10;;;60064;8;60066;11;;;60056.5;0.0
47;59700;ASH_COATED_OSMIUM;9995;11;9994;25;9992;12;10011;11;10014;15;10017;22;10003.5;0.0
47;59700;INTARIAN_PEPPER_ROOT;60053;8;;;;;60064;9;;;;;60059.0;0.0
47;59800;ASH_COATED_OSMIUM;9993;11;9990;13;;;10011;15;10013;10;;;10002.5;0.0
47;59800;INTARIAN_PEPPER_ROOT;60051;11;60049;4;;;60067;10;60070;20;;;60059.0;0.0
47;59900;ASH_COATED_OSMIUM;9991;11;9989;10;9986;12;10010;13;10012;12;10013;15;10001.0;0.0
47;59900;INTARIAN_PEPPER_ROOT;60055;21;60052;12;;;60068;8;60070;12;;;60061.5;0.0
47;60000;ASH_COATED_OSMIUM;9984;10;9983;10;;;10002;14;10003;12;;;9993.5;0.0
47;60000;INTARIAN_PEPPER_ROOT;60055;8;;;;;60069;9;;;;;60062.5;0.0
47;60100;ASH_COATED_OSMIUM;9990;10;;;;;10006;2;;;;;9998.5;0.0
47;60100;INTARIAN_PEPPER_ROOT;60054;23;60053;15;60052;15;60068;8;60071;12;60073;10;60061.5;0.0
47;60200;ASH_COATED_OSMIUM;9997;14;9994;15;9992;15;10002;13;10003;11;10005;13;10000.0;0.0
47;60200;INTARIAN_PEPPER_ROOT;60055;10;60052;8;60050;10;60067;25;60068;9;60071;8;60061.0;0.0
47;60300;ASH_COATED_OSMIUM;9984;15;9982;12;9981;14;10000;14;10001;15;10002;28;9992.5;0.0
47;60300;INTARIAN_PEPPER_ROOT;60055;10;60053;12;60050;10;60069;19;60071;9;60074;12;60062.5;0.0
47;60400;ASH_COATED_OSMIUM;9986;14;;;;;10004;12;;;;;9995.0;0.0
47;60400;INTARIAN_PEPPER_ROOT;60057;25;;;;;60070;11;;;;;60063.5;0.0
47;60500;ASH_COATED_OSMIUM;9982;15;9979;14;;;9998;12;9999;15;;;9990.5;0.0
47;60500;INTARIAN_PEPPER_ROOT;60061;9;;;;;60064;11;;;;;60063.0;0.0
47;60600;ASH_COATED_OSMIUM;9982;15;;;;;9998;15;;;;;9990.0;0.0
47;60600;INTARIAN_PEPPER_ROOT;60053;10;60050;10;;;60068;8;60069;10;;;60061.0;0.0
47;60700;ASH_COATED_OSMIUM;9985;13;;;;;10004;13;;;;;9995.0;0.0
47;60700;INTARIAN_PEPPER_ROOT;60055;9;60052;12;;;60069;11;60071;11;;;60062.0;0.0
47;60800;ASH_COATED_OSMIUM;9995;7;9993;11;9991;10;10011;15;10012;15;10015;12;10003.5;0.0
47;60800;INTARIAN_PEPPER_ROOT;60057;11;60054;10;;;60070;23;60072;4;;;60063.5;0.0
47;60900;ASH_COATED_OSMIUM;9993;13;;;;;10014;13;;;;;10003.5;0.0
47;60900;INTARIAN_PEPPER_ROOT;60052;11;60049;9;;;60071;11;60074;11;;;60061.5;0.0
47;61000;ASH_COATED_OSMIUM;9995;5;9993;14;9990;21;10011;10;10013;11;10016;3;10003.0;0.0
47;61000;INTARIAN_PEPPER_ROOT;60052;9;60049;11;;;60064;11;60065;9;;;60058.0;0.0
47;61100;ASH_COATED_OSMIUM;9993;13;9990;15;9989;12;10012;11;10014;10;10017;14;10003.0;0.0
47;61100;INTARIAN_PEPPER_ROOT;60052;8;60050;12;;;60069;8;60072;12;;;60061.0;0.0
47;61200;ASH_COATED_OSMIUM;9995;20;;;;;10011;21;;;;;10003.0;0.0
47;61200;INTARIAN_PEPPER_ROOT;60056;9;60053;12;;;60068;12;60069;21;;;60062.0;0.0
47;61300;ASH_COATED_OSMIUM;9993;25;9991;12;9988;12;10009;27;10011;11;10012;13;10001.5;0.0
47;61300;INTARIAN_PEPPER_ROOT;60055;15;60054;17;;;60070;5;60073;10;;;60063.0;0.0
47;61400;ASH_COATED_OSMIUM;9999;12;;;;;10008;15;;;;;10003.5;0.0
47;61400;INTARIAN_PEPPER_ROOT;60057;11;60055;9;60053;3;60070;11;60072;8;60074;10;60064.0;0.0
47;61500;ASH_COATED_OSMIUM;9993;15;9990;30;;;10012;21;10013;12;;;10002.5;0.0
47;61500;INTARIAN_PEPPER_ROOT;60058;8;;;;;60070;8;;;;;60064.5;0.0
47;61600;ASH_COATED_OSMIUM;9992;29;9990;11;9988;15;10008;2;10011;12;10014;13;10000.0;0.0
47;61600;INTARIAN_PEPPER_ROOT;60052;11;60050;10;;;60067;22;60068;8;;;60060.0;0.0
47;61700;ASH_COATED_OSMIUM;9990;28;;;;;10006;10;;;;;9998.5;0.0
47;61700;INTARIAN_PEPPER_ROOT;60055;8;;;;;60068;8;;;;;60061.5;0.0
47;61800;ASH_COATED_OSMIUM;9995;10;9994;14;;;10001;15;10003;10;;;9998.0;0.0
47;61800;INTARIAN_PEPPER_ROOT;60054;11;60052;10;60049;12;60067;23;60068;11;60069;7;60060.5;0.0
47;61900;ASH_COATED_OSMIUM;9986;13;;;;;10005;13;;;;;9996.0;0.0
47;61900;INTARIAN_PEPPER_ROOT;60054;10;60052;12;;;60068;23;60069;16;;;60061.0;0.0
47;62000;ASH_COATED_OSMIUM;9984;15;;;;;10003;10;;;;;9994.0;0.0
47;62000;INTARIAN_PEPPER_ROOT;60053;9;60052;11;60051;9;60066;11;60069;11;60070;9;60059.5;0.0
47;62100;ASH_COATED_OSMIUM;9987;11;9986;25;;;10003;23;10005;15;;;9995.0;0.0
47;62100;INTARIAN_PEPPER_ROOT;60055;25;60052;10;;;60068;11;60071;10;;;60061.5;0.0
47;62200;ASH_COATED_OSMIUM;9985;13;9982;30;9979;10;10003;22;10004;27;10006;13;9994.5;0.0
47;62200;INTARIAN_PEPPER_ROOT;60054;9;60052;24;60049;12;60069;9;60070;11;60072;12;60061.5;0.0
47;62300;ASH_COATED_OSMIUM;9989;10;;;;;10005;14;;;;;9997.0;0.0
47;62300;INTARIAN_PEPPER_ROOT;60057;12;60054;8;60051;9;60069;12;60071;12;60074;11;60063.0;0.0
47;62400;ASH_COATED_OSMIUM;9986;14;;;;;10002;12;;;;;9994.5;0.0
47;62400;INTARIAN_PEPPER_ROOT;60054;3;60052;8;60049;24;60066;10;60067;11;60068;12;60060.0;0.0
47;62500;ASH_COATED_OSMIUM;9985;14;9983;12;9982;13;10004;14;10006;12;10009;12;9995.0;0.0
47;62500;INTARIAN_PEPPER_ROOT;60052;6;60050;11;60049;8;60066;7;60067;12;60070;10;60059.5;0.0
47;62600;ASH_COATED_OSMIUM;9989;13;9986;14;;;10005;14;10007;23;;;9997.0;0.0
47;62600;INTARIAN_PEPPER_ROOT;60054;15;60052;11;;;60069;10;60072;9;;;60061.5;0.0
47;62700;ASH_COATED_OSMIUM;9994;12;9992;15;;;10010;23;10012;11;;;10002.0;0.0
47;62700;INTARIAN_PEPPER_ROOT;60060;9;60058;11;60055;12;60072;10;60075;11;60076;11;60066.0;0.0
47;62800;ASH_COATED_OSMIUM;9988;10;;;;;10007;5;;;;;9998.0;0.0
47;62800;INTARIAN_PEPPER_ROOT;60055;12;60052;12;60050;11;60068;12;60071;8;60074;8;60062.0;0.0
47;62900;ASH_COATED_OSMIUM;9990;14;;;;;10003;12;;;;;9997.0;0.0
47;62900;INTARIAN_PEPPER_ROOT;60057;9;60056;7;60053;9;60070;24;60073;10;60074;12;60064.0;0.0
47;63000;ASH_COATED_OSMIUM;9983;15;;;;;9999;10;;;;;9991.0;0.0
47;63000;INTARIAN_PEPPER_ROOT;60055;12;;;;;60068;10;;;;;60061.5;0.0
47;63100;ASH_COATED_OSMIUM;9980;15;;;;;9996;10;;;;;9988.5;0.0
47;63100;INTARIAN_PEPPER_ROOT;60058;12;60056;12;;;60072;21;60073;11;;;60065.0;0.0
47;63200;ASH_COATED_OSMIUM;9979;14;9977;14;;;9997;21;9999;14;;;9988.0;0.0
47;63200;INTARIAN_PEPPER_ROOT;60054;8;60051;10;60049;10;60066;16;60068;12;60069;11;60060.5;0.0
47;63300;ASH_COATED_OSMIUM;9980;15;9978;11;9975;24;9996;21;9997;12;9999;22;9988.5;0.0
47;63300;INTARIAN_PEPPER_ROOT;60060;10;60057;11;;;60073;10;60076;18;;;60066.5;0.0
47;63400;ASH_COATED_OSMIUM;9973;10;9972;11;;;9989;10;9990;13;;;9981.5;0.0
47;63400;INTARIAN_PEPPER_ROOT;60053;12;60050;17;;;60067;9;60069;9;;;60060.0;0.0
47;63500;ASH_COATED_OSMIUM;9982;15;9981;15;9978;11;9998;15;10000;12;10001;10;9990.0;0.0
47;63500;INTARIAN_PEPPER_ROOT;60058;12;60055;8;;;60071;9;60072;25;;;60065.0;0.0
47;63600;ASH_COATED_OSMIUM;9987;14;9984;10;;;10003;15;10005;12;;;9995.5;0.0
47;63600;INTARIAN_PEPPER_ROOT;60057;11;;;;;60071;5;;;;;60064.5;0.0
47;63700;ASH_COATED_OSMIUM;9989;15;9987;12;;;10005;15;10006;10;;;9997.5;0.0
47;63700;INTARIAN_PEPPER_ROOT;60053;12;60050;23;;;60072;19;60075;10;;;60063.0;0.0
47;63800;ASH_COATED_OSMIUM;9993;13;9991;15;;;10009;12;10010;10;;;10001.0;0.0
