day;timestamp;product;bid_price_1;bid_volume_1;bid_price_2;bid_volume_2;bid_price_3;bid_volume_3;ask_price_1;ask_volume_1;ask_price_2;ask_volume_2;ask_price_3;ask_volume_3;mid_price;profit_and_loss
18;0;ASH_COATED_OSMIUM;9989;5;9988;10;;;10005;12;10006;22;;;9997.5;0.0
18;0;INTARIAN_PEPPER_ROOT;30996;10;;;;;31005;11;;;;;31000.5;0.0
18;100;ASH_COATED_OSMIUM;9995;12;9992;14;9991;11;10011;13;10013;11;10014;12;10003.0;0.0
18;100;INTARIAN_PEPPER_ROOT;30993;18;30992;9;;;31007;11;31010;9;;;31000.0;0.0
18;200;ASH_COATED_OSMIUM;9990;22;9989;10;;;10006;11;10009;13;;;9998.0;0.0
18;200;INTARIAN_PEPPER_ROOT;30996;9;30995;10;;;31008;12;31009;11;;;31002.5;0.0
18;300;ASH_COATED_OSMIUM;9994;12;9992;14;;;10010;14;10013;13;;;10002.5;0.0
18;300;INTARIAN_PEPPER_ROOT;30996;8;30994;10;30992;11;31007;9;31009;10;31010;10;31002.0;0.0
18;400;ASH_COATED_OSMIUM;9994;10;9992;12;9990;10;10012;12;10013;30;10016;14;10003.0;0.0
18;400;INTARIAN_PEPPER_ROOT;30993;9;30991;9;;;31008;11;31011;10;;;31000.5;0.0
18;500;ASH_COATED_OSMIUM;9989;11;;;;;10005;13;;;;;9997.5;0.0
18;500;INTARIAN_PEPPER_ROOT;30988;10;30987;9;;;30999;8;31000;11;;;30993.5;0.0
18;600;ASH_COATED_OSMIUM;9995;14;9994;13;;;10011;12;10013;12;;;10003.0;0.0
18;600;INTARIAN_PEPPER_ROOT;30994;9;30991;8;30989;12;31006;10;31009;8;31010;10;31000.0;0.0
18;700;ASH_COATED_OSMIUM;9994;5;9992;14;;;10010;10;10011;14;;;10002.5;0.0
18;700;INTARIAN_PEPPER_ROOT;30993;12;30990;8;;;31008;8;31010;11;;;31000.5;0.0
18;800;ASH_COATED_OSMIUM;9994;15;9992;13;9990;10;10010;10;10013;15;10016;11;10002.0;0.0
18;800;INTARIAN_PEPPER_ROOT;30994;10;;;;;31007;10;;;;;31001.0;0.0
18;900;ASH_COATED_OSMIUM;9987;23;9984;12;;;10008;14;10011;12;;;9997.5;0.0
18;900;INTARIAN_PEPPER_ROOT;30996;9;30994;9;;;31008;9;31011;9;;;31002.5;0.0
18;1000;ASH_COATED_OSMIUM;9994;12;9993;13;;;10012;13;10014;14;;;10003.0;0.0
18;1000;INTARIAN_PEPPER_ROOT;30999;10;30997;10;;;31011;9;31012;11;;;31005.0;0.0
18;1100;ASH_COATED_OSMIUM;9995;12;9994;15;;;10011;15;10012;14;;;10003.0;0.0
18;1100;INTARIAN_PEPPER_ROOT;30996;9;30995;8;;;31009;10;31010;22;;;31003.0;0.0
18;1200;ASH_COATED_OSMIUM;9995;27;9994;11;;;10011;5;10012;14;;;10003.0;0.0
18;1200;INTARIAN_PEPPER_ROOT;30997;12;30996;11;30993;16;31010;11;31011;9;31012;10;31003.5;0.0
18;1300;ASH_COATED_OSMIUM;9997;12;9994;14;9991;14;10008;23;10009;12;10011;15;10002.5;0.0
18;1300;INTARIAN_PEPPER_ROOT;30992;9;30989;20;;;31005;11;31008;12;;;30999.0;0.0
18;1400;ASH_COATED_OSMIUM;9994;11;9991;23;;;10010;25;10013;11;;;10002.5;0.0
18;1400;INTARIAN_PEPPER_ROOT;30995;10;30992;9;;;31009;8;31012;12;;;31002.0;0.0
18;1500;ASH_COATED_OSMIUM;9989;13;9987;12;9985;13;10005;13;10006;14;10009;15;9997.0;0.0
18;1500;INTARIAN_PEPPER_ROOT;30998;8;30997;9;;;31011;9;31013;8;;;31005.0;0.0
18;1600;ASH_COATED_OSMIUM;9991;13;;;;;10010;12;;;;;10001.0;0.0
18;1600;INTARIAN_PEPPER_ROOT;30996;11;30994;12;;;31008;10;31011;9;;;31002.0;0.0
18;1700;ASH_COATED_OSMIUM;9992;10;9989;27;;;10010;20;10012;15;;;10001.0;0.0
18;1700;INTARIAN_PEPPER_ROOT;30990;8;30989;9;;;31006;8;31008;21;;;30998.5;0.0
18;1800;ASH_COATED_OSMIUM;9993;26;9992;10;9991;15;10009;13;10011;14;10012;14;10001.5;0.0
18;1800;INTARIAN_PEPPER_ROOT;30994;10;;;;;31008;19;;;;;31001.0;0.0
18;1900;ASH_COATED_OSMIUM;9992;13;;;;;9998;13;;;;;9995.5;0.0
18;1900;INTARIAN_PEPPER_ROOT;30994;9;30993;18;;;31008;11;31009;10;;;31001.0;0.0
18;2000;ASH_COATED_OSMIUM;9991;12;9988;12;9986;11;10010;10;10013;4;10015;13;10000.5;0.0
18;2000;INTARIAN_PEPPER_ROOT;30995;19;30993;8;30991;23;31009;10;31011;22;31013;24;31002.0;0.0
18;2100;ASH_COATED_OSMIUM;9991;30;;;;;10001;14;;;;;9996.0;0.0
18;2100;INTARIAN_PEPPER_ROOT;30996;23;;;;;31009;8;;;;;31002.5;0.0
18;2200;ASH_COATED_OSMIUM;9988;24;9986;13;9983;14;10004;11;10006;12;10007;11;9996.0;0.0
18;2200;INTARIAN_PEPPER_ROOT;30996;11;30995;12;30993;9;31008;11;31009;11;31012;9;31002.0;0.0
18;2300;ASH_COATED_OSMIUM;9987;20;9986;15;9984;7;10005;15;10008;14;10011;14;9996.0;0.0
18;2300;INTARIAN_PEPPER_ROOT;30998;23;30996;5;30995;11;31009;10;31012;15;31015;12;31003.5;0.0
18;2400;ASH_COATED_OSMIUM;9992;11;;;;;10010;14;;;;;10001.5;0.0
18;2400;INTARIAN_PEPPER_ROOT;30993;19;30990;8;;;31007;12;31010;8;;;31000.5;0.0
18;2500;ASH_COATED_OSMIUM;9993;14;;;;;10009;12;;;;;10001.0;0.0
18;2500;INTARIAN_PEPPER_ROOT;30994;11;;;;;31009;10;;;;;31002.0;0.0
18;2600;ASH_COATED_OSMIUM;9988;8;9987;12;;;10004;11;10005;14;;;9996.0;0.0
18;2600;INTARIAN_PEPPER_ROOT;31000;11;30997;12;30996;24;31015;25;31016;12;31018;11;31007.5;0.0
18;2700;ASH_COATED_OSMIUM;9996;10;;;;;10007;14;;;;;10001.5;0.0
18;2700;INTARIAN_PEPPER_ROOT;30997;10;30996;6;30995;8;31009;9;31012;8;31014;16;31003.5;0.0
18;2800;ASH_COATED_OSMIUM;9987;14;9984;10;9983;13;10003;15;10005;14;10008;14;9995.5;0.0
18;2800;INTARIAN_PEPPER_ROOT;30995;10;30994;11;;;31009;9;31010;9;;;31002.0;0.0
18;2900;ASH_COATED_OSMIUM;9987;14;9986;10;;;10003;12;10005;11;;;9995.5;0.0
18;2900;INTARIAN_PEPPER_ROOT;30997;12;30995;8;;;31013;10;31016;11;;;31005.0;0.0
18;3000;ASH_COATED_OSMIUM;9994;14;;;;;10010;5;;;;;10002.0;0.0
18;3000;INTARIAN_PEPPER_ROOT;30995;19;;;;;31010;8;;;;;31002.5;0.0
18;3100;ASH_COATED_OSMIUM;9992;13;;;;;10011;10;;;;;10001.5;0.0
18;3100;INTARIAN_PEPPER_ROOT;30995;9;30994;11;;;31011;15;31013;8;;;31003.0;0.0
18;3200;ASH_COATED_OSMIUM;9988;30;9985;11;;;10004;13;10006;14;;;9996.0;0.0
18;3200;INTARIAN_PEPPER_ROOT;30997;8;;;;;31010;9;;;;;31004.0;0.0
18;3300;ASH_COATED_OSMIUM;9993;12;9990;10;9988;14;10009;12;10012;15;10014;8;10001.5;0.0
18;3300;INTARIAN_PEPPER_ROOT;30999;9;30996;8;;;31010;8;31013;12;;;31005.0;0.0
18;3400;ASH_COATED_OSMIUM;9993;7;9992;27;;;10009;10;10012;13;;;10001.0;0.0
18;3400;INTARIAN_PEPPER_ROOT;30996;15;;;;;31010;10;;;;;31003.0;0.0
18;3500;ASH_COATED_OSMIUM;9987;3;;;;;10003;14;;;;;9995.5;0.0
18;3500;INTARIAN_PEPPER_ROOT;30995;9;30993;8;30992;3;31009;10;31012;9;31014;8;31002.5;0.0
18;3600;ASH_COATED_OSMIUM;9987;14;;;;;10003;14;;;;;9995.5;0.0
18;3600;INTARIAN_PEPPER_ROOT;30994;9;30993;9;30991;12;31010;9;31011;10;31013;10;31002.5;0.0
18;3700;ASH_COATED_OSMIUM;9993;14;9991;13;;;10009;3;10012;13;;;10001.0;0.0
18;3700;INTARIAN_PEPPER_ROOT;30997;9;30994;23;;;31010;12;31013;10;;;31004.0;0.0
18;3800;ASH_COATED_OSMIUM;9987;21;;;;;10005;27;;;;;9996.0;0.0
18;3800;INTARIAN_PEPPER_ROOT;30998;8;30996;8;30993;17;31011;8;31013;12;31016;10;31004.5;0.0
18;3900;ASH_COATED_OSMIUM;9993;11;9990;14;9988;10;10009;10;10010;15;10012;14;10001.0;0.0
18;3900;INTARIAN_PEPPER_ROOT;31004;10;31001;10;30998;12;31010;11;31011;22;31013;8;31007.0;0.0
18;4000;ASH_COATED_OSMIUM;9993;13;9992;13;9989;3;9998;15;10000;10;10002;14;9996.0;0.0
18;4000;INTARIAN_PEPPER_ROOT;30998;8;30997;11;30994;23;31011;10;31012;12;31014;8;31004.5;0.0
18;4100;ASH_COATED_OSMIUM;9987;26;9984;12;9983;13;10003;27;10004;10;10007;15;9995.5;0.0
18;4100;INTARIAN_PEPPER_ROOT;30999;8;30997;12;;;31016;23;31019;11;;;31007.5;0.0
18;4200;ASH_COATED_OSMIUM;9986;11;;;;;10005;22;;;;;9995.5;0.0
18;4200;INTARIAN_PEPPER_ROOT;30997;12;;;;;31011;8;;;;;31004.5;0.0
18;4300;ASH_COATED_OSMIUM;9992;13;;;;;10008;15;;;;;10000.0;0.0
18;4300;INTARIAN_PEPPER_ROOT;30999;9;;;;;31016;11;;;;;31008.0;0.0
18;4400;ASH_COATED_OSMIUM;9987;11;9986;14;;;10003;15;10005;14;;;9995.0;0.0
18;4400;INTARIAN_PEPPER_ROOT;30994;12;30993;12;;;31010;21;31012;21;;;31002.5;0.0
18;4500;ASH_COATED_OSMIUM;9986;27;9983;3;9981;14;10004;11;10006;12;10009;10;9995.0;0.0
18;4500;INTARIAN_PEPPER_ROOT;30999;12;30996;11;30993;8;31011;11;31012;12;31014;9;31005.5;0.0
18;4600;ASH_COATED_OSMIUM;9991;13;;;;;10009;13;;;;;10000.5;0.0
18;4600;INTARIAN_PEPPER_ROOT;30998;25;;;;;31013;11;;;;;31005.5;0.0
18;4700;ASH_COATED_OSMIUM;9993;24;;;;;10009;13;;;;;10001.0;0.0
18;4700;INTARIAN_PEPPER_ROOT;30998;9;30995;8;;;31012;8;31014;10;;;31005.0;0.0
18;4800;ASH_COATED_OSMIUM;9993;14;;;;;10009;10;;;;;10001.5;0.0
18;4800;INTARIAN_PEPPER_ROOT;30996;10;;;;;31012;9;;;;;31004.5;0.0
18;4900;ASH_COATED_OSMIUM;9989;27;;;;;10004;21;;;;;9996.5;0.0
18;4900;INTARIAN_PEPPER_ROOT;30999;5;30996;8;;;31013;9;31016;12;;;31006.0;0.0
18;5000;ASH_COATED_OSMIUM;9993;14;9992;15;;;10009;12;10012;22;;;10001.5;0.0
18;5000;INTARIAN_PEPPER_ROOT;31001;19;31000;16;30997;17;31016;19;31017;9;31019;9;31008.5;0.0
18;5100;ASH_COATED_OSMIUM;9994;13;9991;15;9990;14;10010;12;10013;11;10016;15;10002.0;0.0
18;5100;INTARIAN_PEPPER_ROOT;30996;10;;;;;31011;11;;;;;31004.0;0.0
18;5200;ASH_COATED_OSMIUM;9999;23;9998;28;;;10004;12;10006;13;;;10001.5;0.0
18;5200;INTARIAN_PEPPER_ROOT;30997;18;;;;;31011;10;;;;;31004.5;0.0
18;5300;ASH_COATED_OSMIUM;9994;23;9992;15;;;10010;11;10011;22;;;10002.0;0.0
18;5300;INTARIAN_PEPPER_ROOT;30997;12;30996;7;;;31015;12;31016;8;;;31006.0;0.0
18;5400;ASH_COATED_OSMIUM;9993;14;9990;15;;;10009;10;10011;11;;;10001.5;0.0
18;5400;INTARIAN_PEPPER_ROOT;30998;10;;;;;31010;9;;;;;31004.5;0.0
18;5500;ASH_COATED_OSMIUM;9988;6;9986;9;;;10006;10;10009;14;;;9997.0;0.0
18;5500;INTARIAN_PEPPER_ROOT;31000;11;30998;11;;;31011;9;31014;9;;;31005.5;0.0
18;5600;ASH_COATED_OSMIUM;9990;27;9988;14;;;10003;10;10005;14;;;9997.0;0.0
18;5600;INTARIAN_PEPPER_ROOT;30999;10;30998;10;;;31012;10;31015;22;;;31005.5;0.0
18;5700;ASH_COATED_OSMIUM;9994;2;9992;15;9990;13;10010;11;10012;26;10014;12;10002.0;0.0
18;5700;INTARIAN_PEPPER_ROOT;31000;12;30999;8;;;31011;11;31014;10;;;31005.5;0.0
18;5800;ASH_COATED_OSMIUM;9994;13;9992;13;;;10010;15;10012;11;;;10002.5;0.0
18;5800;INTARIAN_PEPPER_ROOT;31000;12;30998;18;30995;10;31012;24;31013;11;31015;9;31006.0;0.0
18;5900;ASH_COATED_OSMIUM;9992;12;9989;12;;;10011;13;10012;12;;;10001.5;0.0
18;5900;INTARIAN_PEPPER_ROOT;30997;8;;;;;31012;11;;;;;31005.0;0.0
18;6000;ASH_COATED_OSMIUM;9988;5;;;;;10004;13;;;;;9996.5;0.0
18;6000;INTARIAN_PEPPER_ROOT;30999;11;30998;8;30996;12;31012;12;31013;11;31014;12;31005.5;0.0
18;6100;ASH_COATED_OSMIUM;9993;13;;;;;10009;12;;;;;10001.5;0.0
18;6100;INTARIAN_PEPPER_ROOT;31001;17;30999;10;;;31013;9;31015;9;;;31007.5;0.0
18;6200;ASH_COATED_OSMIUM;9994;12;9992;11;9989;13;10010;23;10012;15;10014;28;10002.0;0.0
18;6200;INTARIAN_PEPPER_ROOT;30999;11;;;;;31015;10;;;;;31007.5;0.0
18;6300;ASH_COATED_OSMIUM;9988;14;;;;;10004;28;;;;;9996.5;0.0
18;6300;INTARIAN_PEPPER_ROOT;31001;8;30998;24;;;31014;19;31017;11;;;31008.0;0.0
18;6400;ASH_COATED_OSMIUM;9988;14;;;;;10004;10;;;;;9996.5;0.0
18;6400;INTARIAN_PEPPER_ROOT;31000;9;30998;11;30997;9;31011;11;31014;12;31016;11;31006.0;0.0
18;6500;ASH_COATED_OSMIUM;9987;22;9985;28;;;10005;12;10006;15;;;9996.0;0.0
18;6500;INTARIAN_PEPPER_ROOT;30999;12;;;;;31011;12;;;;;31005.5;0.0
18;6600;ASH_COATED_OSMIUM;9993;10;9990;12;9987;13;10009;14;10011;24;10014;14;10001.0;0.0
18;6600;INTARIAN_PEPPER_ROOT;30999;8;30998;11;;;31012;12;31013;9;;;31006.0;0.0
18;6700;ASH_COATED_OSMIUM;9988;26;9987;13;9986;15;10004;15;10006;10;10009;22;9996.0;0.0
18;6700;INTARIAN_PEPPER_ROOT;30999;12;30998;9;;;31016;9;31018;8;;;31008.0;0.0
18;6800;ASH_COATED_OSMIUM;9992;14;9990;12;9987;30;10008;22;10010;4;10013;24;10000.0;0.0
18;6800;INTARIAN_PEPPER_ROOT;30997;8;30995;17;;;31010;12;31013;15;;;31003.5;0.0
18;6900;ASH_COATED_OSMIUM;9991;11;9989;12;;;10007;15;10010;20;;;9999.5;0.0
18;6900;INTARIAN_PEPPER_ROOT;30998;6;30996;11;;;31013;10;31014;9;;;31005.5;0.0
18;7000;ASH_COATED_OSMIUM;9991;13;9988;11;;;10007;13;10010;12;;;9999.5;0.0
18;7000;INTARIAN_PEPPER_ROOT;31001;12;30999;12;30998;20;31014;8;31017;9;31018;8;31008.0;0.0
18;7100;ASH_COATED_OSMIUM;9990;14;9988;15;;;10008;14;10010;14;;;9999.5;0.0
18;7100;INTARIAN_PEPPER_ROOT;30999;19;30998;11;;;31010;9;31012;12;;;31005.0;0.0
18;7200;ASH_COATED_OSMIUM;9991;22;;;;;10007;11;;;;;9999.5;0.0
18;7200;INTARIAN_PEPPER_ROOT;30999;8;30997;8;30994;10;31012;8;31013;22;31015;12;31006.0;0.0
18;7300;ASH_COATED_OSMIUM;9991;14;9990;29;9988;15;10007;15;10010;14;10011;26;9999.5;0.0
18;7300;INTARIAN_PEPPER_ROOT;31003;15;31001;8;30999;9;31013;9;31016;12;31019;20;31008.5;0.0
18;7400;ASH_COATED_OSMIUM;9986;29;9984;11;9983;15;10002;13;10004;12;10005;11;9994.0;0.0
18;7400;INTARIAN_PEPPER_ROOT;31002;20;30999;8;;;31016;12;31019;9;;;31009.0;0.0
18;7500;ASH_COATED_OSMIUM;9991;11;9989;14;9987;25;10007;12;10008;23;10010;11;9999.0;0.0
18;7500;INTARIAN_PEPPER_ROOT;31000;10;30999;16;;;31012;16;31014;8;;;31006.0;0.0
18;7600;ASH_COATED_OSMIUM;9984;14;;;;;10005;30;;;;;9994.5;0.0
18;7600;INTARIAN_PEPPER_ROOT;31000;10;30999;12;;;31014;10;31017;3;;;31007.5;0.0
18;7700;ASH_COATED_OSMIUM;9992;14;9989;13;9986;10;10008;12;10011;14;10012;12;10000.0;0.0
18;7700;INTARIAN_PEPPER_ROOT;30999;12;;;;;31015;9;;;;;31007.0;0.0
18;7800;ASH_COATED_OSMIUM;9992;13;9990;14;9989;27;10008;26;10011;15;10014;12;10000.0;0.0
18;7800;INTARIAN_PEPPER_ROOT;31003;17;31000;8;;;31015;20;31017;24;;;31009.5;0.0
18;7900;ASH_COATED_OSMIUM;9992;13;9991;3;9989;15;10008;4;10011;28;10014;11;10000.5;0.0
18;7900;INTARIAN_PEPPER_ROOT;31000;25;30998;11;30997;11;31013;10;31016;12;31017;9;31006.5;0.0
18;8000;ASH_COATED_OSMIUM;9987;5;9986;14;;;10003;15;10005;14;;;9995.0;0.0
18;8000;INTARIAN_PEPPER_ROOT;31004;9;;;;;31017;9;;;;;31011.0;0.0
18;8100;ASH_COATED_OSMIUM;9986;2;9983;14;;;10002;10;10004;11;;;9994.0;0.0
18;8100;INTARIAN_PEPPER_ROOT;31002;9;30999;8;;;31015;9;31018;9;;;31008.5;0.0
18;8200;ASH_COATED_OSMIUM;9984;3;;;;;10002;14;;;;;9993.5;0.0
18;8200;INTARIAN_PEPPER_ROOT;31000;8;30998;22;;;31016;10;31017;8;;;31008.5;0.0
18;8300;ASH_COATED_OSMIUM;9990;11;9989;12;9986;5;10006;12;10008;28;10010;10;9998.5;0.0
18;8300;INTARIAN_PEPPER_ROOT;30999;12;;;;;31011;25;;;;;31005.5;0.0
18;8400;ASH_COATED_OSMIUM;9989;15;9987;14;9985;14;10007;14;10008;13;10011;20;9998.5;0.0
18;8400;INTARIAN_PEPPER_ROOT;31003;11;31000;11;30997;19;31015;12;31016;8;31017;17;31009.0;0.0
18;8500;ASH_COATED_OSMIUM;9993;27;9992;4;;;10003;14;10006;11;;;9998.5;0.0
18;8500;INTARIAN_PEPPER_ROOT;31004;10;31001;10;;;31016;9;31019;9;;;31010.0;0.0
18;8600;ASH_COATED_OSMIUM;9990;10;;;;;10008;15;;;;;9999.0;0.0
18;8600;INTARIAN_PEPPER_ROOT;30998;10;;;;;31011;8;;;;;31005.0;0.0
18;8700;ASH_COATED_OSMIUM;9991;15;9989;30;;;10007;27;10010;11;;;9999.5;0.0
18;8700;INTARIAN_PEPPER_ROOT;31003;10;;;;;31014;20;;;;;31008.5;0.0
18;8800;ASH_COATED_OSMIUM;9991;30;9989;11;9988;14;10007;29;10008;26;10010;10;9999.5;0.0
18;8800;INTARIAN_PEPPER_ROOT;31007;8;31006;3;;;31010;8;31012;16;;;31008.5;0.0
18;8900;ASH_COATED_OSMIUM;9985;12;9982;2;;;10004;14;10005;13;;;9994.5;0.0
18;8900;INTARIAN_PEPPER_ROOT;31007;11;;;;;31018;19;;;;;31012.5;0.0
18;9000;ASH_COATED_OSMIUM;9986;14;9984;11;;;10002;10;10004;13;;;9994.5;0.0
18;9000;INTARIAN_PEPPER_ROOT;30998;10;30997;12;;;31014;11;31015;12;;;31006.0;0.0
18;9100;ASH_COATED_OSMIUM;9986;12;9984;10;;;10002;13;10005;12;;;9994.0;0.0
18;9100;INTARIAN_PEPPER_ROOT;31005;10;;;;;31017;10;;;;;31011.0;0.0
18;9200;ASH_COATED_OSMIUM;9986;13;9984;10;9982;12;10002;4;10005;10;10008;23;9994.0;0.0
18;9200;INTARIAN_PEPPER_ROOT;31004;12;;;;;31020;25;;;;;31012.0;0.0
18;9300;ASH_COATED_OSMIUM;9991;13;9989;11;;;10007;25;10010;14;;;9999.0;0.0
18;9300;INTARIAN_PEPPER_ROOT;30999;24;;;;;31017;7;;;;;31008.5;0.0
18;9400;ASH_COATED_OSMIUM;9990;3;9988;10;;;10006;15;10007;13;;;9998.5;0.0
18;9400;INTARIAN_PEPPER_ROOT;31004;12;;;;;31020;25;;;;;31012.5;0.0
18;9500;ASH_COATED_OSMIUM;9984;10;9983;14;;;10003;11;10005;11;;;9993.5;0.0
18;9500;INTARIAN_PEPPER_ROOT;31002;12;;;;;31013;12;;;;;31008.0;0.0
18;9600;ASH_COATED_OSMIUM;9988;10;;;;;9998;10;;;;;9993.0;0.0
18;9600;INTARIAN_PEPPER_ROOT;31005;11;31002;9;30999;9;31017;20;31020;22;31023;11;31011.0;0.0
18;9700;ASH_COATED_OSMIUM;9989;15;;;;;10007;4;;;;;9998.5;0.0
18;9700;INTARIAN_PEPPER_ROOT;31002;12;30999;11;;;31016;8;31018;12;;;31009.0;0.0
18;9800;ASH_COATED_OSMIUM;9989;14;9988;11;;;10007;10;10010;11;;;9998.5;0.0
18;9800;INTARIAN_PEPPER_ROOT;31003;21;31002;11;;;31016;9;31017;12;;;31009.5;0.0
18;9900;ASH_COATED_OSMIUM;9990;10;;;;;10006;12;;;;;9998.5;0.0
18;9900;INTARIAN_PEPPER_ROOT;31003;25;31000;18;30999;16;31014;12;31015;12;31018;5;31008.5;0.0
18;10000;ASH_COATED_OSMIUM;9985;14;;;;;10001;14;;;;;9993.0;0.0
18;10000;INTARIAN_PEPPER_ROOT;30997;12;30996;9;30993;24;31017;23;31020;22;31022;9;31007.5;0.0
18;10100;ASH_COATED_OSMIUM;9984;12;9983;14;9982;13;10000;13;10002;10;10004;15;9992.5;0.0
18;10100;INTARIAN_PEPPER_ROOT;31000;11;30998;11;;;31015;12;31016;8;;;31007.5;0.0
18;10200;ASH_COATED_OSMIUM;9983;10;9980;11;9978;30;10002;15;10003;7;10004;24;9993.0;0.0
18;10200;INTARIAN_PEPPER_ROOT;31008;11;31005;11;;;31021;11;31022;9;;;31014.5;0.0
18;10300;ASH_COATED_OSMIUM;9990;10;9989;15;;;10006;15;10007;12;;;9998.5;0.0
18;10300;INTARIAN_PEPPER_ROOT;31004;11;;;;;31020;11;;;;;31012.5;0.0
18;10400;ASH_COATED_OSMIUM;9988;14;9987;11;9986;14;10006;10;10009;14;10011;23;9997.5;0.0
18;10400;INTARIAN_PEPPER_ROOT;31003;12;31000;25;30999;10;31017;11;31020;9;31021;11;31010.5;0.0
18;10500;ASH_COATED_OSMIUM;9987;11;;;;;10005;12;;;;;9996.5;0.0
18;10500;INTARIAN_PEPPER_ROOT;31005;8;;;;;31019;9;;;;;31012.0;0.0
18;10600;ASH_COATED_OSMIUM;9983;23;9981;11;;;9999;13;10002;13;;;9991.0;0.0
18;10600;INTARIAN_PEPPER_ROOT;31003;11;;;;;31017;19;;;;;31010.5;0.0
18;10700;ASH_COATED_OSMIUM;9989;13;9987;7;9984;14;10005;13;10006;13;10008;13;9997.0;0.0
18;10700;INTARIAN_PEPPER_ROOT;31010;12;31008;9;;;31021;11;31024;9;;;31016.0;0.0
18;10800;ASH_COATED_OSMIUM;9988;22;9987;12;;;10004;12;10007;23;;;9996.5;0.0
18;10800;INTARIAN_PEPPER_ROOT;31006;9;;;;;31017;25;;;;;31011.5;0.0
18;10900;ASH_COATED_OSMIUM;9988;22;9985;10;;;10004;13;10006;29;;;9996.0;0.0
18;10900;INTARIAN_PEPPER_ROOT;31001;11;30999;15;30996;10;31015;9;31018;8;31019;8;31008.5;0.0
18;11000;ASH_COATED_OSMIUM;9987;14;;;;;10005;15;;;;;9996.0;0.0
18;11000;INTARIAN_PEPPER_ROOT;31005;12;;;;;31019;12;;;;;31012.5;0.0
18;11100;ASH_COATED_OSMIUM;9988;11;9985;12;9984;11;10004;28;10005;20;10008;27;9996.0;0.0
18;11100;INTARIAN_PEPPER_ROOT;31002;10;31000;8;;;31016;12;31018;24;;;31009.5;0.0
18;11200;ASH_COATED_OSMIUM;9982;10;9979;27;9976;20;9998;15;9999;12;10000;21;9990.5;0.0
18;11200;INTARIAN_PEPPER_ROOT;31006;8;31005;8;;;31018;10;31020;6;;;31012.5;0.0
18;11300;ASH_COATED_OSMIUM;9987;15;;;;;10003;13;;;;;9995.5;0.0
18;11300;INTARIAN_PEPPER_ROOT;31007;8;31006;12;;;31021;16;31023;9;;;31014.5;0.0
18;11400;ASH_COATED_OSMIUM;9980;14;;;;;9999;14;;;;;9990.0;0.0
18;11400;INTARIAN_PEPPER_ROOT;31009;12;;;;;31012;12;;;;;31010.5;0.0
18;11500;ASH_COATED_OSMIUM;9980;26;;;;;9999;12;;;;;9990.0;0.0
18;11500;INTARIAN_PEPPER_ROOT;31001;9;30998;10;;;31013;12;31015;10;;;31007.5;0.0
18;11600;ASH_COATED_OSMIUM;9987;14;9984;14;9983;15;10003;11;10005;12;10006;11;9995.5;0.0
18;11600;INTARIAN_PEPPER_ROOT;31006;15;;;;;31015;9;;;;;31010.5;0.0
18;11700;ASH_COATED_OSMIUM;9980;20;;;;;10001;13;;;;;9990.5;0.0
18;11700;INTARIAN_PEPPER_ROOT;31007;12;31004;9;;;31019;11;31021;20;;;31013.0;0.0
18;11800;ASH_COATED_OSMIUM;9982;13;9980;15;;;9998;12;9999;29;;;9990.0;0.0
18;11800;INTARIAN_PEPPER_ROOT;31002;12;;;;;31019;8;;;;;31010.5;0.0
18;11900;ASH_COATED_OSMIUM;9987;10;9984;20;;;10003;14;10004;13;;;9995.0;0.0
18;11900;INTARIAN_PEPPER_ROOT;31005;16;31004;8;;;31018;9;31020;8;;;31012.0;0.0
18;12000;ASH_COATED_OSMIUM;9981;12;;;;;9997;15;;;;;9989.5;0.0
18;12000;INTARIAN_PEPPER_ROOT;31004;10;31003;10;;;31017;8;31019;15;;;31010.5;0.0
18;12100;ASH_COATED_OSMIUM;9982;13;9980;15;;;9998;11;9999;10;;;9990.0;0.0
18;12100;INTARIAN_PEPPER_ROOT;31013;9;31012;9;31010;4;31016;11;31019;11;31020;8;31015.0;0.0
18;12200;ASH_COATED_OSMIUM;9981;14;9978;13;9975;14;9997;11;9999;11;10001;14;9989.5;0.0
18;12200;INTARIAN_PEPPER_ROOT;31008;4;31007;9;;;31020;12;31023;9;;;31014.0;0.0
18;12300;ASH_COATED_OSMIUM;9981;13;;;;;9999;15;;;;;9990.0;0.0
18;12300;INTARIAN_PEPPER_ROOT;31011;24;31010;12;;;31022;12;31024;10;;;31016.5;0.0
18;12400;ASH_COATED_OSMIUM;9980;13;9978;11;;;9998;22;10001;23;;;9989.5;0.0
18;12400;INTARIAN_PEPPER_ROOT;31006;8;31005;11;;;31019;10;31021;8;;;31012.5;0.0
18;12500;ASH_COATED_OSMIUM;9985;15;9983;11;9980;23;10004;10;10005;10;10008;11;9995.0;0.0
18;12500;INTARIAN_PEPPER_ROOT;31001;11;;;;;31017;12;;;;;31009.5;0.0
18;12600;ASH_COATED_OSMIUM;9990;12;;;;;10001;10;;;;;9995.5;0.0
18;12600;INTARIAN_PEPPER_ROOT;31006;12;31003;21;31002;21;31019;12;31020;11;31023;16;31013.0;0.0
18;12700;ASH_COATED_OSMIUM;9986;20;9983;15;9982;10;10004;14;10005;26;10007;11;9995.5;0.0
18;12700;INTARIAN_PEPPER_ROOT;31002;18;;;;;31020;11;;;;;31011.5;0.0
18;12800;ASH_COATED_OSMIUM;9981;10;9979;15;;;9999;14;10001;12;;;9990.5;0.0
18;12800;INTARIAN_PEPPER_ROOT;31012;10;;;;;31026;9;;;;;31019.0;0.0
18;12900;ASH_COATED_OSMIUM;9982;14;9979;28;;;9998;15;10001;13;;;9990.0;0.0
18;12900;INTARIAN_PEPPER_ROOT;31006;12;31005;19;31004;8;31017;11;31019;10;31022;9;31011.5;0.0
18;13000;ASH_COATED_OSMIUM;9982;12;;;;;9998;10;;;;;9990.5;0.0
18;13000;INTARIAN_PEPPER_ROOT;31006;8;31003;10;;;31021;22;31024;9;;;31013.5;0.0
18;13100;ASH_COATED_OSMIUM;9982;13;;;;;9998;10;;;;;9990.5;0.0
18;13100;INTARIAN_PEPPER_ROOT;31006;11;31003;15;;;31018;9;31020;11;;;31012.0;0.0
18;13200;ASH_COATED_OSMIUM;9986;27;9984;10;;;10005;10;10006;11;;;9995.5;0.0
18;13200;INTARIAN_PEPPER_ROOT;31009;12;31007;9;31005;9;31023;9;31025;12;31026;10;31016.5;0.0
18;13300;ASH_COATED_OSMIUM;9989;15;9986;14;;;10002;28;10004;12;;;9996.0;0.0
18;13300;INTARIAN_PEPPER_ROOT;31002;11;31000;11;;;31019;8;31020;12;;;31010.5;0.0
18;13400;ASH_COATED_OSMIUM;9988;11;9985;15;;;10004;10;10007;2;;;9996.0;0.0
18;13400;INTARIAN_PEPPER_ROOT;31004;8;31001;9;31000;8;31018;25;31021;22;31022;9;31011.0;0.0
18;13500;ASH_COATED_OSMIUM;9982;10;9980;30;9977;11;9998;11;9999;14;10001;15;9990.5;0.0
18;13500;INTARIAN_PEPPER_ROOT;31005;9;31003;24;;;31020;17;31021;12;;;31013.0;0.0
18;13600;ASH_COATED_OSMIUM;9983;15;9980;10;;;9999;15;10000;13;;;9991.0;0.0
18;13600;INTARIAN_PEPPER_ROOT;31007;12;31006;10;;;31019;11;31020;17;;;31013.0;0.0
18;13700;ASH_COATED_OSMIUM;9983;15;;;;;9999;14;;;;;9991.0;0.0
18;13700;INTARIAN_PEPPER_ROOT;31005;10;;;;;31020;11;;;;;31012.5;0.0
18;13800;ASH_COATED_OSMIUM;9982;14;9979;14;9976;12;9998;14;9999;15;10000;15;9990.5;0.0
18;13800;INTARIAN_PEPPER_ROOT;31006;5;;;;;31023;10;;;;;31014.5;0.0
18;13900;ASH_COATED_OSMIUM;9982;10;9981;13;9980;15;9998;11;10000;14;10001;12;9990.5;0.0
18;13900;INTARIAN_PEPPER_ROOT;31008;8;;;;;31021;12;;;;;31015.0;0.0
18;14000;ASH_COATED_OSMIUM;9986;30;9983;12;9982;12;10005;11;10006;11;10008;11;9996.0;0.0
18;14000;INTARIAN_PEPPER_ROOT;31002;8;30999;8;30996;11;31019;9;31021;9;31024;10;31010.5;0.0
18;14100;ASH_COATED_OSMIUM;9987;22;9984;10;9983;12;10005;11;10007;15;10008;14;9996.5;0.0
18;14100;INTARIAN_PEPPER_ROOT;31009;11;;;;;31021;12;;;;;31015.0;0.0
18;14200;ASH_COATED_OSMIUM;9988;13;9987;14;9985;24;10004;14;10006;4;10008;22;9996.5;0.0
18;14200;INTARIAN_PEPPER_ROOT;31008;8;;;;;31022;10;;;;;31015.0;0.0
18;14300;ASH_COATED_OSMIUM;9988;10;9985;4;9983;13;10004;12;10005;12;10008;20;9996.5;0.0
18;14300;INTARIAN_PEPPER_ROOT;31007;12;;;;;31023;24;;;;;31015.0;0.0
18;14400;ASH_COATED_OSMIUM;9982;10;;;;;10000;10;;;;;9991.5;0.0
18;14400;INTARIAN_PEPPER_ROOT;31006;11;31005;8;31003;11;31022;9;31024;10;31025;8;31014.5;0.0
18;14500;ASH_COATED_OSMIUM;9988;14;;;;;10004;24;;;;;9996.5;0.0
18;14500;INTARIAN_PEPPER_ROOT;31009;10;;;;;31020;12;;;;;31015.0;0.0
18;14600;ASH_COATED_OSMIUM;9989;14;9988;10;;;10005;14;10006;11;;;9997.0;0.0
18;14600;INTARIAN_PEPPER_ROOT;31017;10;31016;8;;;31020;8;31023;8;;;31019.0;0.0
18;14700;ASH_COATED_OSMIUM;9989;12;9987;12;9986;27;10005;10;10008;14;10010;13;9997.5;0.0
18;14700;INTARIAN_PEPPER_ROOT;31008;11;31007;25;31004;9;31023;10;31026;9;31028;11;31016.0;0.0
18;14800;ASH_COATED_OSMIUM;9988;12;9986;30;;;10006;15;10007;13;;;9997.5;0.0
18;14800;INTARIAN_PEPPER_ROOT;31007;8;31006;12;31004;10;31021;8;31022;24;31025;12;31014.5;0.0
18;14900;ASH_COATED_OSMIUM;9989;12;9986;11;9985;12;10005;10;10006;10;10007;14;9997.5;0.0
18;14900;INTARIAN_PEPPER_ROOT;31009;10;31008;9;;;31022;9;31023;10;;;31015.5;0.0
18;15000;ASH_COATED_OSMIUM;9994;11;9992;11;;;10000;15;10001;12;;;9997.5;0.0
18;15000;INTARIAN_PEPPER_ROOT;31010;8;31009;12;31006;12;31022;10;31024;12;31026;8;31016.0;0.0
18;15100;ASH_COATED_OSMIUM;9984;12;9981;10;9978;22;10000;24;10003;15;10004;14;9992.0;0.0
18;15100;INTARIAN_PEPPER_ROOT;31009;8;31008;12;;;31022;10;31025;10;;;31015.5;0.0
18;15200;ASH_COATED_OSMIUM;9989;15;9987;11;9984;2;10005;15;10006;12;10007;11;9997.0;0.0
18;15200;INTARIAN_PEPPER_ROOT;31005;11;;;;;31022;12;;;;;31013.5;0.0
18;15300;ASH_COATED_OSMIUM;9983;12;9982;11;;;9999;10;10000;20;;;9991.5;0.0
18;15300;INTARIAN_PEPPER_ROOT;31008;11;31007;12;;;31021;10;31024;24;;;31014.5;0.0
18;15400;ASH_COATED_OSMIUM;9989;28;9988;13;;;10005;15;10007;15;;;9997.0;0.0
18;15400;INTARIAN_PEPPER_ROOT;31001;9;31000;12;;;31016;12;31018;10;;;31009.0;0.0
18;15500;ASH_COATED_OSMIUM;9989;4;;;;;10005;11;;;;;9997.0;0.0
18;15500;INTARIAN_PEPPER_ROOT;31010;18;31008;25;;;31024;10;31026;10;;;31017.0;0.0
18;15600;ASH_COATED_OSMIUM;9981;11;;;;;10002;12;;;;;9992.0;0.0
18;15600;INTARIAN_PEPPER_ROOT;31006;10;31005;16;;;31023;11;31025;11;;;31014.5;0.0
18;15700;ASH_COATED_OSMIUM;9982;15;9981;15;;;10001;14;10002;11;;;9991.5;0.0
18;15700;INTARIAN_PEPPER_ROOT;31009;12;31007;10;;;31025;11;31027;11;;;31017.0;0.0
18;15800;ASH_COATED_OSMIUM;9989;14;;;;;10005;15;;;;;9997.5;0.0
18;15800;INTARIAN_PEPPER_ROOT;31010;10;31007;16;31004;11;31023;12;31026;12;31028;9;31016.5;0.0
18;15900;ASH_COATED_OSMIUM;9990;10;9988;14;;;10006;15;10007;15;;;9998.0;0.0
18;15900;INTARIAN_PEPPER_ROOT;31009;12;;;;;31022;19;;;;;31016.0;0.0
18;16000;ASH_COATED_OSMIUM;9983;15;;;;;10002;13;;;;;9993.0;0.0
18;16000;INTARIAN_PEPPER_ROOT;31009;4;31007;8;;;31021;8;31024;9;;;31015.0;0.0
18;16100;ASH_COATED_OSMIUM;9985;11;9984;14;;;10001;10;10004;12;;;9993.0;0.0
18;16100;INTARIAN_PEPPER_ROOT;31010;11;;;;;31024;12;;;;;31017.5;0.0
18;16200;ASH_COATED_OSMIUM;9988;20;;;;;10007;11;;;;;9998.0;0.0
18;16200;INTARIAN_PEPPER_ROOT;31006;10;31003;9;;;31019;12;31020;9;;;31013.0;0.0
18;16300;ASH_COATED_OSMIUM;9984;13;9983;12;9981;12;10002;14;10005;10;10006;10;9993.5;0.0
18;16300;INTARIAN_PEPPER_ROOT;31010;9;;;;;31021;9;;;;;31016.0;0.0
18;16400;ASH_COATED_OSMIUM;9994;11;;;;;10004;13;;;;;9999.0;0.0
18;16400;INTARIAN_PEPPER_ROOT;31008;10;31005;12;;;31025;11;31026;10;;;31016.5;0.0
18;16500;ASH_COATED_OSMIUM;9985;27;9984;13;9983;11;10001;10;10003;14;10006;12;9993.0;0.0
18;16500;INTARIAN_PEPPER_ROOT;31012;11;;;;;31024;8;;;;;31018.5;0.0
18;16600;ASH_COATED_OSMIUM;9990;12;9989;14;;;10006;11;10007;13;;;9998.5;0.0
18;16600;INTARIAN_PEPPER_ROOT;31009;24;31008;12;31005;10;31021;10;31023;8;31024;8;31015.0;0.0
18;16700;ASH_COATED_OSMIUM;9985;11;;;;;10001;14;;;;;9993.5;0.0
18;16700;INTARIAN_PEPPER_ROOT;31011;8;31010;8;;;31023;9;31025;9;;;31017.0;0.0
18;16800;ASH_COATED_OSMIUM;9984;21;9981;14;;;10002;25;10004;11;;;9993.5;0.0
18;16800;INTARIAN_PEPPER_ROOT;31010;11;;;;;31023;15;;;;;31016.5;0.0
18;16900;ASH_COATED_OSMIUM;9989;15;9987;10;9986;22;10008;12;10011;12;10012;10;9998.5;0.0
18;16900;INTARIAN_PEPPER_ROOT;31010;18;31007;8;31006;9;31024;10;31025;21;31028;18;31017.5;0.0
18;17000;ASH_COATED_OSMIUM;9983;11;9980;12;9978;10;10002;25;10005;14;10007;21;9993.0;0.0
18;17000;INTARIAN_PEPPER_ROOT;31010;12;;;;;31022;10;;;;;31016.0;0.0
18;17100;ASH_COATED_OSMIUM;9990;15;9987;15;;;10006;15;10007;13;;;9998.5;0.0
18;17100;INTARIAN_PEPPER_ROOT;31005;8;31002;11;;;31020;11;31023;9;;;31012.5;0.0
18;17200;ASH_COATED_OSMIUM;9989;13;9987;13;;;10007;29;10010;11;;;9998.5;0.0
18;17200;INTARIAN_PEPPER_ROOT;31012;10;31010;11;;;31024;8;31025;10;;;31018.0;0.0
18;17300;ASH_COATED_OSMIUM;9985;3;9984;11;9982;23;10001;11;10003;11;10006;15;9993.0;0.0
18;17300;INTARIAN_PEPPER_ROOT;31012;20;31011;11;;;31024;10;31027;9;;;31018.0;0.0
18;17400;ASH_COATED_OSMIUM;9985;13;9984;23;;;10001;10;10003;11;;;9993.0;0.0
18;17400;INTARIAN_PEPPER_ROOT;31013;10;31010;10;31007;9;31027;9;31030;9;31031;10;31020.5;0.0
18;17500;ASH_COATED_OSMIUM;9989;12;9986;11;;;10007;14;10009;12;;;9998.5;0.0
18;17500;INTARIAN_PEPPER_ROOT;31013;8;31010;8;;;31025;23;31028;11;;;31019.0;0.0
18;17600;ASH_COATED_OSMIUM;9985;12;;;;;10001;13;;;;;9993.5;0.0
18;17600;INTARIAN_PEPPER_ROOT;31011;10;31010;10;31008;8;31023;12;31026;8;31028;12;31017.5;0.0
18;17700;ASH_COATED_OSMIUM;9986;10;;;;;10002;20;;;;;9994.0;0.0
18;17700;INTARIAN_PEPPER_ROOT;31007;11;;;;;31021;8;;;;;31014.0;0.0
18;17800;ASH_COATED_OSMIUM;9989;14;9988;14;;;9999;14;10002;21;;;9994.0;0.0
18;17800;INTARIAN_PEPPER_ROOT;31008;10;31006;8;31004;8;31020;11;31022;10;31025;8;31014.5;0.0
18;17900;ASH_COATED_OSMIUM;9988;29;;;;;9999;15;;;;;9994.0;0.0
18;17900;INTARIAN_PEPPER_ROOT;31015;11;;;;;31027;16;;;;;31021.5;0.0
18;18000;ASH_COATED_OSMIUM;9986;15;9985;10;;;10002;15;10004;28;;;9994.0;0.0
18;18000;INTARIAN_PEPPER_ROOT;31015;21;31013;11;;;31027;21;31028;9;;;31021.5;0.0
18;18100;ASH_COATED_OSMIUM;9984;12;9981;14;;;10005;28;10008;28;;;9994.5;0.0
18;18100;INTARIAN_PEPPER_ROOT;31012;8;31011;9;;;31024;11;31027;12;;;31018.5;0.0
18;18200;ASH_COATED_OSMIUM;9991;11;9988;14;;;10007;26;10009;13;;;9999.5;0.0
18;18200;INTARIAN_PEPPER_ROOT;31012;12;;;;;31026;12;;;;;31019.5;0.0
18;18300;ASH_COATED_OSMIUM;9992;15;9989;12;9988;10;10008;13;10011;21;10012;12;10000.0;0.0
18;18300;INTARIAN_PEPPER_ROOT;31009;9;31006;12;31005;12;31023;11;31026;10;31027;11;31016.0;0.0
18;18400;ASH_COATED_OSMIUM;9991;26;9988;13;9986;27;10007;24;10010;12;10012;10;9999.5;0.0
18;18400;INTARIAN_PEPPER_ROOT;31011;8;31009;8;31006;8;31024;11;31027;21;31028;12;31017.5;0.0
18;18500;ASH_COATED_OSMIUM;9986;14;9983;10;;;10002;13;10003;12;;;9994.0;0.0
18;18500;INTARIAN_PEPPER_ROOT;31016;10;31015;8;31013;11;31024;10;31025;9;31026;11;31020.5;0.0
18;18600;ASH_COATED_OSMIUM;9989;30;;;;;10008;11;;;;;9999.0;0.0
18;18600;INTARIAN_PEPPER_ROOT;31012;11;31011;10;31010;10;31027;8;31030;10;31032;12;31019.5;0.0
18;18700;ASH_COATED_OSMIUM;9990;20;9988;4;9985;11;10008;14;10011;23;10012;25;9999.0;0.0
18;18700;INTARIAN_PEPPER_ROOT;31013;21;31010;19;31008;10;31029;8;31032;12;31035;9;31021.5;0.0
18;18800;ASH_COATED_OSMIUM;9985;12;;;;;10001;22;;;;;9993.5;0.0
18;18800;INTARIAN_PEPPER_ROOT;31008;9;;;;;31022;23;;;;;31015.5;0.0
18;18900;ASH_COATED_OSMIUM;9985;15;9984;12;;;10001;14;10003;14;;;9993.5;0.0
18;18900;INTARIAN_PEPPER_ROOT;31014;10;31012;11;;;31026;12;31028;9;;;31020.0;0.0
18;19000;ASH_COATED_OSMIUM;9988;12;9987;15;;;10007;28;10008;13;;;9998.0;0.0
18;19000;INTARIAN_PEPPER_ROOT;31012;12;31009;8;31006;11;31027;10;31029;8;31030;11;31019.5;0.0
18;19100;ASH_COATED_OSMIUM;9989;11;9987;10;9986;10;10007;25;10010;15;10011;30;9998.0;0.0
18;19100;INTARIAN_PEPPER_ROOT;31011;17;31010;11;31007;8;31027;12;31029;10;31030;9;31019.5;0.0
18;19200;ASH_COATED_OSMIUM;9984;10;9983;12;;;10002;11;10003;14;;;9993.0;0.0
18;19200;INTARIAN_PEPPER_ROOT;31014;12;;;;;31027;8;;;;;31020.5;0.0
18;19300;ASH_COATED_OSMIUM;9988;11;9985;11;9983;12;10009;14;10012;29;10015;14;9999.0;0.0
18;19300;INTARIAN_PEPPER_ROOT;31012;10;31009;9;;;31025;12;31027;12;;;31018.5;0.0
18;19400;ASH_COATED_OSMIUM;9983;24;9982;13;;;10002;11;10003;15;;;9993.0;0.0
18;19400;INTARIAN_PEPPER_ROOT;31011;12;;;;;31024;9;;;;;31018.0;0.0
18;19500;ASH_COATED_OSMIUM;9990;13;9989;10;9987;14;10006;11;10008;14;10009;14;9998.5;0.0
18;19500;INTARIAN_PEPPER_ROOT;31015;8;31014;11;31012;10;31028;12;31029;6;31031;25;31022.0;0.0
18;19600;ASH_COATED_OSMIUM;9986;10;9985;15;;;10002;15;10005;10;;;9994.0;0.0
18;19600;INTARIAN_PEPPER_ROOT;31015;12;31013;10;;;31030;10;31033;12;;;31022.5;0.0
18;19700;ASH_COATED_OSMIUM;9990;13;9987;13;9984;12;10008;5;10009;14;10011;29;9999.5;0.0
18;19700;INTARIAN_PEPPER_ROOT;31012;12;31011;10;;;31025;11;31027;12;;;31018.5;0.0
18;19800;ASH_COATED_OSMIUM;9994;15;;;;;10004;12;;;;;9999.5;0.0
18;19800;INTARIAN_PEPPER_ROOT;31017;12;31014;11;;;31029;8;31031;9;;;31023.0;0.0
18;19900;ASH_COATED_OSMIUM;9985;13;9982;25;;;10001;10;10003;15;;;9993.5;0.0
18;19900;INTARIAN_PEPPER_ROOT;31011;11;31009;10;;;31028;12;31030;12;;;31019.5;0.0
18;20000;ASH_COATED_OSMIUM;9991;13;9990;11;;;10007;15;10009;26;;;9999.0;0.0
18;20000;INTARIAN_PEPPER_ROOT;31013;11;31012;12;;;31024;8;31025;9;;;31019.0;0.0
18;20100;ASH_COATED_OSMIUM;9991;12;;;;;10007;14;;;;;9999.0;0.0
18;20100;INTARIAN_PEPPER_ROOT;31012;9;;;;;31025;10;;;;;31019.0;0.0
18;20200;ASH_COATED_OSMIUM;9990;21;;;;;9996;11;;;;;9993.5;0.0
18;20200;INTARIAN_PEPPER_ROOT;31016;11;;;;;31029;24;;;;;31022.5;0.0
18;20300;ASH_COATED_OSMIUM;9985;26;9982;22;9979;12;10001;12;10002;13;10004;15;9993.0;0.0
18;20300;INTARIAN_PEPPER_ROOT;31012;12;31010;11;31007;10;31027;12;31030;12;31031;10;31019.5;0.0
18;20400;ASH_COATED_OSMIUM;9988;22;9985;14;;;10009;30;10010;13;;;9998.5;0.0
18;20400;INTARIAN_PEPPER_ROOT;31009;12;31007;20;;;31023;8;31025;6;;;31016.5;0.0
18;20500;ASH_COATED_OSMIUM;9990;11;9988;12;;;10006;14;10009;12;;;9998.5;0.0
18;20500;INTARIAN_PEPPER_ROOT;31010;12;31008;11;31006;9;31023;8;31024;10;31026;12;31016.5;0.0
18;20600;ASH_COATED_OSMIUM;9984;13;9981;11;9979;11;10003;26;10006;11;10007;28;9993.5;0.0
18;20600;INTARIAN_PEPPER_ROOT;31011;9;31009;8;;;31028;25;31029;8;;;31019.5;0.0
18;20700;ASH_COATED_OSMIUM;9985;24;9983;12;9982;11;10001;10;10003;12;10006;10;9993.5;0.0
18;20700;INTARIAN_PEPPER_ROOT;31016;9;31013;11;;;31028;11;31031;10;;;31022.5;0.0
18;20800;ASH_COATED_OSMIUM;9985;12;;;;;10003;15;;;;;9994.5;0.0
18;20800;INTARIAN_PEPPER_ROOT;31018;8;31017;9;;;31029;9;31031;11;;;31023.5;0.0
18;20900;ASH_COATED_OSMIUM;9986;12;9984;11;;;10002;10;10004;11;;;9994.0;0.0
18;20900;INTARIAN_PEPPER_ROOT;31012;12;31011;10;;;31029;9;31032;21;;;31021.0;0.0
18;21000;ASH_COATED_OSMIUM;9984;13;9983;10;;;10003;13;10005;10;;;9993.5;0.0
18;21000;INTARIAN_PEPPER_ROOT;31014;8;31012;12;31011;11;31028;10;31029;9;31032;23;31021.5;0.0
18;21100;ASH_COATED_OSMIUM;9985;12;9984;15;;;10001;10;10002;10;;;9993.5;0.0
18;21100;INTARIAN_PEPPER_ROOT;31018;11;31016;9;;;31026;11;31027;8;;;31022.5;0.0
18;21200;ASH_COATED_OSMIUM;9989;14;;;;;9996;27;;;;;9993.0;0.0
18;21200;INTARIAN_PEPPER_ROOT;31014;10;31013;11;31011;12;31026;11;31029;16;31032;9;31020.5;0.0
18;21300;ASH_COATED_OSMIUM;9984;14;9982;11;;;10000;11;10001;30;;;9992.0;0.0
18;21300;INTARIAN_PEPPER_ROOT;31013;12;31011;10;31009;11;31030;8;31033;22;31036;21;31021.5;0.0
18;21400;ASH_COATED_OSMIUM;9989;14;;;;;10005;14;;;;;9997.5;0.0
18;21400;INTARIAN_PEPPER_ROOT;31014;12;;;;;31027;7;;;;;31021.0;0.0
18;21500;ASH_COATED_OSMIUM;9987;12;9986;12;;;9997;11;9999;10;;;9992.0;0.0
18;21500;INTARIAN_PEPPER_ROOT;31017;25;31015;23;31014;9;31030;12;31032;12;31034;16;31023.5;0.0
18;21600;ASH_COATED_OSMIUM;9982;14;9979;30;;;10003;15;10005;12;;;9992.5;0.0
18;21600;INTARIAN_PEPPER_ROOT;31011;9;;;;;31024;8;;;;;31017.5;0.0
18;21700;ASH_COATED_OSMIUM;9989;10;9987;10;9986;14;10005;12;10006;11;10009;26;9997.0;0.0
18;21700;INTARIAN_PEPPER_ROOT;31018;9;31015;9;31014;10;31030;12;31032;10;31034;12;31024.0;0.0
18;21800;ASH_COATED_OSMIUM;9983;15;9981;12;;;10001;14;10003;15;;;9992.5;0.0
18;21800;INTARIAN_PEPPER_ROOT;31018;12;;;;;31029;11;;;;;31023.5;0.0
18;21900;ASH_COATED_OSMIUM;9989;14;9988;10;;;10005;12;10006;11;;;9997.0;0.0
18;21900;INTARIAN_PEPPER_ROOT;31019;8;31016;12;;;31026;11;31028;10;;;31022.5;0.0
18;22000;ASH_COATED_OSMIUM;9989;13;9987;14;;;10005;11;10008;12;;;9997.5;0.0
18;22000;INTARIAN_PEPPER_ROOT;31012;9;;;;;31026;6;;;;;31019.5;0.0
18;22100;ASH_COATED_OSMIUM;9984;14;9983;10;9980;13;10000;14;10001;10;10002;14;9992.0;0.0
18;22100;INTARIAN_PEPPER_ROOT;31020;12;31019;12;31018;12;31032;5;31035;11;31036;21;31026.0;0.0
18;22200;ASH_COATED_OSMIUM;9989;15;;;;;10005;10;;;;;9997.0;0.0
18;22200;INTARIAN_PEPPER_ROOT;31015;12;31013;12;;;31029;15;31032;11;;;31022.5;0.0
18;22300;ASH_COATED_OSMIUM;9984;13;9982;13;;;10000;5;10001;10;;;9992.0;0.0
18;22300;INTARIAN_PEPPER_ROOT;31018;8;31016;8;;;31028;11;31031;10;;;31023.5;0.0
18;22400;ASH_COATED_OSMIUM;9988;12;9985;12;;;10004;12;10007;11;;;9996.5;0.0
18;22400;INTARIAN_PEPPER_ROOT;31018;11;31017;6;;;31030;9;31032;8;;;31024.0;0.0
18;22500;ASH_COATED_OSMIUM;9988;14;;;;;10004;12;;;;;9996.5;0.0
18;22500;INTARIAN_PEPPER_ROOT;31018;10;31017;11;31014;10;31031;8;31034;8;31035;12;31024.5;0.0
18;22600;ASH_COATED_OSMIUM;9983;26;9982;12;;;9999;11;10002;11;;;9991.5;0.0
18;22600;INTARIAN_PEPPER_ROOT;31016;10;;;;;31030;8;;;;;31023.5;0.0
18;22700;ASH_COATED_OSMIUM;9982;13;;;;;10001;12;;;;;9991.5;0.0
18;22700;INTARIAN_PEPPER_ROOT;31017;10;31015;10;;;31031;12;31034;9;;;31024.0;0.0
18;22800;ASH_COATED_OSMIUM;9989;3;9987;13;9984;20;10005;10;10008;24;10011;24;9997.5;0.0
18;22800;INTARIAN_PEPPER_ROOT;31019;10;31018;12;;;31031;8;31034;12;;;31025.0;0.0
18;22900;ASH_COATED_OSMIUM;9984;10;;;;;10000;10;;;;;9992.0;0.0
18;22900;INTARIAN_PEPPER_ROOT;31013;12;31012;8;;;31029;10;31032;10;;;31021.0;0.0
18;23000;ASH_COATED_OSMIUM;9983;13;9980;13;;;10002;14;10003;10;;;9992.5;0.0
18;23000;INTARIAN_PEPPER_ROOT;31025;11;31022;5;;;31037;9;31039;9;;;31031.5;0.0
18;23100;ASH_COATED_OSMIUM;9984;13;9982;13;;;10000;14;10001;12;;;9992.0;0.0
18;23100;INTARIAN_PEPPER_ROOT;31016;8;;;;;31028;9;;;;;31022.0;0.0
18;23200;ASH_COATED_OSMIUM;9984;11;9982;27;;;10000;28;10003;10;;;9992.0;0.0
18;23200;INTARIAN_PEPPER_ROOT;31018;10;;;;;31032;11;;;;;31025.5;0.0
18;23300;ASH_COATED_OSMIUM;9989;5;9986;23;;;10007;10;10008;15;;;9998.0;0.0
18;23300;INTARIAN_PEPPER_ROOT;31012;9;31010;12;;;31029;12;31030;24;;;31021.0;0.0
18;23400;ASH_COATED_OSMIUM;9983;10;9981;14;;;10002;11;10005;11;;;9992.5;0.0
18;23400;INTARIAN_PEPPER_ROOT;31015;9;;;;;31026;23;;;;;31021.0;0.0
18;23500;ASH_COATED_OSMIUM;9984;14;9983;22;;;10000;28;10002;12;;;9992.0;0.0
18;23500;INTARIAN_PEPPER_ROOT;31019;11;31017;9;;;31031;12;31033;11;;;31025.5;0.0
18;23600;ASH_COATED_OSMIUM;9989;21;9988;22;;;10005;25;10006;15;;;9997.0;0.0
18;23600;INTARIAN_PEPPER_ROOT;31017;10;31014;9;31013;8;31032;12;31034;8;31035;9;31025.0;0.0
18;23700;ASH_COATED_OSMIUM;9984;12;9981;14;9979;26;10000;13;10002;29;10003;10;9992.0;0.0
18;23700;INTARIAN_PEPPER_ROOT;31018;9;;;;;31033;25;;;;;31025.5;0.0
18;23800;ASH_COATED_OSMIUM;9988;14;9986;12;9983;13;10006;14;10009;10;10012;10;9997.5;0.0
18;23800;INTARIAN_PEPPER_ROOT;31017;10;;;;;31029;9;;;;;31023.5;0.0
18;23900;ASH_COATED_OSMIUM;9988;13;;;;;10006;12;;;;;9997.0;0.0
18;23900;INTARIAN_PEPPER_ROOT;31016;20;31013;11;;;31028;9;31029;24;;;31022.0;0.0
18;24000;ASH_COATED_OSMIUM;9988;15;9987;12;;;9994;20;9996;12;;;9991.5;0.0
18;24000;INTARIAN_PEPPER_ROOT;31016;10;31014;12;31011;8;31033;7;31035;12;31038;23;31025.0;0.0
18;24100;ASH_COATED_OSMIUM;9983;10;9981;14;9979;12;9999;10;10000;10;10003;10;9991.5;0.0
18;24100;INTARIAN_PEPPER_ROOT;31019;22;31018;11;31015;4;31033;21;31036;12;31039;8;31026.5;0.0
18;24200;ASH_COATED_OSMIUM;9981;15;9980;11;;;10000;11;10002;14;;;9991.0;0.0
18;24200;INTARIAN_PEPPER_ROOT;31015;25;31013;8;;;31027;17;31028;21;;;31021.5;0.0
18;24300;ASH_COATED_OSMIUM;9988;13;9987;14;9984;14;10004;14;10006;15;10007;11;9996.0;0.0
18;24300;INTARIAN_PEPPER_ROOT;31018;10;31016;11;;;31030;10;31033;12;;;31024.5;0.0
18;24400;ASH_COATED_OSMIUM;9988;15;9985;14;;;10004;12;10005;11;;;9996.5;0.0
18;24400;INTARIAN_PEPPER_ROOT;31018;9;;;;;31031;19;;;;;31024.5;0.0
18;24500;ASH_COATED_OSMIUM;9984;10;9981;15;;;10000;14;10003;28;;;9992.0;0.0
18;24500;INTARIAN_PEPPER_ROOT;31018;15;31016;12;;;31031;10;31034;11;;;31025.0;0.0
18;24600;ASH_COATED_OSMIUM;9983;27;9982;14;;;10001;13;10002;15;;;9992.0;0.0
18;24600;INTARIAN_PEPPER_ROOT;31019;11;;;;;31037;21;;;;;31028.5;0.0
18;24700;ASH_COATED_OSMIUM;9989;13;;;;;10005;6;;;;;9997.0;0.0
18;24700;INTARIAN_PEPPER_ROOT;31022;9;31019;11;;;31034;11;31035;10;;;31028.0;0.0
18;24800;ASH_COATED_OSMIUM;9988;29;9985;11;;;10006;22;10009;14;;;9997.0;0.0
18;24800;INTARIAN_PEPPER_ROOT;31017;8;31016;15;;;31031;12;31033;9;;;31024.0;0.0
18;24900;ASH_COATED_OSMIUM;9981;11;9980;10;9978;12;10000;12;10002;15;10003;10;9991.0;0.0
18;24900;INTARIAN_PEPPER_ROOT;31019;8;31017;9;31016;12;31032;9;31033;25;31034;16;31025.5;0.0
18;25000;ASH_COATED_OSMIUM;9983;5;9982;10;;;9999;13;10002;13;;;9991.0;0.0
18;25000;INTARIAN_PEPPER_ROOT;31019;11;31017;8;;;31033;18;31036;5;;;31026.5;0.0
18;25100;ASH_COATED_OSMIUM;9982;13;9980;14;;;10000;14;10003;12;;;9991.0;0.0
18;25100;INTARIAN_PEPPER_ROOT;31021;25;;;;;31033;9;;;;;31027.5;0.0
18;25200;ASH_COATED_OSMIUM;9988;14;9985;2;9982;10;10004;12;10007;10;10008;12;9996.0;0.0
18;25200;INTARIAN_PEPPER_ROOT;31021;9;31019;11;31016;8;31032;8;31033;19;31034;12;31026.5;0.0
18;25300;ASH_COATED_OSMIUM;9983;15;9981;10;9980;11;9999;15;10001;12;10003;8;9991.0;0.0
18;25300;INTARIAN_PEPPER_ROOT;31016;8;31015;8;;;31029;11;31031;17;;;31022.5;0.0
18;25400;ASH_COATED_OSMIUM;9982;22;;;;;9998;12;;;;;9990.5;0.0
18;25400;INTARIAN_PEPPER_ROOT;31019;10;31018;8;;;31033;9;31034;9;;;31026.5;0.0
18;25500;ASH_COATED_OSMIUM;9983;21;;;;;9999;4;;;;;9991.0;0.0
18;25500;INTARIAN_PEPPER_ROOT;31024;25;31023;16;31022;12;31036;9;31037;8;31038;12;31030.0;0.0
18;25600;ASH_COATED_OSMIUM;9983;13;9982;12;;;9999;10;10002;10;;;9991.0;0.0
18;25600;INTARIAN_PEPPER_ROOT;31019;8;31017;12;31016;9;31031;11;31033;8;31035;12;31025.5;0.0
18;25700;ASH_COATED_OSMIUM;9987;15;;;;;10006;27;;;;;9997.0;0.0
18;25700;INTARIAN_PEPPER_ROOT;31018;10;;;;;31035;9;;;;;31026.5;0.0
18;25800;ASH_COATED_OSMIUM;9987;14;;;;;10006;14;;;;;9997.0;0.0
18;25800;INTARIAN_PEPPER_ROOT;31017;12;31016;11;31015;9;31030;9;31031;11;31032;8;31023.5;0.0
18;25900;ASH_COATED_OSMIUM;9983;11;9980;12;;;9999;15;10002;11;;;9991.5;0.0
18;25900;INTARIAN_PEPPER_ROOT;31024;11;31022;11;;;31036;8;31039;7;;;31030.5;0.0
18;26000;ASH_COATED_OSMIUM;9989;12;9988;4;;;10005;5;10008;14;;;9997.0;0.0
18;26000;INTARIAN_PEPPER_ROOT;31017;8;31016;11;;;31030;11;31033;12;;;31024.0;0.0
18;26100;ASH_COATED_OSMIUM;9982;15;9980;11;9979;12;10000;11;10001;28;10004;15;9991.5;0.0
18;26100;INTARIAN_PEPPER_ROOT;31015;9;31012;10;31009;12;31032;11;31034;9;31037;11;31024.0;0.0
18;26200;ASH_COATED_OSMIUM;9984;25;;;;;10000;25;;;;;9992.0;0.0
18;26200;INTARIAN_PEPPER_ROOT;31022;10;31020;9;31018;23;31037;10;31039;8;31040;11;31030.0;0.0
18;26300;ASH_COATED_OSMIUM;9984;13;;;;;10000;21;;;;;9992.0;0.0
18;26300;INTARIAN_PEPPER_ROOT;31020;12;;;;;31033;12;;;;;31026.5;0.0
18;26400;ASH_COATED_OSMIUM;9989;15;9986;13;;;10005;10;10008;10;;;9997.0;0.0
18;26400;INTARIAN_PEPPER_ROOT;31017;12;;;;;31034;10;;;;;31026.0;0.0
18;26500;ASH_COATED_OSMIUM;9991;13;;;;;10002;12;;;;;9996.5;0.0
18;26500;INTARIAN_PEPPER_ROOT;31018;12;31017;11;31014;8;31030;12;31032;11;31034;11;31024.5;0.0
18;26600;ASH_COATED_OSMIUM;9983;11;9980;20;;;9999;14;10001;29;;;9991.0;0.0
18;26600;INTARIAN_PEPPER_ROOT;31014;8;31013;12;31011;12;31026;8;31028;10;31031;10;31020.0;0.0
18;26700;ASH_COATED_OSMIUM;9982;15;9980;10;9977;15;9998;14;10001;15;10002;15;9990.5;0.0
18;26700;INTARIAN_PEPPER_ROOT;31021;11;31020;8;31019;10;31035;10;31038;12;31041;9;31028.0;0.0
18;26800;ASH_COATED_OSMIUM;9987;14;9985;14;;;10003;10;10004;11;;;9995.5;0.0
18;26800;INTARIAN_PEPPER_ROOT;31020;22;;;;;31037;9;;;;;31028.5;0.0
18;26900;ASH_COATED_OSMIUM;9987;12;9986;13;9983;14;10003;12;10006;11;10007;15;9995.5;0.0
18;26900;INTARIAN_PEPPER_ROOT;31022;8;31021;12;;;31035;9;31036;10;;;31028.5;0.0
18;27000;ASH_COATED_OSMIUM;9981;11;;;;;9999;13;;;;;9990.0;0.0
18;27000;INTARIAN_PEPPER_ROOT;31019;8;;;;;31032;11;;;;;31025.5;0.0
18;27100;ASH_COATED_OSMIUM;9982;13;;;;;9998;21;;;;;9990.0;0.0
18;27100;INTARIAN_PEPPER_ROOT;31021;10;;;;;31037;12;;;;;31029.0;0.0
18;27200;ASH_COATED_OSMIUM;9987;11;9984;10;;;10003;11;10006;10;;;9995.5;0.0
18;27200;INTARIAN_PEPPER_ROOT;31019;10;31017;12;;;31032;8;31033;9;;;31026.0;0.0
18;27300;ASH_COATED_OSMIUM;9982;13;9980;14;;;9998;14;9999;5;;;9990.0;0.0
18;27300;INTARIAN_PEPPER_ROOT;31018;12;31016;24;31015;11;31031;8;31033;11;31034;9;31025.0;0.0
18;27400;ASH_COATED_OSMIUM;9982;14;9980;25;9979;12;9998;11;10001;14;10004;11;9990.0;0.0
18;27400;INTARIAN_PEPPER_ROOT;31021;19;31019;9;31017;25;31032;11;31033;11;31034;9;31027.0;0.0
18;27500;ASH_COATED_OSMIUM;9988;25;9987;15;;;10004;12;10007;14;;;9996.0;0.0
18;27500;INTARIAN_PEPPER_ROOT;31020;12;31019;15;;;31034;8;31035;8;;;31027.0;0.0
18;27600;ASH_COATED_OSMIUM;9981;14;9979;12;;;9999;12;10001;14;;;9990.5;0.0
18;27600;INTARIAN_PEPPER_ROOT;31025;11;;;;;31027;8;;;;;31026.5;0.0
18;27700;ASH_COATED_OSMIUM;9982;13;;;;;9998;12;;;;;9990.5;0.0
18;27700;INTARIAN_PEPPER_ROOT;31014;11;31012;9;31010;12;31029;9;31031;8;31034;8;31021.5;0.0
18;27800;ASH_COATED_OSMIUM;9981;15;9979;13;9977;10;10000;10;10001;14;10003;11;9991.0;0.0
18;27800;INTARIAN_PEPPER_ROOT;31023;8;31020;15;;;31036;22;31037;10;;;31029.5;0.0
18;27900;ASH_COATED_OSMIUM;9983;10;9980;13;;;9999;9;10000;20;;;9991.5;0.0
18;27900;INTARIAN_PEPPER_ROOT;31023;11;31020;8;31019;10;31037;22;31040;9;31041;10;31030.5;0.0
18;28000;ASH_COATED_OSMIUM;9992;10;9991;15;;;10001;14;10003;15;;;9996.5;0.0
18;28000;INTARIAN_PEPPER_ROOT;31022;12;31021;9;;;31035;9;31038;8;;;31029.0;0.0
18;28100;ASH_COATED_OSMIUM;9981;10;;;;;10000;13;;;;;9991.0;0.0
18;28100;INTARIAN_PEPPER_ROOT;31020;12;31019;12;;;31033;19;31034;10;;;31026.5;0.0
18;28200;ASH_COATED_OSMIUM;9988;11;;;;;10004;12;;;;;9996.0;0.0
18;28200;INTARIAN_PEPPER_ROOT;31024;11;;;;;31037;12;;;;;31030.5;0.0
18;28300;ASH_COATED_OSMIUM;9988;15;9985;26;9982;10;10004;10;10005;13;10007;11;9996.0;0.0
18;28300;INTARIAN_PEPPER_ROOT;31022;8;31020;5;31018;12;31037;12;31038;11;31039;19;31029.5;0.0
18;28400;ASH_COATED_OSMIUM;9986;21;9985;13;;;10005;12;10006;12;;;9995.5;0.0
18;28400;INTARIAN_PEPPER_ROOT;31025;11;31022;11;31019;6;31028;12;31030;9;31033;20;31027.0;0.0
18;28500;ASH_COATED_OSMIUM;9989;10;9988;13;;;10000;11;10002;14;;;9995.0;0.0
18;28500;INTARIAN_PEPPER_ROOT;31020;11;31019;11;;;31037;10;31040;12;;;31029.0;0.0
18;28600;ASH_COATED_OSMIUM;9981;27;9979;13;;;9997;15;10000;12;;;9989.5;0.0
18;28600;INTARIAN_PEPPER_ROOT;31021;3;31020;8;31017;9;31035;22;31036;11;31039;21;31028.5;0.0
18;28700;ASH_COATED_OSMIUM;9986;11;;;;;10004;13;;;;;9995.0;0.0
18;28700;INTARIAN_PEPPER_ROOT;31020;9;31019;8;;;31034;23;31036;8;;;31027.0;0.0
18;28800;ASH_COATED_OSMIUM;9984;13;9983;4;9981;15;9995;25;9998;11;9999;13;9990.0;0.0
18;28800;INTARIAN_PEPPER_ROOT;31018;22;31015;17;;;31032;9;31035;12;;;31025.0;0.0
18;28900;ASH_COATED_OSMIUM;9986;11;9983;11;9981;22;10004;11;10007;10;10008;12;9995.5;0.0
18;28900;INTARIAN_PEPPER_ROOT;31020;12;31017;10;;;31035;8;31038;12;;;31027.5;0.0
18;29000;ASH_COATED_OSMIUM;9986;13;9983;15;;;10004;10;10006;15;;;9995.5;0.0
18;29000;INTARIAN_PEPPER_ROOT;31025;19;31022;23;31020;22;31037;11;31040;9;31043;12;31031.0;0.0
18;29100;ASH_COATED_OSMIUM;9982;30;;;;;9998;25;;;;;9990.0;0.0
18;29100;INTARIAN_PEPPER_ROOT;31023;9;;;;;31031;12;;;;;31027.5;0.0
18;29200;ASH_COATED_OSMIUM;9985;10;9982;10;9981;12;10004;10;10005;4;10007;13;9995.0;0.0
18;29200;INTARIAN_PEPPER_ROOT;31021;8;31020;10;31017;23;31034;8;31037;11;31039;16;31028.0;0.0
18;29300;ASH_COATED_OSMIUM;9981;11;;;;;9997;11;;;;;9989.5;0.0
18;29300;INTARIAN_PEPPER_ROOT;31027;10;31026;12;;;31039;10;31042;5;;;31033.0;0.0
18;29400;ASH_COATED_OSMIUM;9982;26;;;;;9998;11;;;;;9990.5;0.0
18;29400;INTARIAN_PEPPER_ROOT;31026;9;31023;10;;;31039;10;31040;8;;;31032.5;0.0
18;29500;ASH_COATED_OSMIUM;9980;13;9977;10;;;9999;2;10000;14;;;9990.0;0.0
18;29500;INTARIAN_PEPPER_ROOT;31023;8;31022;9;;;31037;8;31038;10;;;31030.5;0.0
18;29600;ASH_COATED_OSMIUM;9982;10;9979;14;;;9998;13;10000;11;;;9990.5;0.0
18;29600;INTARIAN_PEPPER_ROOT;31021;10;31019;9;;;31036;9;31037;12;;;31028.5;0.0
18;29700;ASH_COATED_OSMIUM;9982;13;9981;10;9980;12;9998;14;10001;14;10002;11;9990.5;0.0
18;29700;INTARIAN_PEPPER_ROOT;31022;9;;;;;31034;22;;;;;31028.5;0.0
18;29800;ASH_COATED_OSMIUM;9988;13;9986;15;;;10004;15;10005;15;;;9996.5;0.0
18;29800;INTARIAN_PEPPER_ROOT;31025;8;31024;11;;;31038;10;31041;12;;;31031.5;0.0
18;29900;ASH_COATED_OSMIUM;9987;12;;;;;10005;10;;;;;9996.5;0.0
18;29900;INTARIAN_PEPPER_ROOT;31029;8;;;;;31046;9;;;;;31037.5;0.0
18;30000;ASH_COATED_OSMIUM;9983;13;;;;;9999;10;;;;;9991.5;0.0
18;30000;INTARIAN_PEPPER_ROOT;31021;18;31020;8;;;31034;10;31037;11;;;31028.0;0.0
18;30100;ASH_COATED_OSMIUM;9987;12;9986;12;;;10005;23;10007;14;;;9996.5;0.0
18;30100;INTARIAN_PEPPER_ROOT;31024;12;31022;10;;;31036;8;31038;10;;;31030.0;0.0
18;30200;ASH_COATED_OSMIUM;9982;29;;;;;10001;13;;;;;9992.0;0.0
18;30200;INTARIAN_PEPPER_ROOT;31020;8;31019;10;;;31037;12;31038;8;;;31029.0;0.0
18;30300;ASH_COATED_OSMIUM;9989;14;;;;;10005;11;;;;;9997.5;0.0
18;30300;INTARIAN_PEPPER_ROOT;31025;8;31022;9;;;31038;25;31041;10;;;31032.0;0.0
18;30400;ASH_COATED_OSMIUM;9989;10;9987;13;;;10005;10;10007;11;;;9997.0;0.0
18;30400;INTARIAN_PEPPER_ROOT;31024;11;31023;12;;;31038;9;31040;12;;;31031.0;0.0
18;30500;ASH_COATED_OSMIUM;9989;11;;;;;10005;12;;;;;9997.0;0.0
18;30500;INTARIAN_PEPPER_ROOT;31026;19;31023;12;31022;16;31038;12;31039;16;31042;10;31032.0;0.0
18;30600;ASH_COATED_OSMIUM;9992;11;9991;14;;;10002;11;10005;11;;;9997.0;0.0
18;30600;INTARIAN_PEPPER_ROOT;31023;20;31022;10;;;31035;9;31038;11;;;31029.0;0.0
18;30700;ASH_COATED_OSMIUM;9984;21;;;;;10000;12;;;;;9992.0;0.0
18;30700;INTARIAN_PEPPER_ROOT;31021;9;31018;12;;;31034;3;31037;8;;;31027.5;0.0
18;30800;ASH_COATED_OSMIUM;9982;14;;;;;10001;12;;;;;9992.0;0.0
18;30800;INTARIAN_PEPPER_ROOT;31025;10;31023;8;;;31038;17;31040;19;;;31031.5;0.0
18;30900;ASH_COATED_OSMIUM;9984;11;9982;12;;;10000;15;10001;15;;;9992.5;0.0
18;30900;INTARIAN_PEPPER_ROOT;31024;11;31023;11;;;31035;9;31037;9;;;31029.5;0.0
18;31000;ASH_COATED_OSMIUM;9988;11;9986;5;;;10007;15;10010;24;;;9997.5;0.0
18;31000;INTARIAN_PEPPER_ROOT;31025;8;;;;;31038;9;;;;;31032.0;0.0
18;31100;ASH_COATED_OSMIUM;9989;12;;;;;10005;12;;;;;9997.0;0.0
18;31100;INTARIAN_PEPPER_ROOT;31024;9;31021;9;31019;12;31037;9;31038;12;31040;9;31030.5;0.0
18;31200;ASH_COATED_OSMIUM;9982;15;9981;12;;;10001;10;10002;28;;;9992.0;0.0
18;31200;INTARIAN_PEPPER_ROOT;31027;25;31024;21;31022;10;31039;11;31042;16;31045;10;31033.5;0.0
18;31300;ASH_COATED_OSMIUM;9989;10;9986;14;;;10005;27;10006;13;;;9997.0;0.0
18;31300;INTARIAN_PEPPER_ROOT;31025;10;;;;;31039;9;;;;;31032.5;0.0
18;31400;ASH_COATED_OSMIUM;9989;15;;;;;10005;13;;;;;9997.5;0.0
18;31400;INTARIAN_PEPPER_ROOT;31026;22;31023;10;;;31038;8;31040;8;;;31032.0;0.0
18;31500;ASH_COATED_OSMIUM;9989;10;9986;14;;;10005;14;10006;26;;;9997.0;0.0
18;31500;INTARIAN_PEPPER_ROOT;31025;10;;;;;31037;12;;;;;31031.5;0.0
18;31600;ASH_COATED_OSMIUM;9984;10;9982;14;9981;15;10000;12;10002;11;10005;12;9992.0;0.0
18;31600;INTARIAN_PEPPER_ROOT;31022;10;31021;12;;;31036;8;31038;10;;;31029.5;0.0
18;31700;ASH_COATED_OSMIUM;9990;10;9988;12;;;10006;26;10007;5;;;9998.0;0.0
18;31700;INTARIAN_PEPPER_ROOT;31024;6;31022;6;31019;8;31036;12;31039;8;31041;25;31030.5;0.0
18;31800;ASH_COATED_OSMIUM;9983;14;9980;10;;;10002;10;10003;14;;;9992.5;0.0
18;31800;INTARIAN_PEPPER_ROOT;31024;12;31022;8;31019;9;31038;12;31039;25;31040;9;31031.5;0.0
18;31900;ASH_COATED_OSMIUM;9983;14;9982;14;9979;14;10002;10;10005;13;10007;12;9992.5;0.0
18;31900;INTARIAN_PEPPER_ROOT;31020;9;31018;7;;;31033;11;31036;9;;;31026.5;0.0
18;32000;ASH_COATED_OSMIUM;9988;24;9987;14;;;10006;11;10007;27;;;9997.5;0.0
18;32000;INTARIAN_PEPPER_ROOT;31029;9;31028;11;;;31041;8;31044;11;;;31035.5;0.0
18;32100;ASH_COATED_OSMIUM;9988;15;;;;;10007;29;;;;;9997.5;0.0
18;32100;INTARIAN_PEPPER_ROOT;31022;9;31020;11;;;31037;11;31039;11;;;31029.5;0.0
18;32200;ASH_COATED_OSMIUM;9989;13;9987;10;9985;13;10005;13;10007;10;10008;10;9997.5;0.0
18;32200;INTARIAN_PEPPER_ROOT;31025;8;31023;11;31021;4;31039;9;31041;8;31043;8;31032.0;0.0
18;32300;ASH_COATED_OSMIUM;9983;24;9980;15;;;10001;15;10004;11;;;9992.5;0.0
18;32300;INTARIAN_PEPPER_ROOT;31027;8;31024;9;31022;17;31038;8;31040;25;31042;10;31033.0;0.0
18;32400;ASH_COATED_OSMIUM;9983;15;9980;12;;;10002;11;10005;5;;;9992.5;0.0
18;32400;INTARIAN_PEPPER_ROOT;31029;8;;;;;31041;7;;;;;31035.0;0.0
18;32500;ASH_COATED_OSMIUM;9988;3;9985;25;9983;12;10007;20;10009;11;10011;11;9998.0;0.0
18;32500;INTARIAN_PEPPER_ROOT;31025;18;;;;;31037;10;;;;;31031.0;0.0
18;32600;ASH_COATED_OSMIUM;9989;12;9986;2;9984;14;10007;15;10009;10;10012;15;9998.5;0.0
18;32600;INTARIAN_PEPPER_ROOT;31027;9;;;;;31039;9;;;;;31033.5;0.0
18;32700;ASH_COATED_OSMIUM;9990;15;9988;12;;;10006;28;10009;21;;;9998.5;0.0
18;32700;INTARIAN_PEPPER_ROOT;31027;12;31025;9;;;31040;8;31043;10;;;31034.0;0.0
18;32800;ASH_COATED_OSMIUM;9984;11;9982;15;9979;12;10003;23;10004;4;10006;5;9994.0;0.0
18;32800;INTARIAN_PEPPER_ROOT;31023;8;31021;10;31020;8;31037;8;31039;8;31040;5;31030.5;0.0
18;32900;ASH_COATED_OSMIUM;9986;28;9985;15;;;10002;27;10005;11;;;9994.0;0.0
18;32900;INTARIAN_PEPPER_ROOT;31023;15;31022;8;31020;8;31035;8;31036;11;31039;17;31029.0;0.0
18;33000;ASH_COATED_OSMIUM;9986;13;;;;;10002;20;;;;;9994.0;0.0
18;33000;INTARIAN_PEPPER_ROOT;31027;8;31024;11;;;31039;23;31040;12;;;31033.0;0.0
18;33100;ASH_COATED_OSMIUM;9986;24;9983;15;;;10002;14;10003;12;;;9994.5;0.0
18;33100;INTARIAN_PEPPER_ROOT;31028;11;31027;11;;;31039;9;31040;9;;;31033.5;0.0
18;33200;ASH_COATED_OSMIUM;9986;15;9983;28;;;10002;12;10005;10;;;9994.5;0.0
18;33200;INTARIAN_PEPPER_ROOT;31027;10;31024;10;31022;12;31040;10;31042;9;31043;10;31034.0;0.0
18;33300;ASH_COATED_OSMIUM;9991;26;9988;11;;;10007;13;10009;12;;;9999.0;0.0
18;33300;INTARIAN_PEPPER_ROOT;31029;16;;;;;31040;10;;;;;31035.0;0.0
18;33400;ASH_COATED_OSMIUM;9986;13;9984;3;9982;15;10002;11;10004;11;10007;30;9994.0;0.0
18;33400;INTARIAN_PEPPER_ROOT;31024;12;31023;8;31020;12;31040;10;31043;8;31044;10;31032.0;0.0
18;33500;ASH_COATED_OSMIUM;9991;10;9989;14;9988;12;10007;12;10008;12;10009;13;9999.5;0.0
18;33500;INTARIAN_PEPPER_ROOT;31025;8;31024;11;;;31039;8;31042;8;;;31032.5;0.0
18;33600;ASH_COATED_OSMIUM;9990;27;9987;12;;;10009;28;10011;13;;;9999.5;0.0
18;33600;INTARIAN_PEPPER_ROOT;31027;9;31025;8;;;31038;25;31040;10;;;31033.0;0.0
18;33700;ASH_COATED_OSMIUM;9986;13;;;;;10002;13;;;;;9994.0;0.0
18;33700;INTARIAN_PEPPER_ROOT;31026;11;31023;9;31021;11;31038;12;31039;12;31042;21;31032.5;0.0
18;33800;ASH_COATED_OSMIUM;9983;2;9981;15;9980;12;10004;13;10007;14;10008;29;9994.0;0.0
18;33800;INTARIAN_PEPPER_ROOT;31027;10;31026;9;;;31039;10;31040;8;;;31033.5;0.0
18;33900;ASH_COATED_OSMIUM;9991;24;9990;13;;;10007;14;10009;23;;;9999.5;0.0
18;33900;INTARIAN_PEPPER_ROOT;31031;8;;;;;31045;18;;;;;31038.5;0.0
18;34000;ASH_COATED_OSMIUM;9995;10;9993;20;9991;12;10004;13;10007;11;10008;15;10000.0;0.0
18;34000;INTARIAN_PEPPER_ROOT;31027;9;31025;17;;;31042;12;31043;11;;;31034.5;0.0
18;34100;ASH_COATED_OSMIUM;9990;14;9989;27;;;10009;21;10012;13;;;9999.5;0.0
18;34100;INTARIAN_PEPPER_ROOT;31023;8;31021;12;;;31042;8;31045;22;;;31032.5;0.0
18;34200;ASH_COATED_OSMIUM;9986;14;9984;10;9982;15;10002;11;10004;15;10007;23;9994.0;0.0
18;34200;INTARIAN_PEPPER_ROOT;31027;8;31024;8;;;31038;8;31041;10;;;31033.0;0.0
18;34300;ASH_COATED_OSMIUM;9989;6;9987;25;9985;11;10008;4;10009;25;10011;15;9999.0;0.0
18;34300;INTARIAN_PEPPER_ROOT;31031;8;31029;11;;;31043;9;31046;9;;;31037.0;0.0
18;34400;ASH_COATED_OSMIUM;9986;24;9985;30;;;10002;13;10004;11;;;9994.0;0.0
18;34400;INTARIAN_PEPPER_ROOT;31029;10;31028;9;31026;8;31043;10;31044;8;31046;9;31036.0;0.0
18;34500;ASH_COATED_OSMIUM;9986;15;9985;14;;;10002;13;10003;12;;;9994.0;0.0
18;34500;INTARIAN_PEPPER_ROOT;31027;11;;;;;31039;11;;;;;31033.5;0.0
18;34600;ASH_COATED_OSMIUM;9985;14;9982;15;9981;14;10001;11;10004;11;10005;12;9993.5;0.0
18;34600;INTARIAN_PEPPER_ROOT;31023;19;;;;;31043;9;;;;;31033.0;0.0
18;34700;ASH_COATED_OSMIUM;9985;14;9983;14;;;10003;13;10006;4;;;9994.0;0.0
18;34700;INTARIAN_PEPPER_ROOT;31029;11;31028;9;31025;8;31042;10;31045;8;31048;12;31036.0;0.0
18;34800;ASH_COATED_OSMIUM;9991;13;9989;10;9987;13;10007;13;10010;13;10012;15;9999.5;0.0
18;34800;INTARIAN_PEPPER_ROOT;31027;18;31024;8;;;31040;10;31043;10;;;31034.0;0.0
18;34900;ASH_COATED_OSMIUM;9985;27;9984;12;9982;10;10003;11;10006;14;10007;20;9994.5;0.0
18;34900;INTARIAN_PEPPER_ROOT;31024;8;31021;12;31019;10;31037;16;31038;23;31040;10;31031.0;0.0
18;35000;ASH_COATED_OSMIUM;9992;15;9989;29;;;10008;8;10009;15;;;10000.0;0.0
18;35000;INTARIAN_PEPPER_ROOT;31030;8;31029;8;31026;12;31041;11;31043;8;31045;9;31036.0;0.0
18;35100;ASH_COATED_OSMIUM;9986;13;;;;;10002;26;;;;;9994.5;0.0
18;35100;INTARIAN_PEPPER_ROOT;31028;8;31027;11;;;31040;12;31041;11;;;31034.0;0.0
18;35200;ASH_COATED_OSMIUM;9987;11;;;;;10003;2;;;;;9995.0;0.0
18;35200;INTARIAN_PEPPER_ROOT;31031;23;31030;8;31027;12;31044;8;31045;22;31048;9;31037.5;0.0
18;35300;ASH_COATED_OSMIUM;9990;15;9989;12;;;9998;2;9999;15;;;9994.5;0.0
18;35300;INTARIAN_PEPPER_ROOT;31030;12;31028;11;;;31043;10;31046;11;;;31037.0;0.0
18;35400;ASH_COATED_OSMIUM;9991;14;9988;14;9986;13;10009;10;10011;11;10014;14;10000.5;0.0
18;35400;INTARIAN_PEPPER_ROOT;31029;21;31028;12;;;31040;12;31041;11;;;31035.0;0.0
18;35500;ASH_COATED_OSMIUM;9986;25;;;;;10002;15;;;;;9994.5;0.0
18;35500;INTARIAN_PEPPER_ROOT;31027;10;;;;;31038;11;;;;;31033.0;0.0
18;35600;ASH_COATED_OSMIUM;9990;29;9989;12;9988;12;10008;11;10009;14;10011;5;9999.5;0.0
18;35600;INTARIAN_PEPPER_ROOT;31028;8;31026;10;;;31041;8;31043;10;;;31034.5;0.0
18;35700;ASH_COATED_OSMIUM;9990;14;9988;10;9985;28;10008;12;10011;10;10012;11;9999.0;0.0
18;35700;INTARIAN_PEPPER_ROOT;31028;8;31025;10;;;31040;7;31041;8;;;31034.0;0.0
18;35800;ASH_COATED_OSMIUM;9984;10;;;;;10002;15;;;;;9993.5;0.0
18;35800;INTARIAN_PEPPER_ROOT;31033;12;31031;9;;;31042;11;31044;25;;;31037.5;0.0
18;35900;ASH_COATED_OSMIUM;9990;13;9989;11;;;10008;10;10010;4;;;9999.0;0.0
18;35900;INTARIAN_PEPPER_ROOT;31030;12;;;;;31042;10;;;;;31036.5;0.0
18;36000;ASH_COATED_OSMIUM;9985;10;9982;24;9979;10;10001;14;10003;15;10006;13;9993.0;0.0
18;36000;INTARIAN_PEPPER_ROOT;31035;11;31033;9;;;31038;8;31041;9;;;31037.0;0.0
18;36100;ASH_COATED_OSMIUM;9989;14;9986;15;9984;14;9998;11;10000;10;10002;26;9993.5;0.0
18;36100;INTARIAN_PEPPER_ROOT;31030;10;31027;11;;;31041;11;31043;18;;;31036.0;0.0
18;36200;ASH_COATED_OSMIUM;9985;12;9982;12;9981;10;10001;15;10003;15;10004;14;9993.5;0.0
18;36200;INTARIAN_PEPPER_ROOT;31030;12;;;;;31044;12;;;;;31037.0;0.0
18;36300;ASH_COATED_OSMIUM;9990;9;;;;;10006;12;;;;;9998.5;0.0
18;36300;INTARIAN_PEPPER_ROOT;31032;8;31029;11;31027;10;31046;10;31049;21;31052;6;31039.5;0.0
18;36400;ASH_COATED_OSMIUM;9984;11;;;;;10000;15;;;;;9992.5;0.0
18;36400;INTARIAN_PEPPER_ROOT;31029;12;31027;11;;;31044;12;31046;11;;;31037.0;0.0
18;36500;ASH_COATED_OSMIUM;9985;11;9984;15;;;10001;15;10003;12;;;9993.5;0.0
18;36500;INTARIAN_PEPPER_ROOT;31031;9;;;;;31044;12;;;;;31037.5;0.0
18;36600;ASH_COATED_OSMIUM;9990;15;9987;11;9985;29;10006;14;10008;13;10009;11;9998.5;0.0
18;36600;INTARIAN_PEPPER_ROOT;31026;10;31023;24;31020;9;31040;8;31042;9;31043;10;31033.0;0.0
18;36700;ASH_COATED_OSMIUM;9990;12;9987;10;;;10006;21;10007;12;;;9998.5;0.0
18;36700;INTARIAN_PEPPER_ROOT;31031;25;;;;;31042;8;;;;;31037.0;0.0
18;36800;ASH_COATED_OSMIUM;9988;14;9985;13;;;10006;24;10007;13;;;9997.5;0.0
18;36800;INTARIAN_PEPPER_ROOT;31027;12;;;;;31043;11;;;;;31035.0;0.0
18;36900;ASH_COATED_OSMIUM;9984;15;;;;;10000;14;;;;;9992.0;0.0
18;36900;INTARIAN_PEPPER_ROOT;31028;12;31025;8;31022;10;31041;12;31042;12;31045;12;31035.0;0.0
18;37000;ASH_COATED_OSMIUM;9984;3;9981;14;9978;26;10000;12;10002;12;10005;13;9992.5;0.0
18;37000;INTARIAN_PEPPER_ROOT;31028;9;31026;8;;;31045;11;31048;9;;;31037.0;0.0
18;37100;ASH_COATED_OSMIUM;9983;30;9982;11;9980;14;10001;12;10003;12;10004;11;9992.5;0.0
18;37100;INTARIAN_PEPPER_ROOT;31031;10;;;;;31043;25;;;;;31037.0;0.0
18;37200;ASH_COATED_OSMIUM;9991;15;9988;15;9987;28;10007;30;10010;13;10012;11;9999.0;0.0
18;37200;INTARIAN_PEPPER_ROOT;31032;11;;;;;31045;11;;;;;31039.0;0.0
18;37300;ASH_COATED_OSMIUM;9992;14;9989;14;9988;15;10008;11;10009;10;10011;10;10000.0;0.0
18;37300;INTARIAN_PEPPER_ROOT;31027;8;31024;10;31022;9;31043;11;31045;8;31046;11;31035.5;0.0
18;37400;ASH_COATED_OSMIUM;9993;10;;;;;10009;26;;;;;10001.5;0.0
18;37400;INTARIAN_PEPPER_ROOT;31031;12;31029;11;31026;11;31045;11;31048;8;31050;9;31038.0;0.0
18;37500;ASH_COATED_OSMIUM;9992;13;;;;;9998;15;;;;;9995.5;0.0
18;37500;INTARIAN_PEPPER_ROOT;31035;9;;;;;31046;12;;;;;31040.5;0.0
18;37600;ASH_COATED_OSMIUM;9992;14;9991;14;;;10010;12;10011;4;;;10001.5;0.0
18;37600;INTARIAN_PEPPER_ROOT;31032;9;;;;;31045;10;;;;;31039.0;0.0
18;37700;ASH_COATED_OSMIUM;9993;14;9992;12;9989;11;10009;12;10010;15;10013;24;10001.0;0.0
18;37700;INTARIAN_PEPPER_ROOT;31031;10;31028;11;;;31045;11;31046;9;;;31038.5;0.0
18;37800;ASH_COATED_OSMIUM;9993;11;9991;13;;;10009;12;10012;15;;;10001.0;0.0
18;37800;INTARIAN_PEPPER_ROOT;31033;11;31031;8;;;31046;8;31048;8;;;31039.5;0.0
18;37900;ASH_COATED_OSMIUM;9992;12;;;;;10008;21;;;;;10000.5;0.0
18;37900;INTARIAN_PEPPER_ROOT;31032;10;;;;;31043;12;;;;;31038.0;0.0
18;38000;ASH_COATED_OSMIUM;9990;10;;;;;10009;10;;;;;10000.0;0.0
18;38000;INTARIAN_PEPPER_ROOT;31031;9;31030;11;;;31040;4;31041;12;;;31036.0;0.0
18;38100;ASH_COATED_OSMIUM;9987;11;9986;12;;;10003;15;10006;27;;;9995.0;0.0
18;38100;INTARIAN_PEPPER_ROOT;31036;4;;;;;31052;9;;;;;31044.0;0.0
18;38200;ASH_COATED_OSMIUM;9985;12;9984;24;;;10004;14;10005;26;;;9995.0;0.0
18;38200;INTARIAN_PEPPER_ROOT;31034;8;;;;;31051;11;;;;;31042.5;0.0
18;38300;ASH_COATED_OSMIUM;9989;28;;;;;9999;24;;;;;9994.5;0.0
18;38300;INTARIAN_PEPPER_ROOT;31029;10;31028;9;31027;11;31042;12;31043;18;31046;11;31036.0;0.0
18;38400;ASH_COATED_OSMIUM;9985;14;;;;;10003;12;;;;;9994.5;0.0
18;38400;INTARIAN_PEPPER_ROOT;31030;12;31027;11;;;31042;11;31044;9;;;31036.5;0.0
18;38500;ASH_COATED_OSMIUM;9991;15;;;;;10007;29;;;;;9999.5;0.0
18;38500;INTARIAN_PEPPER_ROOT;31035;20;31032;11;;;31048;12;31049;8;;;31042.0;0.0
18;38600;ASH_COATED_OSMIUM;9985;12;9982;13;;;10004;12;10006;13;;;9994.5;0.0
18;38600;INTARIAN_PEPPER_ROOT;31032;12;31029;18;;;31045;10;31048;3;;;31039.0;0.0
18;38700;ASH_COATED_OSMIUM;9987;10;9985;11;;;10003;13;10004;28;;;9995.0;0.0
18;38700;INTARIAN_PEPPER_ROOT;31032;24;;;;;31049;11;;;;;31040.5;0.0
18;38800;ASH_COATED_OSMIUM;9990;12;;;;;10009;13;;;;;10000.0;0.0
18;38800;INTARIAN_PEPPER_ROOT;31033;8;31031;12;31028;11;31045;9;31048;8;31049;12;31039.0;0.0
18;38900;ASH_COATED_OSMIUM;9987;14;9985;11;9983;13;10003;10;10005;3;10006;10;9995.0;0.0
18;38900;INTARIAN_PEPPER_ROOT;31032;9;31030;11;;;31044;11;31047;9;;;31038.0;0.0
18;39000;ASH_COATED_OSMIUM;9986;15;9985;12;;;10002;13;10004;22;;;9994.5;0.0
18;39000;INTARIAN_PEPPER_ROOT;31036;11;31035;11;31034;9;31044;22;31047;11;31048;8;31040.0;0.0
18;39100;ASH_COATED_OSMIUM;9995;20;9993;29;;;10004;24;10007;20;;;10000.0;0.0
18;39100;INTARIAN_PEPPER_ROOT;31037;11;31036;12;31033;12;31049;25;31052;8;31055;10;31043.5;0.0
18;39200;ASH_COATED_OSMIUM;9992;13;;;;;10008;11;;;;;10000.0;0.0
18;39200;INTARIAN_PEPPER_ROOT;31035;23;31034;10;;;31049;10;31052;12;;;31042.0;0.0
18;39300;ASH_COATED_OSMIUM;9992;10;9989;12;9986;13;10008;11;10010;15;10013;11;10000.0;0.0
18;39300;INTARIAN_PEPPER_ROOT;31031;12;;;;;31047;16;;;;;31039.5;0.0
18;39400;ASH_COATED_OSMIUM;9987;23;9986;11;;;10003;11;10004;21;;;9995.0;0.0
18;39400;INTARIAN_PEPPER_ROOT;31033;9;;;;;31047;18;;;;;31040.0;0.0
18;39500;ASH_COATED_OSMIUM;9991;11;9988;11;9985;10;10007;11;10010;14;10011;14;9999.5;0.0
18;39500;INTARIAN_PEPPER_ROOT;31035;24;;;;;31047;10;;;;;31041.0;0.0
18;39600;ASH_COATED_OSMIUM;9986;10;9983;15;;;10002;13;10003;13;;;9994.5;0.0
18;39600;INTARIAN_PEPPER_ROOT;31035;6;31032;11;;;31048;10;31050;8;;;31041.5;0.0
18;39700;ASH_COATED_OSMIUM;9991;11;;;;;10007;10;;;;;9999.5;0.0
18;39700;INTARIAN_PEPPER_ROOT;31030;12;31027;9;;;31050;8;31051;16;;;31040.0;0.0
18;39800;ASH_COATED_OSMIUM;9991;13;9990;13;9989;14;10007;20;10008;15;10010;13;9999.5;0.0
18;39800;INTARIAN_PEPPER_ROOT;31033;12;31030;10;;;31046;11;31048;16;;;31040.0;0.0
18;39900;ASH_COATED_OSMIUM;9991;4;9989;11;9986;14;10007;11;10009;11;10012;15;9999.5;0.0
18;39900;INTARIAN_PEPPER_ROOT;31030;8;;;;;31043;12;;;;;31037.0;0.0
18;40000;ASH_COATED_OSMIUM;9985;15;9983;13;;;10003;22;10005;8;;;9994.5;0.0
18;40000;INTARIAN_PEPPER_ROOT;31032;17;31031;12;;;31049;12;31051;11;;;31040.5;0.0
18;40100;ASH_COATED_OSMIUM;9985;14;9983;15;9982;15;10003;13;10005;20;10008;11;9994.5;0.0
18;40100;INTARIAN_PEPPER_ROOT;31033;10;31030;9;31028;8;31044;8;31046;11;31048;11;31039.0;0.0
18;40200;ASH_COATED_OSMIUM;9986;25;9983;13;;;10002;15;10003;11;;;9994.0;0.0
18;40200;INTARIAN_PEPPER_ROOT;31035;8;31034;10;31032;10;31048;10;31049;22;31052;8;31041.5;0.0
18;40300;ASH_COATED_OSMIUM;9988;12;9987;26;9986;12;10009;25;10012;11;10013;13;9999.0;0.0
18;40300;INTARIAN_PEPPER_ROOT;31035;8;31032;8;31029;5;31046;23;31049;8;31052;11;31041.0;0.0
18;40400;ASH_COATED_OSMIUM;9985;12;9982;20;9980;15;10001;25;10003;13;10005;13;9993.0;0.0
18;40400;INTARIAN_PEPPER_ROOT;31034;11;31033;11;;;31048;10;31051;8;;;31041.0;0.0
18;40500;ASH_COATED_OSMIUM;9990;26;9989;11;9987;25;10006;13;10009;12;10011;28;9998.0;0.0
18;40500;INTARIAN_PEPPER_ROOT;31032;12;;;;;31046;9;;;;;31039.5;0.0
18;40600;ASH_COATED_OSMIUM;9984;12;;;;;10000;10;;;;;9992.5;0.0
18;40600;INTARIAN_PEPPER_ROOT;31036;10;31035;9;;;31048;19;31050;23;;;31042.0;0.0
18;40700;ASH_COATED_OSMIUM;9989;14;9988;13;;;10005;12;10007;5;;;9997.5;0.0
18;40700;INTARIAN_PEPPER_ROOT;31032;9;31030;11;;;31048;12;31049;9;;;31040.0;0.0
18;40800;ASH_COATED_OSMIUM;9989;10;;;;;10007;23;;;;;9998.0;0.0
18;40800;INTARIAN_PEPPER_ROOT;31033;9;31032;8;;;31048;8;31051;10;;;31041.0;0.0
18;40900;ASH_COATED_OSMIUM;9990;30;9989;13;9987;10;10006;13;10009;15;10010;24;9998.0;0.0
18;40900;INTARIAN_PEPPER_ROOT;31034;11;31031;10;31029;8;31046;24;31049;8;31052;8;31040.5;0.0
18;41000;ASH_COATED_OSMIUM;9984;5;9982;12;;;10000;12;10002;14;;;9992.5;0.0
18;41000;INTARIAN_PEPPER_ROOT;31036;9;;;;;31049;9;;;;;31042.5;0.0
18;41100;ASH_COATED_OSMIUM;9994;10;9992;23;9990;10;10000;10;10003;14;10006;10;9997.5;0.0
18;41100;INTARIAN_PEPPER_ROOT;31036;12;;;;;31048;5;;;;;31042.0;0.0
18;41200;ASH_COATED_OSMIUM;9983;14;9981;11;9980;15;10001;12;10002;14;10003;13;9992.5;0.0
18;41200;INTARIAN_PEPPER_ROOT;31036;9;31035;9;;;31048;22;31051;12;;;31042.0;0.0
18;41300;ASH_COATED_OSMIUM;9988;22;9985;12;;;10007;15;10008;11;;;9998.0;0.0
18;41300;INTARIAN_PEPPER_ROOT;31033;10;31032;18;;;31048;10;31050;11;;;31040.5;0.0
18;41400;ASH_COATED_OSMIUM;9990;14;;;;;10006;11;;;;;9998.0;0.0
18;41400;INTARIAN_PEPPER_ROOT;31032;9;31031;9;;;31051;8;31053;12;;;31042.0;0.0
18;41500;ASH_COATED_OSMIUM;9983;15;9981;10;9979;12;10002;15;10004;14;10005;15;9993.0;0.0
18;41500;INTARIAN_PEPPER_ROOT;31035;10;31033;10;;;31048;11;31051;10;;;31041.5;0.0
18;41600;ASH_COATED_OSMIUM;9989;11;9986;11;;;10008;6;10011;15;;;9998.5;0.0
18;41600;INTARIAN_PEPPER_ROOT;31035;8;31032;9;31029;18;31049;10;31052;11;31055;22;31042.5;0.0
18;41700;ASH_COATED_OSMIUM;9984;10;;;;;10002;13;;;;;9993.0;0.0
18;41700;INTARIAN_PEPPER_ROOT;31036;12;31034;12;;;31048;10;31051;9;;;31042.0;0.0
18;41800;ASH_COATED_OSMIUM;9991;11;9989;15;;;10007;10;10010;15;;;9999.0;0.0
18;41800;INTARIAN_PEPPER_ROOT;31035;12;31033;3;;;31049;11;31052;8;;;31042.5;0.0
18;41900;ASH_COATED_OSMIUM;9990;15;9989;13;;;10006;14;10008;11;;;9998.5;0.0
18;41900;INTARIAN_PEPPER_ROOT;31036;12;31033;18;;;31048;12;31049;17;;;31042.0;0.0
18;42000;ASH_COATED_OSMIUM;9985;15;9983;26;9982;23;10001;12;10002;14;10005;13;9993.0;0.0
18;42000;INTARIAN_PEPPER_ROOT;31030;11;31029;12;31028;11;31041;24;31044;12;31046;11;31036.0;0.0
18;42100;ASH_COATED_OSMIUM;9985;12;9983;20;;;10001;10;10004;12;;;9993.5;0.0
18;42100;INTARIAN_PEPPER_ROOT;31044;9;;;;;31055;9;;;;;31050.0;0.0
18;42200;ASH_COATED_OSMIUM;9990;14;;;;;9999;12;;;;;9994.5;0.0
18;42200;INTARIAN_PEPPER_ROOT;31035;11;31033;10;;;31048;11;31050;10;;;31042.0;0.0
18;42300;ASH_COATED_OSMIUM;9990;13;;;;;10008;10;;;;;9999.5;0.0
18;42300;INTARIAN_PEPPER_ROOT;31033;8;31030;8;31029;8;31049;12;31050;22;31051;24;31041.0;0.0
18;42400;ASH_COATED_OSMIUM;9984;13;9982;15;9981;10;10003;29;10005;12;10007;23;9993.5;0.0
18;42400;INTARIAN_PEPPER_ROOT;31036;10;31033;9;;;31050;11;31053;11;;;31043.0;0.0
18;42500;ASH_COATED_OSMIUM;9985;14;9984;12;9981;15;10001;13;10002;14;10005;26;9993.5;0.0
18;42500;INTARIAN_PEPPER_ROOT;31036;12;;;;;31048;9;;;;;31042.0;0.0
18;42600;ASH_COATED_OSMIUM;9991;2;;;;;10007;21;;;;;9999.0;0.0
18;42600;INTARIAN_PEPPER_ROOT;31046;8;;;;;31049;12;;;;;31047.5;0.0
18;42700;ASH_COATED_OSMIUM;9984;14;;;;;10003;20;;;;;9993.5;0.0
18;42700;INTARIAN_PEPPER_ROOT;31038;9;31035;12;;;31054;25;31056;10;;;31046.0;0.0
18;42800;ASH_COATED_OSMIUM;9989;30;9987;15;;;10008;11;10010;10;;;9999.0;0.0
18;42800;INTARIAN_PEPPER_ROOT;31032;12;31030;11;;;31046;8;31047;20;;;31039.0;0.0
18;42900;ASH_COATED_OSMIUM;9985;27;9983;15;;;10001;14;10003;13;;;9993.5;0.0
18;42900;INTARIAN_PEPPER_ROOT;31035;12;;;;;31047;10;;;;;31041.5;0.0
18;43000;ASH_COATED_OSMIUM;9991;13;9989;12;9986;14;10007;13;10010;15;10012;10;9999.0;0.0
18;43000;INTARIAN_PEPPER_ROOT;31038;10;;;;;31050;8;;;;;31044.0;0.0
18;43100;ASH_COATED_OSMIUM;9984;12;;;;;10003;15;;;;;9993.5;0.0
18;43100;INTARIAN_PEPPER_ROOT;31036;11;;;;;31051;12;;;;;31044.0;0.0
18;43200;ASH_COATED_OSMIUM;9989;14;;;;;10008;27;;;;;9999.0;0.0
18;43200;INTARIAN_PEPPER_ROOT;31036;9;31033;8;;;31048;23;31050;16;;;31042.5;0.0
18;43300;ASH_COATED_OSMIUM;9986;12;;;;;10002;29;;;;;9994.0;0.0
18;43300;INTARIAN_PEPPER_ROOT;31039;10;31038;12;;;31050;9;31051;10;;;31045.0;0.0
18;43400;ASH_COATED_OSMIUM;9991;13;9989;15;;;10007;12;10010;11;;;9999.0;0.0
18;43400;INTARIAN_PEPPER_ROOT;31034;10;31033;23;;;31045;9;31048;12;;;31039.5;0.0
18;43500;ASH_COATED_OSMIUM;9985;12;9983;30;9981;15;10001;23;10004;28;10006;15;9993.5;0.0
18;43500;INTARIAN_PEPPER_ROOT;31039;11;;;;;31051;11;;;;;31045.0;0.0
18;43600;ASH_COATED_OSMIUM;9985;2;9983;11;9982;29;10001;13;10004;12;10006;27;9993.5;0.0
18;43600;INTARIAN_PEPPER_ROOT;31038;12;31037;12;;;31050;25;31053;22;;;31044.0;0.0
18;43700;ASH_COATED_OSMIUM;9991;12;9989;11;9986;27;10007;10;10008;11;10010;12;9999.0;0.0
18;43700;INTARIAN_PEPPER_ROOT;31037;10;;;;;31051;8;;;;;31044.5;0.0
18;43800;ASH_COATED_OSMIUM;9995;15;9992;11;9991;12;10002;11;10005;12;10007;11;9999.0;0.0
18;43800;INTARIAN_PEPPER_ROOT;31039;12;31036;15;;;31053;20;31056;12;;;31046.0;0.0
18;43900;ASH_COATED_OSMIUM;9985;15;9984;11;;;10001;10;10004;10;;;9993.5;0.0
18;43900;INTARIAN_PEPPER_ROOT;31040;11;;;;;31051;22;;;;;31046.0;0.0
18;44000;ASH_COATED_OSMIUM;9986;22;9984;15;;;10002;14;10004;12;;;9994.0;0.0
18;44000;INTARIAN_PEPPER_ROOT;31037;12;31036;12;;;31050;10;31052;8;;;31043.5;0.0
18;44100;ASH_COATED_OSMIUM;9986;28;9983;30;9981;11;10002;15;10004;28;10006;11;9994.0;0.0
18;44100;INTARIAN_PEPPER_ROOT;31040;9;31037;11;31034;11;31052;12;31054;16;31055;11;31046.5;0.0
18;44200;ASH_COATED_OSMIUM;9995;15;9993;10;9992;20;10004;12;10006;12;10009;13;9999.5;0.0
18;44200;INTARIAN_PEPPER_ROOT;31037;12;31035;12;;;31053;21;31054;11;;;31045.5;0.0
18;44300;ASH_COATED_OSMIUM;9985;23;9984;10;;;10001;15;10002;15;;;9993.5;0.0
18;44300;INTARIAN_PEPPER_ROOT;31038;11;31037;12;;;31050;11;31051;12;;;31044.0;0.0
18;44400;ASH_COATED_OSMIUM;9991;10;;;;;10007;14;;;;;9999.0;0.0
18;44400;INTARIAN_PEPPER_ROOT;31039;11;31038;11;;;31053;10;31055;10;;;31046.5;0.0
18;44500;ASH_COATED_OSMIUM;9990;10;;;;;10008;11;;;;;9999.0;0.0
18;44500;INTARIAN_PEPPER_ROOT;31039;9;;;;;31050;11;;;;;31044.5;0.0
18;44600;ASH_COATED_OSMIUM;9984;14;9983;13;;;10003;10;10004;11;;;9994.0;0.0
18;44600;INTARIAN_PEPPER_ROOT;31038;11;;;;;31054;8;;;;;31046.0;0.0
18;44700;ASH_COATED_OSMIUM;9989;10;9986;20;9985;11;10008;14;10010;12;10012;10;9999.0;0.0
18;44700;INTARIAN_PEPPER_ROOT;31038;23;;;;;31050;11;;;;;31044.0;0.0
18;44800;ASH_COATED_OSMIUM;9991;12;;;;;9996;20;;;;;9993.5;0.0
18;44800;INTARIAN_PEPPER_ROOT;31041;8;;;;;31048;17;;;;;31045.0;0.0
18;44900;ASH_COATED_OSMIUM;9988;21;9985;14;;;9998;13;10001;13;;;9993.5;0.0
18;44900;INTARIAN_PEPPER_ROOT;31039;8;31038;9;;;31052;9;31054;12;;;31045.5;0.0
18;45000;ASH_COATED_OSMIUM;9984;13;9983;12;;;10003;11;10005;13;;;9994.0;0.0
18;45000;INTARIAN_PEPPER_ROOT;31041;10;;;;;31048;10;;;;;31045.0;0.0
18;45100;ASH_COATED_OSMIUM;9984;11;9982;14;;;10003;12;10005;10;;;9994.0;0.0
18;45100;INTARIAN_PEPPER_ROOT;31039;24;;;;;31051;11;;;;;31045.0;0.0
18;45200;ASH_COATED_OSMIUM;9985;3;;;;;10001;26;;;;;9993.5;0.0
18;45200;INTARIAN_PEPPER_ROOT;31043;23;;;;;31054;8;;;;;31049.0;0.0
18;45300;ASH_COATED_OSMIUM;9991;13;9988;13;;;10007;10;10010;15;;;9999.5;0.0
18;45300;INTARIAN_PEPPER_ROOT;31038;10;31035;12;31032;16;31052;9;31055;12;31058;18;31045.0;0.0
18;45400;ASH_COATED_OSMIUM;9990;11;;;;;10009;15;;;;;9999.5;0.0
18;45400;INTARIAN_PEPPER_ROOT;31040;11;31037;10;31035;12;31052;21;31055;8;31058;10;31046.0;0.0
18;45500;ASH_COATED_OSMIUM;9985;14;;;;;10003;11;;;;;9994.5;0.0
18;45500;INTARIAN_PEPPER_ROOT;31036;8;31034;17;;;31053;11;31054;9;;;31045.0;0.0
18;45600;ASH_COATED_OSMIUM;9990;13;9987;10;;;10009;11;10011;14;;;9999.5;0.0
18;45600;INTARIAN_PEPPER_ROOT;31035;15;31034;9;31031;24;31051;12;31052;12;31054;23;31043.0;0.0
18;45700;ASH_COATED_OSMIUM;9984;10;9981;14;;;10003;20;10004;13;;;9994.0;0.0
18;45700;INTARIAN_PEPPER_ROOT;31036;11;31033;11;;;31052;25;31053;8;;;31044.5;0.0
18;45800;ASH_COATED_OSMIUM;9990;15;;;;;10006;13;;;;;9998.5;0.0
18;45800;INTARIAN_PEPPER_ROOT;31042;9;31041;12;;;31054;21;31056;9;;;31048.0;0.0
18;45900;ASH_COATED_OSMIUM;9989;26;;;;;9999;13;;;;;9994.0;0.0
18;45900;INTARIAN_PEPPER_ROOT;31038;8;31035;11;31032;24;31051;10;31053;10;31056;11;31045.0;0.0
18;46000;ASH_COATED_OSMIUM;9985;10;9984;28;9983;14;10001;15;10003;11;10006;11;9993.5;0.0
18;46000;INTARIAN_PEPPER_ROOT;31035;12;31032;12;31029;12;31051;9;31053;11;31054;8;31043.5;0.0
18;46100;ASH_COATED_OSMIUM;9991;14;;;;;10007;11;;;;;9999.0;0.0
18;46100;INTARIAN_PEPPER_ROOT;31039;8;31036;8;;;31050;8;31053;11;;;31045.0;0.0
18;46200;ASH_COATED_OSMIUM;9991;11;9990;10;;;10007;13;10008;12;;;9999.5;0.0
18;46200;INTARIAN_PEPPER_ROOT;31037;17;31034;9;;;31054;8;31056;11;;;31046.0;0.0
18;46300;ASH_COATED_OSMIUM;9991;11;9988;12;9985;29;10007;15;10009;23;10011;11;9999.0;0.0
18;46300;INTARIAN_PEPPER_ROOT;31042;11;;;;;31054;11;;;;;31048.5;0.0
18;46400;ASH_COATED_OSMIUM;9991;14;9989;10;9988;14;10007;22;10008;15;10011;10;9999.5;0.0
18;46400;INTARIAN_PEPPER_ROOT;31044;11;31042;22;31039;8;31057;9;31059;12;31062;15;31051.0;0.0
18;46500;ASH_COATED_OSMIUM;9986;11;9983;14;;;10002;14;10004;13;;;9994.5;0.0
18;46500;INTARIAN_PEPPER_ROOT;31042;9;31041;11;;;31056;8;31058;9;;;31049.5;0.0
18;46600;ASH_COATED_OSMIUM;9986;15;;;;;10002;10;;;;;9994.0;0.0
18;46600;INTARIAN_PEPPER_ROOT;31040;8;;;;;31052;9;;;;;31046.5;0.0
18;46700;ASH_COATED_OSMIUM;9985;29;9983;13;;;10001;13;10003;15;;;9993.5;0.0
18;46700;INTARIAN_PEPPER_ROOT;31036;8;31035;8;31033;12;31050;12;31053;11;31055;12;31043.5;0.0
18;46800;ASH_COATED_OSMIUM;9986;14;9983;30;;;10002;14;10004;9;;;9994.0;0.0
18;46800;INTARIAN_PEPPER_ROOT;31039;9;31036;22;;;31053;11;31054;10;;;31046.5;0.0
18;46900;ASH_COATED_OSMIUM;9985;13;9983;13;;;10001;10;10004;13;;;9993.5;0.0
18;46900;INTARIAN_PEPPER_ROOT;31039;11;;;;;31052;18;;;;;31045.5;0.0
18;47000;ASH_COATED_OSMIUM;9984;12;9981;15;;;10002;23;10005;13;;;9993.5;0.0
18;47000;INTARIAN_PEPPER_ROOT;31039;9;;;;;31056;15;;;;;31048.0;0.0
18;47100;ASH_COATED_OSMIUM;9984;12;;;;;10000;4;;;;;9992.5;0.0
18;47100;INTARIAN_PEPPER_ROOT;31039;12;31038;19;31037;8;31052;12;31054;18;31055;8;31046.0;0.0
18;47200;ASH_COATED_OSMIUM;9990;11;9987;12;9986;12;10006;12;10008;12;10011;12;9998.0;0.0
18;47200;INTARIAN_PEPPER_ROOT;31044;15;31042;12;31041;12;31047;12;31049;11;31051;12;31046.0;0.0
18;47300;ASH_COATED_OSMIUM;9989;12;9987;11;;;10008;12;10011;10;;;9998.5;0.0
18;47300;INTARIAN_PEPPER_ROOT;31041;20;31039;11;31038;11;31053;20;31054;10;31056;10;31047.5;0.0
18;47400;ASH_COATED_OSMIUM;9987;12;9985;20;;;9998;3;10000;11;;;9993.0;0.0
18;47400;INTARIAN_PEPPER_ROOT;31040;20;31037;8;31034;25;31053;9;31055;24;31057;10;31046.5;0.0
18;47500;ASH_COATED_OSMIUM;9985;10;;;;;10001;13;;;;;9993.0;0.0
18;47500;INTARIAN_PEPPER_ROOT;31040;8;;;;;31052;9;;;;;31046.5;0.0
18;47600;ASH_COATED_OSMIUM;9990;25;9988;15;9987;14;10006;13;10008;15;10010;13;9998.5;0.0
18;47600;INTARIAN_PEPPER_ROOT;31040;9;31039;7;;;31053;9;31055;9;;;31047.0;0.0
18;47700;ASH_COATED_OSMIUM;9990;12;9987;10;;;10006;20;10007;12;;;9998.5;0.0
18;47700;INTARIAN_PEPPER_ROOT;31044;12;31043;11;;;31056;4;31058;12;;;31050.5;0.0
18;47800;ASH_COATED_OSMIUM;9986;15;9984;5;;;10002;15;10004;29;;;9994.0;0.0
18;47800;INTARIAN_PEPPER_ROOT;31041;10;31039;21;;;31058;20;31060;9;;;31049.5;0.0
18;47900;ASH_COATED_OSMIUM;9989;14;9988;14;9986;10;10008;11;10010;23;10013;12;9999.0;0.0
18;47900;INTARIAN_PEPPER_ROOT;31044;8;31043;12;;;31059;10;31061;9;;;31052.0;0.0
18;48000;ASH_COATED_OSMIUM;9989;15;;;;;10008;12;;;;;9999.0;0.0
18;48000;INTARIAN_PEPPER_ROOT;31037;15;31036;8;;;31051;9;31054;8;;;31044.0;0.0
18;48100;ASH_COATED_OSMIUM;9986;12;9984;14;;;10002;11;10005;12;;;9994.0;0.0
18;48100;INTARIAN_PEPPER_ROOT;31043;11;31042;9;;;31056;9;31059;10;;;31050.0;0.0
18;48200;ASH_COATED_OSMIUM;9992;10;9991;13;9989;12;10003;4;10006;13;10009;13;9998.0;0.0
18;48200;INTARIAN_PEPPER_ROOT;31037;9;31035;10;;;31053;8;31055;18;;;31045.5;0.0
18;48300;ASH_COATED_OSMIUM;9990;27;9987;15;;;10006;15;10009;14;;;9998.0;0.0
18;48300;INTARIAN_PEPPER_ROOT;31041;11;31039;11;31036;21;31056;10;31058;22;31060;9;31049.0;0.0
18;48400;ASH_COATED_OSMIUM;9994;11;;;;;10001;15;;;;;9998.0;0.0
18;48400;INTARIAN_PEPPER_ROOT;31041;12;31040;22;;;31055;17;31058;11;;;31048.0;0.0
18;48500;ASH_COATED_OSMIUM;9984;11;9982;14;;;10000;14;10003;11;;;9992.5;0.0
18;48500;INTARIAN_PEPPER_ROOT;31042;11;;;;;31053;9;;;;;31048.0;0.0
18;48600;ASH_COATED_OSMIUM;9988;12;9985;15;;;10004;10;10006;15;;;9996.5;0.0
18;48600;INTARIAN_PEPPER_ROOT;31042;12;31041;20;31038;23;31055;8;31057;10;31060;9;31049.0;0.0
18;48700;ASH_COATED_OSMIUM;9987;13;9986;13;9985;21;10006;12;10007;15;10009;14;9997.0;0.0
18;48700;INTARIAN_PEPPER_ROOT;31045;17;;;;;31053;8;;;;;31049.0;0.0
18;48800;ASH_COATED_OSMIUM;9982;14;9979;12;;;10001;10;10004;11;;;9991.5;0.0
18;48800;INTARIAN_PEPPER_ROOT;31036;12;31035;12;31033;11;31049;9;31052;8;31054;15;31043.0;0.0
18;48900;ASH_COATED_OSMIUM;9987;11;;;;;9997;11;;;;;9992.0;0.0
18;48900;INTARIAN_PEPPER_ROOT;31042;10;31040;9;31038;23;31055;20;31056;12;31059;22;31049.0;0.0
18;49000;ASH_COATED_OSMIUM;9989;13;9986;30;;;10005;13;10007;29;;;9997.5;0.0
18;49000;INTARIAN_PEPPER_ROOT;31042;21;31040;10;;;31057;8;31060;12;;;31050.0;0.0
18;49100;ASH_COATED_OSMIUM;9990;14;9988;15;;;10006;30;10008;12;;;9998.5;0.0
18;49100;INTARIAN_PEPPER_ROOT;31043;8;;;;;31056;6;;;;;31049.5;0.0
18;49200;ASH_COATED_OSMIUM;9988;15;9986;12;9983;28;10009;13;10011;15;10014;11;9998.5;0.0
18;49200;INTARIAN_PEPPER_ROOT;31045;11;31043;19;;;31061;9;31063;20;;;31053.5;0.0
18;49300;ASH_COATED_OSMIUM;9990;21;9988;12;9987;10;10006;30;10008;12;10009;15;9998.5;0.0
18;49300;INTARIAN_PEPPER_ROOT;31042;9;31039;11;;;31058;16;31061;9;;;31050.0;0.0
18;49400;ASH_COATED_OSMIUM;9984;4;;;;;10000;12;;;;;9992.5;0.0
18;49400;INTARIAN_PEPPER_ROOT;31041;10;31040;5;;;31053;11;31056;9;;;31047.0;0.0
18;49500;ASH_COATED_OSMIUM;9981;10;;;;;10002;13;;;;;9992.0;0.0
18;49500;INTARIAN_PEPPER_ROOT;31046;11;31043;10;31041;10;31060;10;31063;9;31065;20;31053.0;0.0
18;49600;ASH_COATED_OSMIUM;9983;15;9982;12;;;10001;11;10003;15;;;9992.0;0.0
18;49600;INTARIAN_PEPPER_ROOT;31041;8;;;;;31056;10;;;;;31049.0;0.0
18;49700;ASH_COATED_OSMIUM;9984;14;;;;;10000;23;;;;;9992.0;0.0
18;49700;INTARIAN_PEPPER_ROOT;31046;12;31045;12;31042;10;31058;9;31061;8;31062;12;31052.0;0.0
18;49800;ASH_COATED_OSMIUM;9984;14;9983;14;9980;13;10000;10;10002;14;10005;22;9992.0;0.0
18;49800;INTARIAN_PEPPER_ROOT;31041;11;;;;;31054;9;;;;;31048.0;0.0
18;49900;ASH_COATED_OSMIUM;9984;14;9982;15;;;10002;12;10004;11;;;9993.5;0.0
18;49900;INTARIAN_PEPPER_ROOT;31042;11;31040;24;;;31055;11;31056;17;;;31048.5;0.0
18;50000;ASH_COATED_OSMIUM;9985;10;;;;;10001;10;;;;;9993.5;0.0
18;50000;INTARIAN_PEPPER_ROOT;31041;18;31039;8;;;31055;9;31056;11;;;31048.5;0.0
18;50100;ASH_COATED_OSMIUM;9991;11;9988;10;9985;14;10007;13;10009;14;10012;12;9999.0;0.0
18;50100;INTARIAN_PEPPER_ROOT;31045;8;31043;11;31040;10;31057;12;31058;8;31061;12;31051.0;0.0
18;50200;ASH_COATED_OSMIUM;9986;14;;;;;10002;12;;;;;9994.0;0.0
18;50200;INTARIAN_PEPPER_ROOT;31043;25;31042;8;;;31057;10;31060;10;;;31050.5;0.0
18;50300;ASH_COATED_OSMIUM;9984;14;;;;;10003;15;;;;;9994.0;0.0
18;50300;INTARIAN_PEPPER_ROOT;31048;11;31046;11;31045;8;31059;12;31061;9;31062;9;31053.5;0.0
18;50400;ASH_COATED_OSMIUM;9991;15;9990;11;;;10007;14;10008;12;;;9999.5;0.0
18;50400;INTARIAN_PEPPER_ROOT;31040;12;;;;;31057;8;;;;;31048.5;0.0
18;50500;ASH_COATED_OSMIUM;9986;23;;;;;10002;14;;;;;9994.5;0.0
18;50500;INTARIAN_PEPPER_ROOT;31044;9;;;;;31057;11;;;;;31050.5;0.0
18;50600;ASH_COATED_OSMIUM;9987;10;9986;14;;;10003;10;10005;12;;;9995.0;0.0
18;50600;INTARIAN_PEPPER_ROOT;31048;9;;;;;31062;21;;;;;31055.0;0.0
18;50700;ASH_COATED_OSMIUM;9992;11;;;;;10008;14;;;;;10000.0;0.0
18;50700;INTARIAN_PEPPER_ROOT;31044;8;;;;;31056;9;;;;;31050.5;0.0
18;50800;ASH_COATED_OSMIUM;9985;30;9983;15;;;10004;12;10007;14;;;9994.5;0.0
18;50800;INTARIAN_PEPPER_ROOT;31048;10;31045;12;;;31061;12;31063;10;;;31055.0;0.0
18;50900;ASH_COATED_OSMIUM;9992;13;;;;;10008;12;;;;;10000.5;0.0
18;50900;INTARIAN_PEPPER_ROOT;31047;12;31044;8;31041;9;31060;19;31062;9;31063;11;31053.5;0.0
18;51000;ASH_COATED_OSMIUM;9986;13;9984;11;9983;12;10005;23;10008;10;10009;14;9996.0;0.0
18;51000;INTARIAN_PEPPER_ROOT;31046;10;;;;;31059;10;;;;;31053.0;0.0
18;51100;ASH_COATED_OSMIUM;9991;24;9988;13;9985;15;10001;11;10004;13;10007;14;9996.0;0.0
18;51100;INTARIAN_PEPPER_ROOT;31044;17;31042;11;;;31057;8;31058;10;;;31050.5;0.0
18;51200;ASH_COATED_OSMIUM;9991;13;9990;15;;;10010;11;10011;15;;;10001.0;0.0
18;51200;INTARIAN_PEPPER_ROOT;31044;17;31043;17;;;31059;9;31062;16;;;31052.0;0.0
18;51300;ASH_COATED_OSMIUM;9991;11;9988;13;;;10009;14;10010;25;;;10000.5;0.0
18;51300;INTARIAN_PEPPER_ROOT;31043;12;31040;12;;;31057;16;31060;12;;;31050.0;0.0
18;51400;ASH_COATED_OSMIUM;9987;12;;;;;10003;10;;;;;9995.0;0.0
18;51400;INTARIAN_PEPPER_ROOT;31041;8;31038;9;31036;10;31055;9;31057;12;31059;9;31048.0;0.0
18;51500;ASH_COATED_OSMIUM;9987;12;;;;;10003;13;;;;;9995.5;0.0
18;51500;INTARIAN_PEPPER_ROOT;31048;12;;;;;31060;9;;;;;31054.0;0.0
18;51600;ASH_COATED_OSMIUM;9991;29;9989;14;9986;23;10010;10;10011;14;10013;11;10001.0;0.0
18;51600;INTARIAN_PEPPER_ROOT;31047;12;31046;11;;;31058;11;31060;10;;;31053.0;0.0
18;51700;ASH_COATED_OSMIUM;9990;4;9987;11;;;10001;22;10002;10;;;9995.5;0.0
18;51700;INTARIAN_PEPPER_ROOT;31048;25;;;;;31061;22;;;;;31054.5;0.0
18;51800;ASH_COATED_OSMIUM;9986;15;9985;14;;;10004;12;10005;11;;;9995.0;0.0
18;51800;INTARIAN_PEPPER_ROOT;31047;10;;;;;31059;12;;;;;31053.5;0.0
18;51900;ASH_COATED_OSMIUM;9987;27;;;;;10003;14;;;;;9995.5;0.0
18;51900;INTARIAN_PEPPER_ROOT;31047;25;;;;;31060;12;;;;;31054.0;0.0
18;52000;ASH_COATED_OSMIUM;9987;26;9986;25;9985;12;10003;14;10005;14;10006;12;9995.5;0.0
18;52000;INTARIAN_PEPPER_ROOT;31045;7;31042;11;;;31058;12;31061;8;;;31052.0;0.0
18;52100;ASH_COATED_OSMIUM;9993;28;;;;;10009;24;;;;;10001.0;0.0
18;52100;INTARIAN_PEPPER_ROOT;31046;10;31044;8;;;31058;11;31061;9;;;31052.0;0.0
18;52200;ASH_COATED_OSMIUM;9987;12;9985;10;;;10003;12;10006;12;;;9995.0;0.0
18;52200;INTARIAN_PEPPER_ROOT;31043;12;31041;9;;;31057;11;31058;10;;;31050.5;0.0
18;52300;ASH_COATED_OSMIUM;9989;23;;;;;10004;21;;;;;9996.5;0.0
18;52300;INTARIAN_PEPPER_ROOT;31044;10;31043;10;;;31061;8;31063;10;;;31053.0;0.0
18;52400;ASH_COATED_OSMIUM;9993;2;9991;11;9988;15;10009;10;10012;14;10015;10;10001.5;0.0
18;52400;INTARIAN_PEPPER_ROOT;31046;19;31043;8;31040;12;31059;8;31060;8;31061;22;31052.5;0.0
18;52500;ASH_COATED_OSMIUM;9988;14;;;;;10004;10;;;;;9996.0;0.0
18;52500;INTARIAN_PEPPER_ROOT;31047;15;31046;16;;;31059;21;31062;11;;;31053.0;0.0
18;52600;ASH_COATED_OSMIUM;9988;13;9986;10;;;10004;20;10006;10;;;9996.5;0.0
18;52600;INTARIAN_PEPPER_ROOT;31046;9;31044;8;;;31059;12;31060;8;;;31052.5;0.0
18;52700;ASH_COATED_OSMIUM;9994;14;9991;15;9988;15;10010;15;10013;14;10015;10;10002.5;0.0
18;52700;INTARIAN_PEPPER_ROOT;31047;11;31044;8;31041;10;31060;12;31063;11;31065;11;31054.0;0.0
18;52800;ASH_COATED_OSMIUM;9989;21;;;;;10005;12;;;;;9997.0;0.0
18;52800;INTARIAN_PEPPER_ROOT;31044;21;31042;10;31040;9;31055;11;31056;9;31058;20;31050.0;0.0
18;52900;ASH_COATED_OSMIUM;9989;13;;;;;10005;13;;;;;9997.0;0.0
18;52900;INTARIAN_PEPPER_ROOT;31043;8;31041;10;31039;11;31055;10;31058;12;31060;8;31049.0;0.0
18;53000;ASH_COATED_OSMIUM;9994;15;;;;;10010;14;;;;;10002.0;0.0
18;53000;INTARIAN_PEPPER_ROOT;31046;10;31045;11;;;31063;24;31066;10;;;31054.5;0.0
18;53100;ASH_COATED_OSMIUM;9989;15;9986;10;;;10005;27;10008;15;;;9997.0;0.0
18;53100;INTARIAN_PEPPER_ROOT;31046;11;31044;12;31042;11;31058;22;31060;16;31063;8;31052.5;0.0
18;53200;ASH_COATED_OSMIUM;9987;10;;;;;10005;15;;;;;9996.0;0.0
18;53200;INTARIAN_PEPPER_ROOT;31046;9;31044;21;;;31058;9;31061;18;;;31052.0;0.0
18;53300;ASH_COATED_OSMIUM;9987;10;9986;10;9985;25;10003;10;10004;14;10006;29;9995.0;0.0
18;53300;INTARIAN_PEPPER_ROOT;31043;22;;;;;31060;19;;;;;31052.0;0.0
18;53400;ASH_COATED_OSMIUM;9990;14;;;;;9999;13;;;;;9995.0;0.0
18;53400;INTARIAN_PEPPER_ROOT;31047;8;31046;11;;;31059;12;31062;8;;;31053.0;0.0
18;53500;ASH_COATED_OSMIUM;9987;10;;;;;10003;27;;;;;9995.0;0.0
18;53500;INTARIAN_PEPPER_ROOT;31048;24;31045;8;;;31059;11;31062;10;;;31054.0;0.0
18;53600;ASH_COATED_OSMIUM;9992;10;9991;10;;;10008;10;10009;29;;;10000.5;0.0
18;53600;INTARIAN_PEPPER_ROOT;31051;12;31048;8;;;31067;11;31069;12;;;31059.0;0.0
18;53700;ASH_COATED_OSMIUM;9993;11;9991;11;9988;12;10009;12;10012;11;10014;15;10001.0;0.0
18;53700;INTARIAN_PEPPER_ROOT;31046;9;31043;11;;;31060;12;31063;10;;;31053.5;0.0
18;53800;ASH_COATED_OSMIUM;9996;12;;;;;10006;15;;;;;10001.0;0.0
18;53800;INTARIAN_PEPPER_ROOT;31044;10;;;;;31061;11;;;;;31053.0;0.0
18;53900;ASH_COATED_OSMIUM;9987;14;;;;;10003;13;;;;;9995.0;0.0
18;53900;INTARIAN_PEPPER_ROOT;31047;10;31045;9;;;31061;8;31063;4;;;31054.0;0.0
18;54000;ASH_COATED_OSMIUM;9986;15;;;;;10004;15;;;;;9995.0;0.0
18;54000;INTARIAN_PEPPER_ROOT;31049;8;;;;;31061;11;;;;;31055.5;0.0
18;54100;ASH_COATED_OSMIUM;9987;28;9985;15;;;10003;14;10004;29;;;9995.5;0.0
18;54100;INTARIAN_PEPPER_ROOT;31048;23;31047;11;31044;12;31060;19;31063;11;31065;8;31054.0;0.0
18;54200;ASH_COATED_OSMIUM;9989;25;;;;;10001;11;;;;;9995.5;0.0
18;54200;INTARIAN_PEPPER_ROOT;31048;23;31045;9;31042;9;31061;9;31063;10;31066;8;31054.5;0.0
18;54300;ASH_COATED_OSMIUM;9987;23;;;;;10003;13;;;;;9995.5;0.0
18;54300;INTARIAN_PEPPER_ROOT;31046;11;31044;12;31042;10;31059;9;31060;8;31061;9;31053.0;0.0
18;54400;ASH_COATED_OSMIUM;9993;12;9990;14;;;10009;5;10010;15;;;10001.0;0.0
18;54400;INTARIAN_PEPPER_ROOT;31046;8;31044;9;31041;11;31059;8;31062;8;31065;9;31052.5;0.0
18;54500;ASH_COATED_OSMIUM;9992;12;9990;4;;;10010;14;10012;25;;;10001.0;0.0
18;54500;INTARIAN_PEPPER_ROOT;31048;9;31046;11;31044;11;31059;12;31060;23;31063;8;31053.5;0.0
18;54600;ASH_COATED_OSMIUM;9988;11;9986;11;;;10004;12;10005;15;;;9996.0;0.0
18;54600;INTARIAN_PEPPER_ROOT;31045;8;31042;8;;;31061;9;31063;10;;;31053.0;0.0
18;54700;ASH_COATED_OSMIUM;9985;10;9984;14;;;10004;14;10007;13;;;9995.0;0.0
18;54700;INTARIAN_PEPPER_ROOT;31050;9;;;;;31062;8;;;;;31056.0;0.0
18;54800;ASH_COATED_OSMIUM;9986;14;;;;;10002;13;;;;;9994.5;0.0
18;54800;INTARIAN_PEPPER_ROOT;31050;9;;;;;31065;8;;;;;31058.0;0.0
18;54900;ASH_COATED_OSMIUM;9992;15;;;;;10004;12;;;;;9998.5;0.0
18;54900;INTARIAN_PEPPER_ROOT;31049;22;31046;8;31045;22;31061;25;31064;19;31067;8;31055.5;0.0
18;55000;ASH_COATED_OSMIUM;9986;11;9984;13;;;10002;12;10003;14;;;9994.0;0.0
18;55000;INTARIAN_PEPPER_ROOT;31047;9;31044;9;;;31063;9;31066;10;;;31055.5;0.0
18;55100;ASH_COATED_OSMIUM;9991;14;;;;;10007;13;;;;;9999.0;0.0
18;55100;INTARIAN_PEPPER_ROOT;31050;9;31047;9;;;31062;9;31065;11;;;31056.0;0.0
18;55200;ASH_COATED_OSMIUM;9986;12;;;;;10002;15;;;;;9994.0;0.0
18;55200;INTARIAN_PEPPER_ROOT;31049;11;;;;;31062;11;;;;;31055.5;0.0
18;55300;ASH_COATED_OSMIUM;9990;11;9989;22;9988;11;10008;11;10011;14;10012;10;9999.5;0.0
18;55300;INTARIAN_PEPPER_ROOT;31047;11;31044;12;;;31059;21;31060;9;;;31053.0;0.0
18;55400;ASH_COATED_OSMIUM;9983;15;;;;;10004;11;;;;;9993.5;0.0
18;55400;INTARIAN_PEPPER_ROOT;31051;11;;;;;31064;12;;;;;31057.5;0.0
18;55500;ASH_COATED_OSMIUM;9985;12;9982;9;9981;27;10001;15;10004;12;10007;10;9993.5;0.0
18;55500;INTARIAN_PEPPER_ROOT;31047;8;31046;11;;;31060;15;31063;12;;;31053.5;0.0
18;55600;ASH_COATED_OSMIUM;9989;13;;;;;10008;10;;;;;9999.0;0.0
18;55600;INTARIAN_PEPPER_ROOT;31048;12;31047;8;;;31061;8;31062;12;;;31054.5;0.0
18;55700;ASH_COATED_OSMIUM;9985;12;;;;;10001;12;;;;;9993.5;0.0
18;55700;INTARIAN_PEPPER_ROOT;31049;12;31046;10;;;31065;12;31066;10;;;31057.0;0.0
18;55800;ASH_COATED_OSMIUM;9988;11;9985;10;;;10007;14;10009;15;;;9998.0;0.0
18;55800;INTARIAN_PEPPER_ROOT;31050;10;31049;9;31046;9;31063;9;31064;12;31067;10;31056.5;0.0
18;55900;ASH_COATED_OSMIUM;9990;5;9988;14;9986;15;10006;12;10009;11;10010;27;9998.0;0.0
18;55900;INTARIAN_PEPPER_ROOT;31047;10;31044;8;;;31058;12;31059;10;;;31052.5;0.0
18;56000;ASH_COATED_OSMIUM;9990;7;9987;12;9985;13;10006;13;10008;8;10009;14;9998.0;0.0
18;56000;INTARIAN_PEPPER_ROOT;31044;12;31043;11;31040;11;31057;12;31059;10;31061;12;31050.5;0.0
18;56100;ASH_COATED_OSMIUM;9984;15;9981;14;;;10000;12;10001;12;;;9992.5;0.0
18;56100;INTARIAN_PEPPER_ROOT;31051;19;31049;11;;;31062;11;31065;11;;;31057.0;0.0
18;56200;ASH_COATED_OSMIUM;9989;14;9988;13;9986;25;10005;12;10007;14;10010;24;9997.5;0.0
18;56200;INTARIAN_PEPPER_ROOT;31052;9;;;;;31064;9;;;;;31058.0;0.0
18;56300;ASH_COATED_OSMIUM;9985;13;9984;30;;;10001;12;10004;10;;;9993.0;0.0
18;56300;INTARIAN_PEPPER_ROOT;31050;12;;;;;31062;9;;;;;31056.5;0.0
18;56400;ASH_COATED_OSMIUM;9990;12;9988;15;;;10006;15;10007;12;;;9998.0;0.0
18;56400;INTARIAN_PEPPER_ROOT;31049;6;31048;10;;;31063;8;31066;22;;;31056.5;0.0
18;56500;ASH_COATED_OSMIUM;9989;10;9988;13;;;10005;15;10007;23;;;9997.5;0.0
18;56500;INTARIAN_PEPPER_ROOT;31048;12;31045;12;;;31065;9;31066;12;;;31057.0;0.0
18;56600;ASH_COATED_OSMIUM;9984;14;;;;;10000;12;;;;;9992.0;0.0
18;56600;INTARIAN_PEPPER_ROOT;31050;17;;;;;31067;12;;;;;31059.0;0.0
18;56700;ASH_COATED_OSMIUM;9983;12;;;;;10001;12;;;;;9992.5;0.0
18;56700;INTARIAN_PEPPER_ROOT;31048;8;31045;8;;;31063;9;31065;9;;;31056.0;0.0
18;56800;ASH_COATED_OSMIUM;9985;25;9982;10;;;10001;8;10004;30;;;9993.0;0.0
18;56800;INTARIAN_PEPPER_ROOT;31050;8;31048;25;;;31063;10;31066;12;;;31056.5;0.0
18;56900;ASH_COATED_OSMIUM;9984;13;9981;15;9978;21;10000;11;10003;12;10005;22;9992.5;0.0
18;56900;INTARIAN_PEPPER_ROOT;31054;12;31051;9;;;31068;18;31070;23;;;31061.0;0.0
18;57000;ASH_COATED_OSMIUM;9987;15;9985;13;;;10006;13;10007;11;;;9996.5;0.0
18;57000;INTARIAN_PEPPER_ROOT;31049;10;;;;;31061;11;;;;;31055.0;0.0
18;57100;ASH_COATED_OSMIUM;9988;11;9987;15;;;10004;11;10005;21;;;9996.5;0.0
18;57100;INTARIAN_PEPPER_ROOT;31050;8;31049;10;31048;9;31062;11;31065;8;31066;10;31056.0;0.0
18;57200;ASH_COATED_OSMIUM;9982;10;9980;15;;;10000;24;10002;30;;;9991.5;0.0
18;57200;INTARIAN_PEPPER_ROOT;31046;10;31044;8;31041;9;31059;21;31060;8;31062;20;31052.5;0.0
18;57300;ASH_COATED_OSMIUM;9981;12;9979;10;9977;9;10002;21;10004;14;10006;15;9991.5;0.0
18;57300;INTARIAN_PEPPER_ROOT;31050;8;31049;11;31048;10;31064;12;31065;10;31068;10;31057.5;0.0
18;57400;ASH_COATED_OSMIUM;9990;10;9989;12;9986;12;10006;12;10009;26;10011;13;9998.5;0.0
18;57400;INTARIAN_PEPPER_ROOT;31052;9;31049;8;31046;9;31065;8;31066;10;31067;12;31059.0;0.0
18;57500;ASH_COATED_OSMIUM;9990;14;9988;11;;;10006;11;10008;15;;;9998.5;0.0
18;57500;INTARIAN_PEPPER_ROOT;31051;10;31050;11;;;31064;8;31067;11;;;31058.0;0.0
18;57600;ASH_COATED_OSMIUM;9985;24;;;;;10001;10;;;;;9993.5;0.0
18;57600;INTARIAN_PEPPER_ROOT;31050;12;31047;10;31046;20;31066;12;31068;10;31069;9;31058.5;0.0
18;57700;ASH_COATED_OSMIUM;9983;15;9980;11;;;10002;24;10004;12;;;9993.0;0.0
18;57700;INTARIAN_PEPPER_ROOT;31051;12;31049;9;31048;22;31062;9;31065;12;31066;11;31057.0;0.0
18;57800;ASH_COATED_OSMIUM;9985;15;9984;15;;;10001;2;10004;12;;;9993.0;0.0
18;57800;INTARIAN_PEPPER_ROOT;31051;8;;;;;31065;12;;;;;31058.0;0.0
18;57900;ASH_COATED_OSMIUM;9989;10;;;;;10008;14;;;;;9998.5;0.0
18;57900;INTARIAN_PEPPER_ROOT;31053;8;;;;;31065;9;;;;;31059.0;0.0
18;58000;ASH_COATED_OSMIUM;9984;24;;;;;10000;12;;;;;9992.5;0.0
18;58000;INTARIAN_PEPPER_ROOT;31052;9;;;;;31064;12;;;;;31058.5;0.0
18;58100;ASH_COATED_OSMIUM;9990;14;9988;12;;;10006;13;10008;14;;;9998.0;0.0
18;58100;INTARIAN_PEPPER_ROOT;31052;25;31049;8;;;31068;8;31071;23;;;31060.0;0.0
18;58200;ASH_COATED_OSMIUM;9983;10;9981;10;9978;10;10002;10;10005;10;10008;12;9993.0;0.0
18;58200;INTARIAN_PEPPER_ROOT;31052;24;31050;11;;;31066;8;31069;11;;;31059.0;0.0
18;58300;ASH_COATED_OSMIUM;9990;15;9987;3;;;10006;13;10008;14;;;9998.5;0.0
18;58300;INTARIAN_PEPPER_ROOT;31054;11;31051;9;;;31066;17;31067;11;;;31060.5;0.0
18;58400;ASH_COATED_OSMIUM;9986;30;;;;;10002;12;;;;;9994.0;0.0
18;58400;INTARIAN_PEPPER_ROOT;31053;9;31052;9;;;31066;3;31068;11;;;31059.5;0.0
18;58500;ASH_COATED_OSMIUM;9990;26;9988;12;;;10006;14;10008;22;;;9998.5;0.0
18;58500;INTARIAN_PEPPER_ROOT;31050;8;31049;12;;;31067;12;31068;12;;;31058.5;0.0
18;58600;ASH_COATED_OSMIUM;9985;10;;;;;10001;12;;;;;9993.5;0.0
18;58600;INTARIAN_PEPPER_ROOT;31056;11;31053;10;;;31069;12;31071;10;;;31062.5;0.0
18;58700;ASH_COATED_OSMIUM;9986;12;9984;11;;;10002;11;10004;14;;;9994.5;0.0
18;58700;INTARIAN_PEPPER_ROOT;31050;22;31048;25;;;31067;11;31069;9;;;31058.5;0.0
18;58800;ASH_COATED_OSMIUM;9992;12;;;;;10008;12;;;;;10000.0;0.0
18;58800;INTARIAN_PEPPER_ROOT;31053;10;;;;;31065;19;;;;;31059.5;0.0
18;58900;ASH_COATED_OSMIUM;9987;8;9984;10;9981;10;10003;11;10004;15;10005;14;9995.5;0.0
18;58900;INTARIAN_PEPPER_ROOT;31050;11;31049;20;;;31065;11;31066;19;;;31057.5;0.0
18;59000;ASH_COATED_OSMIUM;9992;12;;;;;10008;11;;;;;10000.5;0.0
18;59000;INTARIAN_PEPPER_ROOT;31049;11;;;;;31064;8;;;;;31056.5;0.0
18;59100;ASH_COATED_OSMIUM;9992;10;;;;;10008;10;;;;;10000.0;0.0
18;59100;INTARIAN_PEPPER_ROOT;31053;23;31051;12;;;31065;8;31066;8;;;31059.5;0.0
18;59200;ASH_COATED_OSMIUM;9991;11;9989;15;9987;14;10007;11;10009;12;10011;11;9999.5;0.0
18;59200;INTARIAN_PEPPER_ROOT;31052;12;31049;22;31046;10;31064;8;31065;10;31066;10;31058.0;0.0
18;59300;ASH_COATED_OSMIUM;9986;14;9985;11;;;10002;15;10004;11;;;9994.0;0.0
18;59300;INTARIAN_PEPPER_ROOT;31049;8;31046;11;31043;9;31062;8;31065;9;31066;23;31055.5;0.0
18;59400;ASH_COATED_OSMIUM;9986;9;9985;13;9982;29;10002;12;10003;24;10004;14;9994.0;0.0
18;59400;INTARIAN_PEPPER_ROOT;31054;12;31052;8;31049;10;31067;9;31068;9;31070;11;31060.5;0.0
18;59500;ASH_COATED_OSMIUM;9986;15;9984;14;9981;15;10002;11;10005;24;10007;13;9994.0;0.0
18;59500;INTARIAN_PEPPER_ROOT;31052;20;31050;12;;;31065;18;31068;12;;;31059.0;0.0
18;59600;ASH_COATED_OSMIUM;9990;15;;;;;10008;21;;;;;9999.5;0.0
18;59600;INTARIAN_PEPPER_ROOT;31053;20;;;;;31066;10;;;;;31060.0;0.0
18;59700;ASH_COATED_OSMIUM;9986;15;9983;12;;;10002;5;10004;14;;;9994.0;0.0
18;59700;INTARIAN_PEPPER_ROOT;31054;10;;;;;31066;8;;;;;31060.5;0.0
18;59800;ASH_COATED_OSMIUM;9984;10;9981;2;9980;11;10003;12;10004;13;10006;15;9994.0;0.0
18;59800;INTARIAN_PEPPER_ROOT;31048;8;;;;;31064;24;;;;;31056.0;0.0
18;59900;ASH_COATED_OSMIUM;9991;11;9988;10;;;10007;14;10008;15;;;9999.0;0.0
18;59900;INTARIAN_PEPPER_ROOT;31055;11;;;;;31066;21;;;;;31060.5;0.0
18;60000;ASH_COATED_OSMIUM;9991;13;;;;;10007;12;;;;;9999.0;0.0
18;60000;INTARIAN_PEPPER_ROOT;31052;11;31050;11;31049;12;31064;9;31066;8;31068;10;31058.0;0.0
18;60100;ASH_COATED_OSMIUM;9990;12;9988;10;;;10006;15;10008;11;;;9998.5;0.0
18;60100;INTARIAN_PEPPER_ROOT;31052;11;31049;11;;;31064;10;31067;11;;;31058.5;0.0
18;60200;ASH_COATED_OSMIUM;9985;11;9984;11;;;10001;12;10002;13;;;9993.0;0.0
18;60200;INTARIAN_PEPPER_ROOT;31058;11;31056;9;;;31069;19;31072;9;;;31063.5;0.0
18;60300;ASH_COATED_OSMIUM;9984;14;9981;13;9979;13;10002;12;10004;13;10005;10;9993.0;0.0
18;60300;INTARIAN_PEPPER_ROOT;31059;10;31057;8;;;31061;8;31064;22;;;31060.5;0.0
18;60400;ASH_COATED_OSMIUM;9990;15;9987;10;;;10008;6;10010;12;;;9999.0;0.0
18;60400;INTARIAN_PEPPER_ROOT;31051;8;31049;8;;;31065;23;31066;8;;;31058.5;0.0
18;60500;ASH_COATED_OSMIUM;9991;29;9988;22;9986;15;10007;20;10008;28;10010;10;9999.5;0.0
18;60500;INTARIAN_PEPPER_ROOT;31057;8;31055;25;;;31074;11;31077;10;;;31065.5;0.0
18;60600;ASH_COATED_OSMIUM;9986;11;;;;;10002;4;;;;;9994.5;0.0
18;60600;INTARIAN_PEPPER_ROOT;31055;11;31054;11;31052;8;31069;9;31070;12;31071;10;31062.0;0.0
18;60700;ASH_COATED_OSMIUM;9984;12;9981;14;9978;15;10003;13;10006;15;10007;12;9994.0;0.0
18;60700;INTARIAN_PEPPER_ROOT;31052;9;;;;;31066;7;;;;;31059.0;0.0
18;60800;ASH_COATED_OSMIUM;9985;12;;;;;10003;12;;;;;9994.5;0.0
18;60800;INTARIAN_PEPPER_ROOT;31060;12;31059;16;;;31075;8;31077;10;;;31068.0;0.0
18;60900;ASH_COATED_OSMIUM;9985;12;9983;15;;;10004;14;10005;10;;;9994.5;0.0
18;60900;INTARIAN_PEPPER_ROOT;31055;12;31053;9;31050;9;31067;11;31068;10;31069;23;31061.5;0.0
18;61000;ASH_COATED_OSMIUM;9992;22;9991;12;;;10008;11;10010;12;;;10000.0;0.0
18;61000;INTARIAN_PEPPER_ROOT;31055;24;31052;8;;;31069;10;31070;9;;;31062.5;0.0
18;61100;ASH_COATED_OSMIUM;9987;11;9986;14;9983;30;10003;23;10004;11;10006;21;9995.0;0.0
18;61100;INTARIAN_PEPPER_ROOT;31053;9;31051;12;31049;10;31066;12;31068;10;31071;12;31059.5;0.0
18;61200;ASH_COATED_OSMIUM;9988;13;9987;10;9986;15;10004;11;10006;21;10008;12;9996.0;0.0
18;61200;INTARIAN_PEPPER_ROOT;31060;10;;;;;31072;8;;;;;31066.0;0.0
18;61300;ASH_COATED_OSMIUM;9990;23;9989;10;9988;14;10011;10;10012;11;10015;12;10001.0;0.0
18;61300;INTARIAN_PEPPER_ROOT;31052;8;31049;12;;;31066;11;31067;8;;;31059.5;0.0
18;61400;ASH_COATED_OSMIUM;9986;13;9983;11;9982;15;10004;12;10007;13;10009;11;9995.5;0.0
18;61400;INTARIAN_PEPPER_ROOT;31060;10;;;;;31071;10;;;;;31066.0;0.0
18;61500;ASH_COATED_OSMIUM;9986;13;9984;11;;;10004;14;10006;14;;;9995.0;0.0
18;61500;INTARIAN_PEPPER_ROOT;31058;4;31056;11;;;31070;9;31073;11;;;31064.5;0.0
18;61600;ASH_COATED_OSMIUM;9991;27;;;;;10010;15;;;;;10000.5;0.0
18;61600;INTARIAN_PEPPER_ROOT;31054;9;31052;8;;;31067;10;31069;10;;;31061.0;0.0
18;61700;ASH_COATED_OSMIUM;9992;15;9990;12;;;9998;12;9999;14;;;9995.5;0.0
18;61700;INTARIAN_PEPPER_ROOT;31054;12;31052;10;31051;11;31066;9;31068;8;31071;8;31060.0;0.0
18;61800;ASH_COATED_OSMIUM;9993;10;;;;;10009;25;;;;;10001.0;0.0
18;61800;INTARIAN_PEPPER_ROOT;31056;21;31053;11;31051;11;31069;9;31070;9;31072;12;31062.5;0.0
18;61900;ASH_COATED_OSMIUM;9993;11;;;;;10009;11;;;;;10001.0;0.0
18;61900;INTARIAN_PEPPER_ROOT;31054;12;;;;;31067;11;;;;;31061.0;0.0
18;62000;ASH_COATED_OSMIUM;9988;15;;;;;10004;10;;;;;9996.0;0.0
18;62000;INTARIAN_PEPPER_ROOT;31055;10;31053;16;31050;9;31067;12;31069;12;31070;10;31061.0;0.0
18;62100;ASH_COATED_OSMIUM;9993;14;9992;12;;;10009;20;10010;13;;;10001.5;0.0
18;62100;INTARIAN_PEPPER_ROOT;31055;12;;;;;31070;18;;;;;31062.5;0.0
18;62200;ASH_COATED_OSMIUM;9988;15;;;;;10004;13;;;;;9996.5;0.0
18;62200;INTARIAN_PEPPER_ROOT;31056;20;31055;9;31053;11;31068;8;31070;21;31071;24;31062.0;0.0
18;62300;ASH_COATED_OSMIUM;9988;14;9987;13;;;10004;15;10006;15;;;9996.0;0.0
18;62300;INTARIAN_PEPPER_ROOT;31054;12;31052;12;;;31069;5;31072;9;;;31062.0;0.0
18;62400;ASH_COATED_OSMIUM;9993;22;9990;12;;;10009;11;10011;22;;;10001.5;0.0
18;62400;INTARIAN_PEPPER_ROOT;31056;11;31054;9;;;31073;11;31076;10;;;31064.5;0.0
18;62500;ASH_COATED_OSMIUM;9993;13;9992;26;;;10011;23;10014;15;;;10002.0;0.0
18;62500;INTARIAN_PEPPER_ROOT;31053;11;;;;;31066;12;;;;;31060.0;0.0
18;62600;ASH_COATED_OSMIUM;9994;15;9993;14;;;10010;12;10011;29;;;10002.0;0.0
18;62600;INTARIAN_PEPPER_ROOT;31057;8;31054;8;31053;10;31068;18;31069;10;31071;24;31063.0;0.0
18;62700;ASH_COATED_OSMIUM;9993;11;9990;10;9987;10;10009;12;10011;27;10012;20;10001.0;0.0
18;62700;INTARIAN_PEPPER_ROOT;31053;17;31052;12;;;31068;11;31069;12;;;31060.5;0.0
18;62800;ASH_COATED_OSMIUM;9992;13;9989;11;9987;11;10008;12;10011;12;10012;12;10000.5;0.0
18;62800;INTARIAN_PEPPER_ROOT;31055;9;;;;;31072;12;;;;;31064.0;0.0
18;62900;ASH_COATED_OSMIUM;9993;12;;;;;10009;12;;;;;10001.5;0.0
18;62900;INTARIAN_PEPPER_ROOT;31056;8;31055;10;31052;11;31069;8;31072;10;31075;12;31063.0;0.0
18;63000;ASH_COATED_OSMIUM;9987;14;;;;;10003;26;;;;;9995.5;0.0
18;63000;INTARIAN_PEPPER_ROOT;31054;8;31051;8;;;31066;15;31068;11;;;31060.5;0.0
18;63100;ASH_COATED_OSMIUM;9986;14;9984;11;;;10004;12;10006;11;;;9995.0;0.0
18;63100;INTARIAN_PEPPER_ROOT;31055;10;31053;12;31051;12;31068;10;31069;9;31071;8;31061.5;0.0
18;63200;ASH_COATED_OSMIUM;9987;15;9984;14;9983;27;10003;10;10004;13;10005;13;9995.0;0.0
18;63200;INTARIAN_PEPPER_ROOT;31057;8;;;;;31069;12;;;;;31063.5;0.0
18;63300;ASH_COATED_OSMIUM;9986;13;9984;3;9983;21;10002;15;10004;12;10007;13;9994.5;0.0
18;63300;INTARIAN_PEPPER_ROOT;31053;10;31051;8;;;31071;12;31072;11;;;31062.0;0.0
18;63400;ASH_COATED_OSMIUM;9992;24;;;;;10008;23;;;;;10000.0;0.0
18;63400;INTARIAN_PEPPER_ROOT;31057;20;;;;;31072;11;;;;;31064.5;0.0
18;63500;ASH_COATED_OSMIUM;9985;10;9982;14;;;10004;14;10006;10;;;9994.5;0.0
18;63500;INTARIAN_PEPPER_ROOT;31060;22;31059;12;31057;22;31071;10;31074;24;31077;8;31065.5;0.0
18;63600;ASH_COATED_OSMIUM;9990;15;9988;12;;;10008;15;10011;27;;;9999.5;0.0
18;63600;INTARIAN_PEPPER_ROOT;31054;11;;;;;31073;12;;;;;31064.0;0.0
18;63700;ASH_COATED_OSMIUM;9991;15;9990;15;;;10007;11;10008;10;;;9999.5;0.0
18;63700;INTARIAN_PEPPER_ROOT;31055;8;31053;12;;;31067;11;31070;12;;;31061.0;0.0
18;63800;ASH_COATED_OSMIUM;9989;12;9987;15;9986;12;10000;13;10002;13;10005;5;9994.5;0.0
18;63800;INTARIAN_PEPPER_ROOT;31062;9;31060;8;;;31073;12;31076;8;;;31068.0;0.0
18;63900;ASH_COATED_OSMIUM;9991;13;9990;24;9987;13;10007;15;10010;15;10011;14;9999.5;0.0
18;63900;INTARIAN_PEPPER_ROOT;31055;11;31054;12;;;31069;12;31072;8;;;31062.5;0.0
18;64000;ASH_COATED_OSMIUM;9985;10;;;;;10003;13;;;;;9994.5;0.0
18;64000;INTARIAN_PEPPER_ROOT;31060;9;31058;10;;;31073;8;31075;20;;;31067.0;0.0
