timestamp;buyer;seller;symbol;currency;price;quantity
2979;;;INTARIAN_PEPPER_ROOT;XIRECS;29998.0;6
3282;;;ASH_COATED_OSMIUM;XIRECS;10000.0;4
3644;;;ASH_COATED_OSMIUM;XIRECS;10001.0;4
4922;;;INTARIAN_PEPPER_ROOT;XIRECS;30001.0;7
4931;;;ASH_COATED_OSMIUM;XIRECS;9999.0;8
4952;;;INTARIAN_PEPPER_ROOT;XIRECS;30001.0;6
7034;;;ASH_COATED_OSMIUM;XIRECS;9997.0;3
8430;;;ASH_COATED_OSMIUM;XIRECS;9987.0;3
8531;;;ASH_COATED_OSMIUM;XIRECS;9999.0;6
13090;;;INTARIAN_PEPPER_ROOT;XIRECS;30006.0;6
19013;;;ASH_COATED_OSMIUM;XIRECS;10002.0;2
19099;;;INTARIAN_PEPPER_ROOT;XIRECS;30025.0;7
20375;;;INTARIAN_PEPPER_ROOT;XIRECS;30029.0;5
27719;;;ASH_COATED_OSMIUM;XIRECS;9981.0;10
27818;;;INTARIAN_PEPPER_ROOT;XIRECS;30035.0;3
28118;;;INTARIAN_PEPPER_ROOT;XIRECS;30021.0;6
32198;;;INTARIAN_PEPPER_ROOT;XIRECS;30024.0;4
33759;;;INTARIAN_PEPPER_ROOT;XIRECS;30026.0;6
34142;;;INTARIAN_PEPPER_ROOT;XIRECS;30026.0;5
34197;;;ASH_COATED_OSMIUM;XIRECS;9995.0;5
36120;;;INTARIAN_PEPPER_ROOT;XIRECS;30042.0;4
39490;;;INTARIAN_PEPPER_ROOT;XIRECS;30044.0;5
41350;;;INTARIAN_PEPPER_ROOT;XIRECS;30032.0;6
42349;;;ASH_COATED_OSMIUM;XIRECS;10004.0;5
43127;;;ASH_COATED_OSMIUM;XIRECS;9984.0;2
45457;;;INTARIAN_PEPPER_ROOT;XIRECS;30052.0;3
48351;;;INTARIAN_PEPPER_ROOT;XIRECS;30053.0;4
51000;;;INTARIAN_PEPPER_ROOT;XIRECS;30044.0;6
51661;;;INTARIAN_PEPPER_ROOT;XIRECS;30055.0;6
52190;;;INTARIAN_PEPPER_ROOT;XIRECS;30044.0;3
53089;;;ASH_COATED_OSMIUM;XIRECS;9983.0;3
54098;;;ASH_COATED_OSMIUM;XIRECS;9982.0;6
55392;;;INTARIAN_PEPPER_ROOT;XIRECS;30048.0;3
56430;;;ASH_COATED_OSMIUM;XIRECS;10008.0;5
56530;;;INTARIAN_PEPPER_ROOT;XIRECS;30065.0;5
57359;;;ASH_COATED_OSMIUM;XIRECS;9985.0;4
57521;;;INTARIAN_PEPPER_ROOT;XIRECS;30061.0;5
58480;;;INTARIAN_PEPPER_ROOT;XIRECS;30064.0;5
59961;;;ASH_COATED_OSMIUM;XIRECS;10004.0;5
61211;;;ASH_COATED_OSMIUM;XIRECS;10003.0;3
61828;;;ASH_COATED_OSMIUM;XIRECS;10010.0;4
62302;;;INTARIAN_PEPPER_ROOT;XIRECS;30060.0;7
65063;;;INTARIAN_PEPPER_ROOT;XIRECS;30062.0;3
68441;;;INTARIAN_PEPPER_ROOT;XIRECS;30075.0;4
69192;;;INTARIAN_PEPPER_ROOT;XIRECS;30063.0;5
72487;;;INTARIAN_PEPPER_ROOT;XIRECS;30073.0;7
73815;;;ASH_COATED_OSMIUM;XIRECS;10009.0;6
74451;;;INTARIAN_PEPPER_ROOT;XIRECS;30080.0;5
74951;;;ASH_COATED_OSMIUM;XIRECS;9994.0;9
75367;;;ASH_COATED_OSMIUM;XIRECS;10006.0;5
75442;;;ASH_COATED_OSMIUM;XIRECS;9988.0;3
75578;;;ASH_COATED_OSMIUM;XIRECS;9994.0;7
76045;;;ASH_COATED_OSMIUM;XIRECS;9989.0;8
77030;;;ASH_COATED_OSMIUM;XIRECS;9996.0;2
78231;;;INTARIAN_PEPPER_ROOT;XIRECS;30069.0;8
82708;;;ASH_COATED_OSMIUM;XIRECS;10001.0;2
84571;;;INTARIAN_PEPPER_ROOT;XIRECS;30087.0;4
85992;;;INTARIAN_PEPPER_ROOT;XIRECS;30082.0;3
86441;;;INTARIAN_PEPPER_ROOT;XIRECS;30094.0;5
86465;;;ASH_COATED_OSMIUM;XIRECS;9998.0;5
86621;;;ASH_COATED_OSMIUM;XIRECS;9993.0;10
88161;;;ASH_COATED_OSMIUM;XIRECS;10000.0;6
88698;;;INTARIAN_PEPPER_ROOT;XIRECS;30093.0;4
90766;;;INTARIAN_PEPPER_ROOT;XIRECS;30099.0;3
92689;;;INTARIAN_PEPPER_ROOT;XIRECS;30102.0;6
93407;;;ASH_COATED_OSMIUM;XIRECS;9998.0;3
95118;;;ASH_COATED_OSMIUM;XIRECS;10010.0;8
95512;;;INTARIAN_PEPPER_ROOT;XIRECS;30091.0;3
96285;;;INTARIAN_PEPPER_ROOT;XIRECS;30106.0;5
97896;;;ASH_COATED_OSMIUM;XIRECS;9997.0;6
98320;;;INTARIAN_PEPPER_ROOT;XIRECS;30105.0;7
98705;;;ASH_COATED_OSMIUM;XIRECS;9993.0;5
99274;;;INTARIAN_PEPPER_ROOT;XIRECS;30093.0;5
100165;;;ASH_COATED_OSMIUM;XIRECS;9996.0;7
101698;;;INTARIAN_PEPPER_ROOT;XIRECS;30092.0;6
101789;;;INTARIAN_PEPPER_ROOT;XIRECS;30094.0;6
102211;;;ASH_COATED_OSMIUM;XIRECS;10014.0;7
106655;;;ASH_COATED_OSMIUM;XIRECS;10016.0;4
108236;;;INTARIAN_PEPPER_ROOT;XIRECS;30113.0;5
108252;;;ASH_COATED_OSMIUM;XIRECS;9998.0;7
111531;;;INTARIAN_PEPPER_ROOT;XIRECS;30101.0;7
111820;;;INTARIAN_PEPPER_ROOT;XIRECS;30122.0;5
114029;;;ASH_COATED_OSMIUM;XIRECS;9995.0;9
114289;;;INTARIAN_PEPPER_ROOT;XIRECS;30107.0;4
116077;;;INTARIAN_PEPPER_ROOT;XIRECS;30106.0;5
116258;;;ASH_COATED_OSMIUM;XIRECS;9990.0;4
117575;;;ASH_COATED_OSMIUM;XIRECS;9989.0;7
119950;;;ASH_COATED_OSMIUM;XIRECS;9987.0;2
121338;;;ASH_COATED_OSMIUM;XIRECS;9987.0;10
122061;;;INTARIAN_PEPPER_ROOT;XIRECS;30129.0;4
122711;;;INTARIAN_PEPPER_ROOT;XIRECS;30132.0;4
123109;;;INTARIAN_PEPPER_ROOT;XIRECS;30115.0;4
123660;;;INTARIAN_PEPPER_ROOT;XIRECS;30131.0;8
124265;;;ASH_COATED_OSMIUM;XIRECS;9988.0;3
125280;;;ASH_COATED_OSMIUM;XIRECS;9990.0;9
126653;;;INTARIAN_PEPPER_ROOT;XIRECS;30136.0;5
131001;;;INTARIAN_PEPPER_ROOT;XIRECS;30137.0;4
133377;;;ASH_COATED_OSMIUM;XIRECS;10016.0;4
134595;;;INTARIAN_PEPPER_ROOT;XIRECS;30143.0;3
134721;;;ASH_COATED_OSMIUM;XIRECS;10009.0;10
134783;;;INTARIAN_PEPPER_ROOT;XIRECS;30140.0;3
136889;;;ASH_COATED_OSMIUM;XIRECS;10015.0;5
137109;;;ASH_COATED_OSMIUM;XIRECS;9992.0;2
137424;;;ASH_COATED_OSMIUM;XIRECS;9998.0;4
138124;;;ASH_COATED_OSMIUM;XIRECS;10011.0;6
139630;;;INTARIAN_PEPPER_ROOT;XIRECS;30133.0;3
139868;;;ASH_COATED_OSMIUM;XIRECS;9989.0;10
139877;;;ASH_COATED_OSMIUM;XIRECS;9989.0;3
139902;;;ASH_COATED_OSMIUM;XIRECS;10005.0;5
144529;;;ASH_COATED_OSMIUM;XIRECS;9989.0;3
144865;;;INTARIAN_PEPPER_ROOT;XIRECS;30148.0;6
145144;;;INTARIAN_PEPPER_ROOT;XIRECS;30135.0;6
145193;;;ASH_COATED_OSMIUM;XIRECS;9992.0;9
146833;;;ASH_COATED_OSMIUM;XIRECS;9994.0;6
148298;;;ASH_COATED_OSMIUM;XIRECS;9990.0;7
150112;;;ASH_COATED_OSMIUM;XIRECS;10006.0;6
150828;;;INTARIAN_PEPPER_ROOT;XIRECS;30144.0;8
150854;;;ASH_COATED_OSMIUM;XIRECS;10005.0;3
152814;;;INTARIAN_PEPPER_ROOT;XIRECS;30158.0;6
154845;;;ASH_COATED_OSMIUM;XIRECS;9997.0;2
156120;;;ASH_COATED_OSMIUM;XIRECS;9996.0;8
156489;;;ASH_COATED_OSMIUM;XIRECS;10014.0;5
160227;;;INTARIAN_PEPPER_ROOT;XIRECS;30168.0;3
161270;;;ASH_COATED_OSMIUM;XIRECS;9993.0;9
161283;;;ASH_COATED_OSMIUM;XIRECS;10009.0;3
162449;;;INTARIAN_PEPPER_ROOT;XIRECS;30169.0;5
162888;;;ASH_COATED_OSMIUM;XIRECS;10012.0;3
163468;;;INTARIAN_PEPPER_ROOT;XIRECS;30152.0;6
163597;;;ASH_COATED_OSMIUM;XIRECS;10012.0;7
166813;;;ASH_COATED_OSMIUM;XIRECS;9990.0;4
170042;;;ASH_COATED_OSMIUM;XIRECS;9989.0;5
173199;;;ASH_COATED_OSMIUM;XIRECS;9994.0;5
173304;;;INTARIAN_PEPPER_ROOT;XIRECS;30180.0;3
174198;;;INTARIAN_PEPPER_ROOT;XIRECS;30180.0;6
174327;;;ASH_COATED_OSMIUM;XIRECS;10005.0;10
176396;;;INTARIAN_PEPPER_ROOT;XIRECS;30170.0;5
177478;;;INTARIAN_PEPPER_ROOT;XIRECS;30168.0;6
177814;;;ASH_COATED_OSMIUM;XIRECS;9987.0;6
178377;;;ASH_COATED_OSMIUM;XIRECS;9987.0;8
178482;;;ASH_COATED_OSMIUM;XIRECS;9988.0;6
179470;;;INTARIAN_PEPPER_ROOT;XIRECS;30177.0;3
180111;;;INTARIAN_PEPPER_ROOT;XIRECS;30173.0;6
180375;;;ASH_COATED_OSMIUM;XIRECS;9993.0;3
180394;;;ASH_COATED_OSMIUM;XIRECS;10011.0;9
182408;;;ASH_COATED_OSMIUM;XIRECS;10009.0;6
183464;;;INTARIAN_PEPPER_ROOT;XIRECS;30178.0;6
187332;;;INTARIAN_PEPPER_ROOT;XIRECS;30177.0;4
188101;;;INTARIAN_PEPPER_ROOT;XIRECS;30195.0;3
190100;;;ASH_COATED_OSMIUM;XIRECS;9988.0;2
194733;;;INTARIAN_PEPPER_ROOT;XIRECS;30197.0;5
197622;;;INTARIAN_PEPPER_ROOT;XIRECS;30205.0;4
197669;;;INTARIAN_PEPPER_ROOT;XIRECS;30205.0;6
200313;;;INTARIAN_PEPPER_ROOT;XIRECS;30193.0;7
203183;;;INTARIAN_PEPPER_ROOT;XIRECS;30191.0;4
203621;;;ASH_COATED_OSMIUM;XIRECS;9986.0;10
203746;;;ASH_COATED_OSMIUM;XIRECS;9992.0;5
204078;;;INTARIAN_PEPPER_ROOT;XIRECS;30197.0;5
204201;;;ASH_COATED_OSMIUM;XIRECS;9987.0;2
204398;;;ASH_COATED_OSMIUM;XIRECS;9987.0;4
205028;;;ASH_COATED_OSMIUM;XIRECS;10010.0;10
205559;;;ASH_COATED_OSMIUM;XIRECS;10008.0;4
213032;;;INTARIAN_PEPPER_ROOT;XIRECS;30223.0;6
213677;;;INTARIAN_PEPPER_ROOT;XIRECS;30208.0;3
214007;;;ASH_COATED_OSMIUM;XIRECS;9993.0;3
214962;;;ASH_COATED_OSMIUM;XIRECS;9992.0;5
215155;;;INTARIAN_PEPPER_ROOT;XIRECS;30211.0;7
215226;;;ASH_COATED_OSMIUM;XIRECS;9990.0;8
215299;;;ASH_COATED_OSMIUM;XIRECS;10006.0;3
216570;;;ASH_COATED_OSMIUM;XIRECS;9991.0;5
220019;;;ASH_COATED_OSMIUM;XIRECS;10007.0;2
223681;;;ASH_COATED_OSMIUM;XIRECS;10011.0;3
224899;;;INTARIAN_PEPPER_ROOT;XIRECS;30218.0;6
224984;;;INTARIAN_PEPPER_ROOT;XIRECS;30217.0;6
225731;;;INTARIAN_PEPPER_ROOT;XIRECS;30216.0;7
226529;;;ASH_COATED_OSMIUM;XIRECS;9990.0;4
226730;;;INTARIAN_PEPPER_ROOT;XIRECS;30217.0;5
229575;;;INTARIAN_PEPPER_ROOT;XIRECS;30229.0;4
230492;;;INTARIAN_PEPPER_ROOT;XIRECS;30235.0;7
231040;;;ASH_COATED_OSMIUM;XIRECS;10015.0;6
232114;;;ASH_COATED_OSMIUM;XIRECS;10008.0;6
233764;;;INTARIAN_PEPPER_ROOT;XIRECS;30228.0;5
234120;;;ASH_COATED_OSMIUM;XIRECS;10013.0;7
234288;;;INTARIAN_PEPPER_ROOT;XIRECS;30244.0;5
235134;;;INTARIAN_PEPPER_ROOT;XIRECS;30236.0;5
235946;;;ASH_COATED_OSMIUM;XIRECS;10016.0;10
236032;;;INTARIAN_PEPPER_ROOT;XIRECS;30231.0;6
236879;;;INTARIAN_PEPPER_ROOT;XIRECS;30229.0;3
239887;;;INTARIAN_PEPPER_ROOT;XIRECS;30246.0;5
241724;;;ASH_COATED_OSMIUM;XIRECS;10006.0;8
244429;;;ASH_COATED_OSMIUM;XIRECS;9996.0;4
245061;;;INTARIAN_PEPPER_ROOT;XIRECS;30240.0;3
245957;;;INTARIAN_PEPPER_ROOT;XIRECS;30258.0;5
247628;;;ASH_COATED_OSMIUM;XIRECS;9999.0;2
249277;;;ASH_COATED_OSMIUM;XIRECS;9993.0;6
254195;;;ASH_COATED_OSMIUM;XIRECS;10007.0;10
254729;;;ASH_COATED_OSMIUM;XIRECS;9990.0;7
255522;;;INTARIAN_PEPPER_ROOT;XIRECS;30248.0;5
256165;;;INTARIAN_PEPPER_ROOT;XIRECS;30260.0;4
257621;;;INTARIAN_PEPPER_ROOT;XIRECS;30264.0;6
257664;;;ASH_COATED_OSMIUM;XIRECS;9999.0;4
258108;;;INTARIAN_PEPPER_ROOT;XIRECS;30247.0;3
258490;;;ASH_COATED_OSMIUM;XIRECS;10000.0;7
258959;;;ASH_COATED_OSMIUM;XIRECS;9983.0;8
260307;;;INTARIAN_PEPPER_ROOT;XIRECS;30254.0;4
260433;;;ASH_COATED_OSMIUM;XIRECS;9997.0;10
261105;;;INTARIAN_PEPPER_ROOT;XIRECS;30270.0;5
261763;;;INTARIAN_PEPPER_ROOT;XIRECS;30267.0;4
262006;;;ASH_COATED_OSMIUM;XIRECS;9980.0;3
263835;;;ASH_COATED_OSMIUM;XIRECS;9986.0;3
264146;;;INTARIAN_PEPPER_ROOT;XIRECS;30258.0;5
264480;;;INTARIAN_PEPPER_ROOT;XIRECS;30271.0;3
264499;;;INTARIAN_PEPPER_ROOT;XIRECS;30257.0;3
264585;;;ASH_COATED_OSMIUM;XIRECS;9986.0;3
265159;;;INTARIAN_PEPPER_ROOT;XIRECS;30259.0;6
265823;;;ASH_COATED_OSMIUM;XIRECS;10005.0;2
270491;;;ASH_COATED_OSMIUM;XIRECS;9984.0;10
270564;;;INTARIAN_PEPPER_ROOT;XIRECS;30275.0;3
272438;;;ASH_COATED_OSMIUM;XIRECS;9992.0;2
276118;;;ASH_COATED_OSMIUM;XIRECS;9998.0;4
277149;;;ASH_COATED_OSMIUM;XIRECS;9987.0;6
277857;;;ASH_COATED_OSMIUM;XIRECS;9980.0;2
280252;;;ASH_COATED_OSMIUM;XIRECS;10004.0;6
282186;;;ASH_COATED_OSMIUM;XIRECS;9990.0;10
283089;;;INTARIAN_PEPPER_ROOT;XIRECS;30277.0;6
283580;;;ASH_COATED_OSMIUM;XIRECS;10005.0;5
285945;;;ASH_COATED_OSMIUM;XIRECS;9986.0;8
286992;;;ASH_COATED_OSMIUM;XIRECS;9999.0;6
288484;;;INTARIAN_PEPPER_ROOT;XIRECS;30281.0;3
288823;;;INTARIAN_PEPPER_ROOT;XIRECS;30280.0;5
291352;;;ASH_COATED_OSMIUM;XIRECS;9999.0;6
292322;;;INTARIAN_PEPPER_ROOT;XIRECS;30282.0;7
293684;;;ASH_COATED_OSMIUM;XIRECS;9998.0;5
294656;;;ASH_COATED_OSMIUM;XIRECS;9982.0;4
296663;;;ASH_COATED_OSMIUM;XIRECS;10000.0;4
298057;;;ASH_COATED_OSMIUM;XIRECS;9986.0;3
298511;;;ASH_COATED_OSMIUM;XIRECS;10004.0;5
299545;;;ASH_COATED_OSMIUM;XIRECS;10006.0;10
301174;;;ASH_COATED_OSMIUM;XIRECS;10003.0;2
301567;;;ASH_COATED_OSMIUM;XIRECS;9984.0;7
301934;;;ASH_COATED_OSMIUM;XIRECS;9989.0;3
302227;;;ASH_COATED_OSMIUM;XIRECS;9990.0;4
303828;;;ASH_COATED_OSMIUM;XIRECS;10002.0;6
305668;;;ASH_COATED_OSMIUM;XIRECS;10009.0;6
306514;;;ASH_COATED_OSMIUM;XIRECS;10007.0;2
306521;;;INTARIAN_PEPPER_ROOT;XIRECS;30314.0;6
311445;;;ASH_COATED_OSMIUM;XIRECS;10006.0;8
312250;;;ASH_COATED_OSMIUM;XIRECS;10003.0;4
313880;;;ASH_COATED_OSMIUM;XIRECS;10002.0;3
314634;;;ASH_COATED_OSMIUM;XIRECS;10008.0;5
315020;;;ASH_COATED_OSMIUM;XIRECS;10005.0;5
315892;;;ASH_COATED_OSMIUM;XIRECS;10010.0;3
318261;;;INTARIAN_PEPPER_ROOT;XIRECS;30312.0;3
318553;;;INTARIAN_PEPPER_ROOT;XIRECS;30327.0;7
318652;;;ASH_COATED_OSMIUM;XIRECS;9989.0;10
319035;;;ASH_COATED_OSMIUM;XIRECS;9990.0;3
319212;;;INTARIAN_PEPPER_ROOT;XIRECS;30309.0;5
320250;;;ASH_COATED_OSMIUM;XIRECS;10012.0;8
320783;;;ASH_COATED_OSMIUM;XIRECS;10007.0;10
322981;;;INTARIAN_PEPPER_ROOT;XIRECS;30313.0;6
324657;;;ASH_COATED_OSMIUM;XIRECS;9995.0;10
324852;;;INTARIAN_PEPPER_ROOT;XIRECS;30315.0;7
328626;;;ASH_COATED_OSMIUM;XIRECS;10007.0;3
329577;;;ASH_COATED_OSMIUM;XIRECS;9994.0;7
329615;;;ASH_COATED_OSMIUM;XIRECS;9993.0;2
329739;;;ASH_COATED_OSMIUM;XIRECS;10005.0;4
334281;;;ASH_COATED_OSMIUM;XIRECS;9989.0;9
336768;;;INTARIAN_PEPPER_ROOT;XIRECS;30343.0;7
337821;;;ASH_COATED_OSMIUM;XIRECS;9997.0;3
342666;;;INTARIAN_PEPPER_ROOT;XIRECS;30337.0;3
344286;;;ASH_COATED_OSMIUM;XIRECS;10004.0;3
346887;;;ASH_COATED_OSMIUM;XIRECS;9987.0;5
349372;;;INTARIAN_PEPPER_ROOT;XIRECS;30347.0;7
349588;;;INTARIAN_PEPPER_ROOT;XIRECS;30342.0;7
350366;;;ASH_COATED_OSMIUM;XIRECS;10007.0;4
350851;;;INTARIAN_PEPPER_ROOT;XIRECS;30343.0;5
352110;;;ASH_COATED_OSMIUM;XIRECS;9995.0;5
352124;;;INTARIAN_PEPPER_ROOT;XIRECS;30359.0;5
352721;;;INTARIAN_PEPPER_ROOT;XIRECS;30364.0;7
355778;;;INTARIAN_PEPPER_ROOT;XIRECS;30349.0;7
358006;;;ASH_COATED_OSMIUM;XIRECS;10012.0;6
359766;;;ASH_COATED_OSMIUM;XIRECS;10007.0;5
359997;;;ASH_COATED_OSMIUM;XIRECS;9990.0;8
360601;;;ASH_COATED_OSMIUM;XIRECS;10009.0;6
361302;;;INTARIAN_PEPPER_ROOT;XIRECS;30367.0;6
362436;;;ASH_COATED_OSMIUM;XIRECS;9996.0;6
363468;;;ASH_COATED_OSMIUM;XIRECS;10010.0;3
364830;;;INTARIAN_PEPPER_ROOT;XIRECS;30370.0;7
364961;;;ASH_COATED_OSMIUM;XIRECS;9994.0;7
365005;;;ASH_COATED_OSMIUM;XIRECS;10009.0;9
365697;;;INTARIAN_PEPPER_ROOT;XIRECS;30373.0;5
366841;;;INTARIAN_PEPPER_ROOT;XIRECS;30372.0;4
367279;;;ASH_COATED_OSMIUM;XIRECS;9994.0;6
367508;;;ASH_COATED_OSMIUM;XIRECS;9993.0;6
367533;;;ASH_COATED_OSMIUM;XIRECS;10009.0;6
368113;;;ASH_COATED_OSMIUM;XIRECS;10011.0;6
369063;;;INTARIAN_PEPPER_ROOT;XIRECS;30374.0;3
369636;;;INTARIAN_PEPPER_ROOT;XIRECS;30374.0;7
371033;;;ASH_COATED_OSMIUM;XIRECS;10006.0;4
371277;;;ASH_COATED_OSMIUM;XIRECS;10011.0;3
374783;;;ASH_COATED_OSMIUM;XIRECS;9994.0;5
375119;;;INTARIAN_PEPPER_ROOT;XIRECS;30381.0;3
377849;;;ASH_COATED_OSMIUM;XIRECS;9997.0;4
379269;;;INTARIAN_PEPPER_ROOT;XIRECS;30380.0;6
379322;;;INTARIAN_PEPPER_ROOT;XIRECS;30371.0;4
382320;;;ASH_COATED_OSMIUM;XIRECS;9993.0;4
382588;;;ASH_COATED_OSMIUM;XIRECS;10017.0;10
383340;;;ASH_COATED_OSMIUM;XIRECS;10017.0;9
383799;;;INTARIAN_PEPPER_ROOT;XIRECS;30377.0;3
384957;;;INTARIAN_PEPPER_ROOT;XIRECS;30373.0;6
389986;;;INTARIAN_PEPPER_ROOT;XIRECS;30376.0;8
390562;;;ASH_COATED_OSMIUM;XIRECS;10012.0;10
390997;;;INTARIAN_PEPPER_ROOT;XIRECS;30382.0;7
391454;;;ASH_COATED_OSMIUM;XIRECS;10013.0;5
391805;;;ASH_COATED_OSMIUM;XIRECS;10013.0;7
393013;;;INTARIAN_PEPPER_ROOT;XIRECS;30398.0;7
393404;;;INTARIAN_PEPPER_ROOT;XIRECS;30401.0;5
396258;;;ASH_COATED_OSMIUM;XIRECS;10020.0;3
397377;;;INTARIAN_PEPPER_ROOT;XIRECS;30391.0;5
399731;;;ASH_COATED_OSMIUM;XIRECS;10001.0;6
400163;;;INTARIAN_PEPPER_ROOT;XIRECS;30393.0;4
400267;;;ASH_COATED_OSMIUM;XIRECS;10003.0;2
401226;;;ASH_COATED_OSMIUM;XIRECS;10018.0;2
401604;;;ASH_COATED_OSMIUM;XIRECS;10002.0;5
401659;;;INTARIAN_PEPPER_ROOT;XIRECS;30392.0;8
402894;;;ASH_COATED_OSMIUM;XIRECS;10017.0;6
404758;;;INTARIAN_PEPPER_ROOT;XIRECS;30406.0;6
406371;;;INTARIAN_PEPPER_ROOT;XIRECS;30399.0;3
406378;;;INTARIAN_PEPPER_ROOT;XIRECS;30399.0;7
408488;;;INTARIAN_PEPPER_ROOT;XIRECS;30418.0;3
410112;;;INTARIAN_PEPPER_ROOT;XIRECS;30403.0;6
410733;;;ASH_COATED_OSMIUM;XIRECS;9998.0;2
413820;;;INTARIAN_PEPPER_ROOT;XIRECS;30409.0;4
417174;;;ASH_COATED_OSMIUM;XIRECS;9997.0;4
417354;;;ASH_COATED_OSMIUM;XIRECS;9997.0;9
417487;;;INTARIAN_PEPPER_ROOT;XIRECS;30412.0;3
417696;;;INTARIAN_PEPPER_ROOT;XIRECS;30401.0;6
421494;;;ASH_COATED_OSMIUM;XIRECS;9989.0;2
421725;;;INTARIAN_PEPPER_ROOT;XIRECS;30416.0;7
424626;;;INTARIAN_PEPPER_ROOT;XIRECS;30431.0;6
425339;;;ASH_COATED_OSMIUM;XIRECS;9991.0;7
427032;;;ASH_COATED_OSMIUM;XIRECS;10009.0;2
429766;;;ASH_COATED_OSMIUM;XIRECS;9992.0;6
429860;;;ASH_COATED_OSMIUM;XIRECS;9991.0;8
430669;;;INTARIAN_PEPPER_ROOT;XIRECS;30439.0;7
431348;;;INTARIAN_PEPPER_ROOT;XIRECS;30425.0;4
432565;;;INTARIAN_PEPPER_ROOT;XIRECS;30442.0;6
432761;;;ASH_COATED_OSMIUM;XIRECS;9997.0;5
434582;;;INTARIAN_PEPPER_ROOT;XIRECS;30427.0;3
436501;;;ASH_COATED_OSMIUM;XIRECS;10014.0;9
436826;;;INTARIAN_PEPPER_ROOT;XIRECS;30431.0;7
441351;;;ASH_COATED_OSMIUM;XIRECS;10006.0;5
442434;;;ASH_COATED_OSMIUM;XIRECS;9991.0;10
442492;;;INTARIAN_PEPPER_ROOT;XIRECS;30450.0;8
442606;;;INTARIAN_PEPPER_ROOT;XIRECS;30448.0;7
442806;;;ASH_COATED_OSMIUM;XIRECS;9987.0;3
443141;;;ASH_COATED_OSMIUM;XIRECS;10008.0;6
443683;;;ASH_COATED_OSMIUM;XIRECS;9996.0;6
449594;;;INTARIAN_PEPPER_ROOT;XIRECS;30442.0;5
449706;;;ASH_COATED_OSMIUM;XIRECS;9990.0;10
450374;;;ASH_COATED_OSMIUM;XIRECS;9983.0;5
451386;;;INTARIAN_PEPPER_ROOT;XIRECS;30457.0;3
453594;;;ASH_COATED_OSMIUM;XIRECS;9989.0;8
453734;;;ASH_COATED_OSMIUM;XIRECS;10005.0;10
455116;;;INTARIAN_PEPPER_ROOT;XIRECS;30462.0;3
457410;;;INTARIAN_PEPPER_ROOT;XIRECS;30451.0;6
457484;;;INTARIAN_PEPPER_ROOT;XIRECS;30451.0;3
459792;;;ASH_COATED_OSMIUM;XIRECS;10003.0;7
460659;;;INTARIAN_PEPPER_ROOT;XIRECS;30458.0;3
462471;;;INTARIAN_PEPPER_ROOT;XIRECS;30456.0;5
463338;;;ASH_COATED_OSMIUM;XIRECS;9995.0;2
465304;;;INTARIAN_PEPPER_ROOT;XIRECS;30458.0;3
468838;;;INTARIAN_PEPPER_ROOT;XIRECS;30457.0;4
470320;;;ASH_COATED_OSMIUM;XIRECS;10009.0;2
475437;;;INTARIAN_PEPPER_ROOT;XIRECS;30466.0;6
475498;;;INTARIAN_PEPPER_ROOT;XIRECS;30466.0;3
475701;;;ASH_COATED_OSMIUM;XIRECS;9997.0;4
475866;;;ASH_COATED_OSMIUM;XIRECS;10007.0;4
476140;;;INTARIAN_PEPPER_ROOT;XIRECS;30467.0;4
476413;;;ASH_COATED_OSMIUM;XIRECS;10013.0;7
476468;;;INTARIAN_PEPPER_ROOT;XIRECS;30468.0;3
477181;;;ASH_COATED_OSMIUM;XIRECS;9989.0;6
479744;;;INTARIAN_PEPPER_ROOT;XIRECS;30472.0;6
481240;;;INTARIAN_PEPPER_ROOT;XIRECS;30491.0;3
482065;;;ASH_COATED_OSMIUM;XIRECS;10005.0;6
482462;;;ASH_COATED_OSMIUM;XIRECS;10010.0;6
483009;;;INTARIAN_PEPPER_ROOT;XIRECS;30489.0;4
485699;;;INTARIAN_PEPPER_ROOT;XIRECS;30494.0;6
485980;;;INTARIAN_PEPPER_ROOT;XIRECS;30481.0;4
486392;;;ASH_COATED_OSMIUM;XIRECS;10005.0;2
491320;;;INTARIAN_PEPPER_ROOT;XIRECS;30501.0;7
493569;;;INTARIAN_PEPPER_ROOT;XIRECS;30501.0;7
494374;;;ASH_COATED_OSMIUM;XIRECS;9987.0;8
496820;;;INTARIAN_PEPPER_ROOT;XIRECS;30503.0;4
500810;;;ASH_COATED_OSMIUM;XIRECS;10005.0;8
502677;;;INTARIAN_PEPPER_ROOT;XIRECS;30496.0;6
503404;;;ASH_COATED_OSMIUM;XIRECS;10000.0;2
504144;;;ASH_COATED_OSMIUM;XIRECS;10002.0;7
504953;;;ASH_COATED_OSMIUM;XIRECS;9995.0;5
508276;;;INTARIAN_PEPPER_ROOT;XIRECS;30497.0;7
509844;;;ASH_COATED_OSMIUM;XIRECS;9990.0;7
511732;;;ASH_COATED_OSMIUM;XIRECS;9984.0;3
512248;;;INTARIAN_PEPPER_ROOT;XIRECS;30506.0;7
512602;;;INTARIAN_PEPPER_ROOT;XIRECS;30505.0;7
513597;;;ASH_COATED_OSMIUM;XIRECS;10002.0;2
516467;;;ASH_COATED_OSMIUM;XIRECS;10003.0;2
518428;;;ASH_COATED_OSMIUM;XIRECS;10010.0;5
518696;;;INTARIAN_PEPPER_ROOT;XIRECS;30516.0;3
518734;;;ASH_COATED_OSMIUM;XIRECS;10005.0;3
522616;;;INTARIAN_PEPPER_ROOT;XIRECS;30525.0;7
522716;;;ASH_COATED_OSMIUM;XIRECS;9994.0;5
523046;;;ASH_COATED_OSMIUM;XIRECS;10006.0;8
523306;;;ASH_COATED_OSMIUM;XIRECS;10007.0;3
523462;;;INTARIAN_PEPPER_ROOT;XIRECS;30530.0;7
523565;;;INTARIAN_PEPPER_ROOT;XIRECS;30519.0;4
524566;;;ASH_COATED_OSMIUM;XIRECS;9988.0;6
525420;;;INTARIAN_PEPPER_ROOT;XIRECS;30521.0;4
526158;;;INTARIAN_PEPPER_ROOT;XIRECS;30533.0;7
526460;;;ASH_COATED_OSMIUM;XIRECS;9989.0;4
527666;;;INTARIAN_PEPPER_ROOT;XIRECS;30535.0;3
532011;;;INTARIAN_PEPPER_ROOT;XIRECS;30543.0;4
533898;;;ASH_COATED_OSMIUM;XIRECS;9985.0;7
536126;;;INTARIAN_PEPPER_ROOT;XIRECS;30538.0;7
540324;;;ASH_COATED_OSMIUM;XIRECS;9981.0;3
540932;;;ASH_COATED_OSMIUM;XIRECS;9997.0;6
543033;;;ASH_COATED_OSMIUM;XIRECS;9997.0;9
543955;;;ASH_COATED_OSMIUM;XIRECS;9987.0;6
544517;;;INTARIAN_PEPPER_ROOT;XIRECS;30539.0;3
545191;;;INTARIAN_PEPPER_ROOT;XIRECS;30538.0;7
545691;;;INTARIAN_PEPPER_ROOT;XIRECS;30543.0;8
546141;;;INTARIAN_PEPPER_ROOT;XIRECS;30553.0;4
546212;;;INTARIAN_PEPPER_ROOT;XIRECS;30558.0;8
546796;;;INTARIAN_PEPPER_ROOT;XIRECS;30552.0;5
549568;;;ASH_COATED_OSMIUM;XIRECS;10007.0;4
553146;;;ASH_COATED_OSMIUM;XIRECS;10001.0;9
554398;;;ASH_COATED_OSMIUM;XIRECS;10006.0;3
555198;;;ASH_COATED_OSMIUM;XIRECS;9984.0;4
556112;;;INTARIAN_PEPPER_ROOT;XIRECS;30561.0;4
557333;;;INTARIAN_PEPPER_ROOT;XIRECS;30565.0;6
558772;;;ASH_COATED_OSMIUM;XIRECS;9987.0;6
559342;;;ASH_COATED_OSMIUM;XIRECS;9990.0;5
561011;;;INTARIAN_PEPPER_ROOT;XIRECS;30565.0;5
562574;;;INTARIAN_PEPPER_ROOT;XIRECS;30559.0;3
564026;;;INTARIAN_PEPPER_ROOT;XIRECS;30566.0;7
569466;;;INTARIAN_PEPPER_ROOT;XIRECS;30564.0;3
569644;;;INTARIAN_PEPPER_ROOT;XIRECS;30564.0;7
570313;;;ASH_COATED_OSMIUM;XIRECS;10004.0;3
572138;;;ASH_COATED_OSMIUM;XIRECS;9982.0;7
573352;;;INTARIAN_PEPPER_ROOT;XIRECS;30565.0;3
574773;;;INTARIAN_PEPPER_ROOT;XIRECS;30563.0;3
575333;;;INTARIAN_PEPPER_ROOT;XIRECS;30577.0;3
575713;;;INTARIAN_PEPPER_ROOT;XIRECS;30568.0;5
576537;;;ASH_COATED_OSMIUM;XIRECS;9998.0;6
579105;;;INTARIAN_PEPPER_ROOT;XIRECS;30583.0;4
579442;;;INTARIAN_PEPPER_ROOT;XIRECS;30572.0;6
579667;;;INTARIAN_PEPPER_ROOT;XIRECS;30574.0;3
579992;;;ASH_COATED_OSMIUM;XIRECS;10007.0;2
580349;;;INTARIAN_PEPPER_ROOT;XIRECS;30573.0;7
580366;;;INTARIAN_PEPPER_ROOT;XIRECS;30585.0;4
581152;;;ASH_COATED_OSMIUM;XIRECS;9991.0;10
582626;;;ASH_COATED_OSMIUM;XIRECS;9988.0;6
584069;;;ASH_COATED_OSMIUM;XIRECS;10005.0;7
584250;;;ASH_COATED_OSMIUM;XIRECS;9989.0;2
585137;;;INTARIAN_PEPPER_ROOT;XIRECS;30591.0;3
585623;;;INTARIAN_PEPPER_ROOT;XIRECS;30583.0;3
587174;;;INTARIAN_PEPPER_ROOT;XIRECS;30582.0;6
587228;;;INTARIAN_PEPPER_ROOT;XIRECS;30599.0;3
587681;;;INTARIAN_PEPPER_ROOT;XIRECS;30592.0;4
588304;;;INTARIAN_PEPPER_ROOT;XIRECS;30598.0;6
588516;;;ASH_COATED_OSMIUM;XIRECS;9999.0;7
590199;;;ASH_COATED_OSMIUM;XIRECS;10006.0;10
591007;;;INTARIAN_PEPPER_ROOT;XIRECS;30588.0;7
591741;;;INTARIAN_PEPPER_ROOT;XIRECS;30598.0;3
593965;;;INTARIAN_PEPPER_ROOT;XIRECS;30586.0;7
594837;;;INTARIAN_PEPPER_ROOT;XIRECS;30601.0;5
597294;;;ASH_COATED_OSMIUM;XIRECS;9993.0;5
598314;;;ASH_COATED_OSMIUM;XIRECS;9992.0;3
600166;;;INTARIAN_PEPPER_ROOT;XIRECS;30607.0;4
601412;;;ASH_COATED_OSMIUM;XIRECS;9992.0;2
603784;;;INTARIAN_PEPPER_ROOT;XIRECS;30610.0;6
603913;;;INTARIAN_PEPPER_ROOT;XIRECS;30599.0;6
604150;;;INTARIAN_PEPPER_ROOT;XIRECS;30595.0;4
606889;;;ASH_COATED_OSMIUM;XIRECS;9985.0;5
609205;;;ASH_COATED_OSMIUM;XIRECS;10000.0;6
610918;;;INTARIAN_PEPPER_ROOT;XIRECS;30618.0;5
612779;;;ASH_COATED_OSMIUM;XIRECS;9989.0;6
614000;;;ASH_COATED_OSMIUM;XIRECS;10003.0;2
614199;;;ASH_COATED_OSMIUM;XIRECS;9991.0;3
615691;;;ASH_COATED_OSMIUM;XIRECS;9993.0;7
616359;;;INTARIAN_PEPPER_ROOT;XIRECS;30622.0;4
617296;;;ASH_COATED_OSMIUM;XIRECS;10010.0;6
617829;;;ASH_COATED_OSMIUM;XIRECS;10010.0;7
617941;;;INTARIAN_PEPPER_ROOT;XIRECS;30608.0;3
618052;;;ASH_COATED_OSMIUM;XIRECS;10005.0;5
619536;;;ASH_COATED_OSMIUM;XIRECS;10011.0;6
622062;;;INTARIAN_PEPPER_ROOT;XIRECS;30616.0;3
622454;;;INTARIAN_PEPPER_ROOT;XIRECS;30631.0;6
622817;;;ASH_COATED_OSMIUM;XIRECS;9997.0;6
624569;;;ASH_COATED_OSMIUM;XIRECS;10008.0;9
625233;;;ASH_COATED_OSMIUM;XIRECS;9994.0;4
626717;;;ASH_COATED_OSMIUM;XIRECS;10008.0;3
626956;;;ASH_COATED_OSMIUM;XIRECS;10013.0;5
628270;;;ASH_COATED_OSMIUM;XIRECS;10002.0;8
628349;;;ASH_COATED_OSMIUM;XIRECS;10008.0;2
628493;;;INTARIAN_PEPPER_ROOT;XIRECS;30618.0;6
629965;;;ASH_COATED_OSMIUM;XIRECS;9996.0;3
630211;;;ASH_COATED_OSMIUM;XIRECS;10003.0;4
631961;;;ASH_COATED_OSMIUM;XIRECS;10004.0;6
633813;;;INTARIAN_PEPPER_ROOT;XIRECS;30628.0;3
636044;;;INTARIAN_PEPPER_ROOT;XIRECS;30627.0;7
638533;;;INTARIAN_PEPPER_ROOT;XIRECS;30630.0;8
639303;;;ASH_COATED_OSMIUM;XIRECS;10013.0;7
642347;;;ASH_COATED_OSMIUM;XIRECS;9991.0;8
642804;;;INTARIAN_PEPPER_ROOT;XIRECS;30652.0;7
642906;;;INTARIAN_PEPPER_ROOT;XIRECS;30652.0;6
643213;;;ASH_COATED_OSMIUM;XIRECS;9990.0;6
644710;;;ASH_COATED_OSMIUM;XIRECS;10006.0;7
648785;;;INTARIAN_PEPPER_ROOT;XIRECS;30656.0;4
649888;;;INTARIAN_PEPPER_ROOT;XIRECS;30641.0;7
650141;;;ASH_COATED_OSMIUM;XIRECS;10006.0;4
652289;;;INTARIAN_PEPPER_ROOT;XIRECS;30660.0;7
655113;;;ASH_COATED_OSMIUM;XIRECS;9997.0;3
658104;;;INTARIAN_PEPPER_ROOT;XIRECS;30653.0;7
663202;;;INTARIAN_PEPPER_ROOT;XIRECS;30655.0;4
663209;;;ASH_COATED_OSMIUM;XIRECS;9996.0;3
663799;;;INTARIAN_PEPPER_ROOT;XIRECS;30660.0;8
664105;;;INTARIAN_PEPPER_ROOT;XIRECS;30658.0;7
664531;;;INTARIAN_PEPPER_ROOT;XIRECS;30671.0;7
665485;;;ASH_COATED_OSMIUM;XIRECS;9990.0;2
666660;;;INTARIAN_PEPPER_ROOT;XIRECS;30673.0;4
667727;;;ASH_COATED_OSMIUM;XIRECS;9994.0;10
668707;;;ASH_COATED_OSMIUM;XIRECS;9988.0;5
670094;;;ASH_COATED_OSMIUM;XIRECS;9992.0;5
671301;;;ASH_COATED_OSMIUM;XIRECS;10005.0;10
671516;;;ASH_COATED_OSMIUM;XIRECS;9986.0;4
675750;;;ASH_COATED_OSMIUM;XIRECS;9992.0;4
677663;;;ASH_COATED_OSMIUM;XIRECS;9987.0;9
677674;;;ASH_COATED_OSMIUM;XIRECS;10003.0;2
680948;;;ASH_COATED_OSMIUM;XIRECS;10009.0;6
683425;;;INTARIAN_PEPPER_ROOT;XIRECS;30671.0;6
683678;;;ASH_COATED_OSMIUM;XIRECS;9989.0;2
688425;;;ASH_COATED_OSMIUM;XIRECS;9990.0;2
689929;;;ASH_COATED_OSMIUM;XIRECS;10007.0;10
691202;;;INTARIAN_PEPPER_ROOT;XIRECS;30698.0;3
691385;;;ASH_COATED_OSMIUM;XIRECS;9991.0;2
693639;;;ASH_COATED_OSMIUM;XIRECS;9990.0;2
694843;;;ASH_COATED_OSMIUM;XIRECS;10009.0;4
697163;;;INTARIAN_PEPPER_ROOT;XIRECS;30709.0;5
697486;;;INTARIAN_PEPPER_ROOT;XIRECS;30704.0;6
699027;;;ASH_COATED_OSMIUM;XIRECS;10006.0;9
699316;;;ASH_COATED_OSMIUM;XIRECS;10011.0;5
700214;;;INTARIAN_PEPPER_ROOT;XIRECS;30699.0;6
701936;;;ASH_COATED_OSMIUM;XIRECS;9987.0;2
703876;;;ASH_COATED_OSMIUM;XIRECS;9992.0;4
704867;;;INTARIAN_PEPPER_ROOT;XIRECS;30696.0;6
705206;;;INTARIAN_PEPPER_ROOT;XIRECS;30710.0;7
705862;;;ASH_COATED_OSMIUM;XIRECS;9983.0;6
706283;;;ASH_COATED_OSMIUM;XIRECS;9990.0;3
706766;;;INTARIAN_PEPPER_ROOT;XIRECS;30719.0;5
707073;;;ASH_COATED_OSMIUM;XIRECS;10001.0;3
707344;;;INTARIAN_PEPPER_ROOT;XIRECS;30701.0;4
707792;;;INTARIAN_PEPPER_ROOT;XIRECS;30711.0;8
707889;;;ASH_COATED_OSMIUM;XIRECS;9991.0;10
710159;;;INTARIAN_PEPPER_ROOT;XIRECS;30706.0;3
711107;;;INTARIAN_PEPPER_ROOT;XIRECS;30716.0;6
712476;;;INTARIAN_PEPPER_ROOT;XIRECS;30716.0;3
714718;;;INTARIAN_PEPPER_ROOT;XIRECS;30715.0;4
714759;;;ASH_COATED_OSMIUM;XIRECS;9991.0;6
714988;;;ASH_COATED_OSMIUM;XIRECS;9995.0;2
714999;;;ASH_COATED_OSMIUM;XIRECS;9995.0;7
715511;;;ASH_COATED_OSMIUM;XIRECS;9995.0;3
716131;;;INTARIAN_PEPPER_ROOT;XIRECS;30708.0;7
727034;;;INTARIAN_PEPPER_ROOT;XIRECS;30720.0;4
727753;;;INTARIAN_PEPPER_ROOT;XIRECS;30720.0;6
729013;;;ASH_COATED_OSMIUM;XIRECS;9995.0;6
730592;;;INTARIAN_PEPPER_ROOT;XIRECS;30738.0;7
733852;;;INTARIAN_PEPPER_ROOT;XIRECS;30730.0;4
734226;;;INTARIAN_PEPPER_ROOT;XIRECS;30740.0;5
734582;;;ASH_COATED_OSMIUM;XIRECS;9992.0;7
734751;;;INTARIAN_PEPPER_ROOT;XIRECS;30740.0;7
735139;;;ASH_COATED_OSMIUM;XIRECS;9993.0;3
736669;;;ASH_COATED_OSMIUM;XIRECS;10000.0;3
737711;;;INTARIAN_PEPPER_ROOT;XIRECS;30742.0;4
738072;;;ASH_COATED_OSMIUM;XIRECS;10008.0;3
738110;;;ASH_COATED_OSMIUM;XIRECS;10004.0;6
740489;;;INTARIAN_PEPPER_ROOT;XIRECS;30746.0;3
741747;;;INTARIAN_PEPPER_ROOT;XIRECS;30732.0;6
742268;;;INTARIAN_PEPPER_ROOT;XIRECS;30749.0;4
745424;;;INTARIAN_PEPPER_ROOT;XIRECS;30755.0;5
745888;;;INTARIAN_PEPPER_ROOT;XIRECS;30753.0;4
746238;;;ASH_COATED_OSMIUM;XIRECS;10004.0;5
747378;;;ASH_COATED_OSMIUM;XIRECS;9988.0;2
748399;;;ASH_COATED_OSMIUM;XIRECS;9983.0;3
748440;;;ASH_COATED_OSMIUM;XIRECS;9999.0;6
749243;;;ASH_COATED_OSMIUM;XIRECS;10004.0;5
752990;;;ASH_COATED_OSMIUM;XIRECS;9984.0;5
756548;;;ASH_COATED_OSMIUM;XIRECS;10005.0;3
758586;;;INTARIAN_PEPPER_ROOT;XIRECS;30749.0;6
759019;;;ASH_COATED_OSMIUM;XIRECS;10005.0;6
760989;;;INTARIAN_PEPPER_ROOT;XIRECS;30766.0;7
764429;;;ASH_COATED_OSMIUM;XIRECS;10002.0;6
765036;;;INTARIAN_PEPPER_ROOT;XIRECS;30757.0;7
765418;;;INTARIAN_PEPPER_ROOT;XIRECS;30760.0;3
770072;;;INTARIAN_PEPPER_ROOT;XIRECS;30776.0;7
771575;;;ASH_COATED_OSMIUM;XIRECS;9988.0;2
771603;;;INTARIAN_PEPPER_ROOT;XIRECS;30777.0;6
773930;;;ASH_COATED_OSMIUM;XIRECS;9990.0;10
775351;;;INTARIAN_PEPPER_ROOT;XIRECS;30766.0;3
775824;;;ASH_COATED_OSMIUM;XIRECS;10011.0;8
776627;;;ASH_COATED_OSMIUM;XIRECS;9995.0;2
777254;;;INTARIAN_PEPPER_ROOT;XIRECS;30785.0;6
780718;;;INTARIAN_PEPPER_ROOT;XIRECS;30790.0;4
782542;;;ASH_COATED_OSMIUM;XIRECS;10011.0;6
784788;;;ASH_COATED_OSMIUM;XIRECS;9990.0;2
784985;;;ASH_COATED_OSMIUM;XIRECS;9990.0;4
785200;;;ASH_COATED_OSMIUM;XIRECS;10004.0;2
785616;;;INTARIAN_PEPPER_ROOT;XIRECS;30791.0;6
789220;;;INTARIAN_PEPPER_ROOT;XIRECS;30798.0;6
792816;;;INTARIAN_PEPPER_ROOT;XIRECS;30791.0;4
792898;;;ASH_COATED_OSMIUM;XIRECS;9993.0;5
794064;;;INTARIAN_PEPPER_ROOT;XIRECS;30802.0;4
794699;;;INTARIAN_PEPPER_ROOT;XIRECS;30787.0;4
797034;;;ASH_COATED_OSMIUM;XIRECS;10010.0;10
797369;;;INTARIAN_PEPPER_ROOT;XIRECS;30801.0;5
797433;;;INTARIAN_PEPPER_ROOT;XIRECS;30792.0;5
797969;;;INTARIAN_PEPPER_ROOT;XIRECS;30792.0;7
798091;;;ASH_COATED_OSMIUM;XIRECS;9988.0;10
798933;;;ASH_COATED_OSMIUM;XIRECS;9986.0;5
799925;;;ASH_COATED_OSMIUM;XIRECS;10004.0;5
801022;;;ASH_COATED_OSMIUM;XIRECS;9995.0;2
802659;;;INTARIAN_PEPPER_ROOT;XIRECS;30794.0;3
809499;;;ASH_COATED_OSMIUM;XIRECS;10009.0;6
810905;;;ASH_COATED_OSMIUM;XIRECS;9999.0;6
811789;;;ASH_COATED_OSMIUM;XIRECS;10008.0;6
812906;;;ASH_COATED_OSMIUM;XIRECS;10012.0;7
816241;;;ASH_COATED_OSMIUM;XIRECS;10007.0;6
816555;;;ASH_COATED_OSMIUM;XIRECS;10007.0;4
821216;;;ASH_COATED_OSMIUM;XIRECS;9997.0;2
823177;;;INTARIAN_PEPPER_ROOT;XIRECS;30815.0;5
827767;;;ASH_COATED_OSMIUM;XIRECS;9997.0;6
830858;;;ASH_COATED_OSMIUM;XIRECS;9994.0;4
832629;;;ASH_COATED_OSMIUM;XIRECS;9992.0;5
833670;;;INTARIAN_PEPPER_ROOT;XIRECS;30841.0;3
833879;;;INTARIAN_PEPPER_ROOT;XIRECS;30826.0;6
833993;;;ASH_COATED_OSMIUM;XIRECS;10013.0;6
834315;;;INTARIAN_PEPPER_ROOT;XIRECS;30840.0;6
835379;;;ASH_COATED_OSMIUM;XIRECS;10009.0;5
837792;;;ASH_COATED_OSMIUM;XIRECS;10016.0;6
838972;;;INTARIAN_PEPPER_ROOT;XIRECS;30847.0;6
840898;;;ASH_COATED_OSMIUM;XIRECS;9995.0;6
841496;;;ASH_COATED_OSMIUM;XIRECS;10001.0;5
842344;;;INTARIAN_PEPPER_ROOT;XIRECS;30836.0;5
844892;;;INTARIAN_PEPPER_ROOT;XIRECS;30833.0;6
845986;;;ASH_COATED_OSMIUM;XIRECS;10012.0;4
846029;;;INTARIAN_PEPPER_ROOT;XIRECS;30855.0;3
846487;;;ASH_COATED_OSMIUM;XIRECS;10002.0;5
846609;;;INTARIAN_PEPPER_ROOT;XIRECS;30856.0;3
846959;;;INTARIAN_PEPPER_ROOT;XIRECS;30850.0;7
846978;;;ASH_COATED_OSMIUM;XIRECS;9997.0;2
849830;;;ASH_COATED_OSMIUM;XIRECS;9997.0;10
850535;;;ASH_COATED_OSMIUM;XIRECS;9997.0;4
851221;;;INTARIAN_PEPPER_ROOT;XIRECS;30860.0;7
851543;;;INTARIAN_PEPPER_ROOT;XIRECS;30859.0;3
852446;;;ASH_COATED_OSMIUM;XIRECS;10005.0;3
852512;;;ASH_COATED_OSMIUM;XIRECS;10002.0;6
856315;;;INTARIAN_PEPPER_ROOT;XIRECS;30850.0;7
856765;;;INTARIAN_PEPPER_ROOT;XIRECS;30849.0;3
858673;;;ASH_COATED_OSMIUM;XIRECS;10024.0;3
861425;;;ASH_COATED_OSMIUM;XIRECS;10006.0;9
864286;;;INTARIAN_PEPPER_ROOT;XIRECS;30867.0;7
864768;;;INTARIAN_PEPPER_ROOT;XIRECS;30859.0;5
866327;;;ASH_COATED_OSMIUM;XIRECS;10006.0;8
873877;;;INTARIAN_PEPPER_ROOT;XIRECS;30865.0;5
874389;;;ASH_COATED_OSMIUM;XIRECS;10000.0;2
874408;;;ASH_COATED_OSMIUM;XIRECS;9994.0;8
874627;;;ASH_COATED_OSMIUM;XIRECS;10002.0;7
875467;;;INTARIAN_PEPPER_ROOT;XIRECS;30882.0;7
882068;;;ASH_COATED_OSMIUM;XIRECS;10000.0;6
883390;;;INTARIAN_PEPPER_ROOT;XIRECS;30877.0;3
883988;;;ASH_COATED_OSMIUM;XIRECS;10001.0;5
884099;;;INTARIAN_PEPPER_ROOT;XIRECS;30882.0;6
884290;;;ASH_COATED_OSMIUM;XIRECS;10003.0;8
886442;;;INTARIAN_PEPPER_ROOT;XIRECS;30887.0;6
888270;;;INTARIAN_PEPPER_ROOT;XIRECS;30882.0;4
888624;;;INTARIAN_PEPPER_ROOT;XIRECS;30886.0;3
888950;;;ASH_COATED_OSMIUM;XIRECS;10023.0;3
891120;;;ASH_COATED_OSMIUM;XIRECS;10026.0;7
893367;;;INTARIAN_PEPPER_ROOT;XIRECS;30888.0;3
894055;;;INTARIAN_PEPPER_ROOT;XIRECS;30897.0;3
894731;;;ASH_COATED_OSMIUM;XIRECS;10009.0;5
895319;;;ASH_COATED_OSMIUM;XIRECS;10018.0;4
899372;;;INTARIAN_PEPPER_ROOT;XIRECS;30906.0;6
899628;;;INTARIAN_PEPPER_ROOT;XIRECS;30890.0;6
899658;;;INTARIAN_PEPPER_ROOT;XIRECS;30890.0;3
899663;;;INTARIAN_PEPPER_ROOT;XIRECS;30890.0;7
902237;;;ASH_COATED_OSMIUM;XIRECS;9999.0;5
903867;;;INTARIAN_PEPPER_ROOT;XIRECS;30894.0;7
904953;;;ASH_COATED_OSMIUM;XIRECS;10019.0;9
906290;;;ASH_COATED_OSMIUM;XIRECS;10010.0;4
907481;;;ASH_COATED_OSMIUM;XIRECS;9995.0;4
910138;;;ASH_COATED_OSMIUM;XIRECS;9998.0;4
910512;;;INTARIAN_PEPPER_ROOT;XIRECS;30905.0;5
910586;;;INTARIAN_PEPPER_ROOT;XIRECS;30905.0;3
910677;;;INTARIAN_PEPPER_ROOT;XIRECS;30901.0;3
911659;;;ASH_COATED_OSMIUM;XIRECS;10011.0;6
914208;;;ASH_COATED_OSMIUM;XIRECS;10010.0;8
916227;;;ASH_COATED_OSMIUM;XIRECS;10013.0;7
916837;;;INTARIAN_PEPPER_ROOT;XIRECS;30906.0;6
919422;;;INTARIAN_PEPPER_ROOT;XIRECS;30928.0;7
920272;;;INTARIAN_PEPPER_ROOT;XIRECS;30928.0;4
921948;;;ASH_COATED_OSMIUM;XIRECS;10003.0;6
922587;;;ASH_COATED_OSMIUM;XIRECS;9997.0;6
924095;;;ASH_COATED_OSMIUM;XIRECS;9998.0;10
924181;;;INTARIAN_PEPPER_ROOT;XIRECS;30929.0;5
925574;;;INTARIAN_PEPPER_ROOT;XIRECS;30932.0;4
927803;;;ASH_COATED_OSMIUM;XIRECS;10009.0;4
928351;;;INTARIAN_PEPPER_ROOT;XIRECS;30923.0;4
928679;;;ASH_COATED_OSMIUM;XIRECS;10010.0;9
931967;;;ASH_COATED_OSMIUM;XIRECS;9999.0;9
932639;;;ASH_COATED_OSMIUM;XIRECS;10011.0;3
935206;;;ASH_COATED_OSMIUM;XIRECS;9999.0;5
936528;;;INTARIAN_PEPPER_ROOT;XIRECS;30926.0;8
937716;;;ASH_COATED_OSMIUM;XIRECS;10017.0;6
939011;;;ASH_COATED_OSMIUM;XIRECS;9993.0;3
941155;;;ASH_COATED_OSMIUM;XIRECS;9997.0;4
944031;;;INTARIAN_PEPPER_ROOT;XIRECS;30951.0;4
944234;;;ASH_COATED_OSMIUM;XIRECS;10009.0;3
944424;;;ASH_COATED_OSMIUM;XIRECS;10015.0;5
944500;;;INTARIAN_PEPPER_ROOT;XIRECS;30955.0;5
947684;;;ASH_COATED_OSMIUM;XIRECS;9994.0;5
949309;;;INTARIAN_PEPPER_ROOT;XIRECS;30938.0;5
950304;;;INTARIAN_PEPPER_ROOT;XIRECS;30961.0;5
951903;;;INTARIAN_PEPPER_ROOT;XIRECS;30952.0;5
953928;;;INTARIAN_PEPPER_ROOT;XIRECS;30963.0;3
955507;;;INTARIAN_PEPPER_ROOT;XIRECS;30951.0;3
956664;;;INTARIAN_PEPPER_ROOT;XIRECS;30961.0;7
956721;;;INTARIAN_PEPPER_ROOT;XIRECS;30953.0;8
957171;;;INTARIAN_PEPPER_ROOT;XIRECS;30951.0;6
957268;;;INTARIAN_PEPPER_ROOT;XIRECS;30956.0;3
957282;;;INTARIAN_PEPPER_ROOT;XIRECS;30956.0;7
957415;;;ASH_COATED_OSMIUM;XIRECS;10006.0;2
958046;;;INTARIAN_PEPPER_ROOT;XIRECS;30951.0;4
958086;;;ASH_COATED_OSMIUM;XIRECS;9993.0;9
958299;;;ASH_COATED_OSMIUM;XIRECS;9994.0;6
959667;;;INTARIAN_PEPPER_ROOT;XIRECS;30953.0;4
961881;;;ASH_COATED_OSMIUM;XIRECS;10013.0;6
964993;;;ASH_COATED_OSMIUM;XIRECS;10013.0;9
967470;;;ASH_COATED_OSMIUM;XIRECS;9993.0;5
970525;;;INTARIAN_PEPPER_ROOT;XIRECS;30962.0;5
970708;;;ASH_COATED_OSMIUM;XIRECS;10009.0;4
971400;;;INTARIAN_PEPPER_ROOT;XIRECS;30964.0;4
975291;;;ASH_COATED_OSMIUM;XIRECS;9998.0;4
975495;;;INTARIAN_PEPPER_ROOT;XIRECS;30981.0;3
976430;;;ASH_COATED_OSMIUM;XIRECS;9987.0;5
977089;;;INTARIAN_PEPPER_ROOT;XIRECS;30971.0;5
977366;;;ASH_COATED_OSMIUM;XIRECS;10003.0;5
979606;;;INTARIAN_PEPPER_ROOT;XIRECS;30971.0;3
980666;;;ASH_COATED_OSMIUM;XIRECS;9992.0;4
984457;;;INTARIAN_PEPPER_ROOT;XIRECS;30978.0;7
985385;;;INTARIAN_PEPPER_ROOT;XIRECS;30981.0;6
986462;;;ASH_COATED_OSMIUM;XIRECS;9988.0;10
987957;;;INTARIAN_PEPPER_ROOT;XIRECS;30996.0;8
989122;;;ASH_COATED_OSMIUM;XIRECS;10003.0;5
990431;;;ASH_COATED_OSMIUM;XIRECS;10008.0;6
991407;;;INTARIAN_PEPPER_ROOT;XIRECS;30981.0;4
994053;;;INTARIAN_PEPPER_ROOT;XIRECS;31000.0;3
997414;;;ASH_COATED_OSMIUM;XIRECS;10011.0;5
998118;;;INTARIAN_PEPPER_ROOT;XIRECS;30991.0;5
998168;;;ASH_COATED_OSMIUM;XIRECS;10007.0;6
998563;;;ASH_COATED_OSMIUM;XIRECS;9989.0;3
998755;;;INTARIAN_PEPPER_ROOT;XIRECS;31004.0;4