timestamp;buyer;seller;symbol;currency;price;quantity
81;;;ASH_COATED_OSMIUM;XIRECS;9995.0;4
3740;;;INTARIAN_PEPPER_ROOT;XIRECS;38009.0;7
5671;;;INTARIAN_PEPPER_ROOT;XIRECS;38012.0;6
7109;;;INTARIAN_PEPPER_ROOT;XIRECS;38015.0;5
8240;;;INTARIAN_PEPPER_ROOT;XIRECS;38014.0;3
9671;;;INTARIAN_PEPPER_ROOT;XIRECS;38003.0;5
9926;;;ASH_COATED_OSMIUM;XIRECS;10008.0;6
9930;;;ASH_COATED_OSMIUM;XIRECS;9992.0;5
11699;;;ASH_COATED_OSMIUM;XIRECS;10016.0;5
13224;;;ASH_COATED_OSMIUM;XIRECS;9994.0;6
14465;;;ASH_COATED_OSMIUM;XIRECS;10004.0;9
15825;;;ASH_COATED_OSMIUM;XIRECS;9992.0;5
15854;;;INTARIAN_PEPPER_ROOT;XIRECS;38022.0;6
17101;;;ASH_COATED_OSMIUM;XIRECS;9992.0;9
17472;;;ASH_COATED_OSMIUM;XIRECS;9987.0;4
18969;;;INTARIAN_PEPPER_ROOT;XIRECS;38026.0;8
20532;;;ASH_COATED_OSMIUM;XIRECS;10009.0;6
25484;;;INTARIAN_PEPPER_ROOT;XIRECS;38018.0;7
26424;;;INTARIAN_PEPPER_ROOT;XIRECS;38033.0;3
27411;;;ASH_COATED_OSMIUM;XIRECS;10001.0;5
28344;;;INTARIAN_PEPPER_ROOT;XIRECS;38022.0;7
28598;;;ASH_COATED_OSMIUM;XIRECS;9997.0;8
28794;;;ASH_COATED_OSMIUM;XIRECS;10000.0;7
33612;;;INTARIAN_PEPPER_ROOT;XIRECS;38025.0;5
34404;;;INTARIAN_PEPPER_ROOT;XIRECS;38040.0;7
38874;;;ASH_COATED_OSMIUM;XIRECS;9985.0;4
38960;;;INTARIAN_PEPPER_ROOT;XIRECS;38032.0;6
39299;;;ASH_COATED_OSMIUM;XIRECS;9991.0;4
40090;;;ASH_COATED_OSMIUM;XIRECS;10008.0;5
41983;;;ASH_COATED_OSMIUM;XIRECS;10004.0;6
42463;;;ASH_COATED_OSMIUM;XIRECS;9994.0;3
42773;;;INTARIAN_PEPPER_ROOT;XIRECS;38035.0;5
44167;;;INTARIAN_PEPPER_ROOT;XIRECS;38035.0;3
45457;;;ASH_COATED_OSMIUM;XIRECS;9990.0;10
47395;;;INTARIAN_PEPPER_ROOT;XIRECS;38040.0;3
51777;;;ASH_COATED_OSMIUM;XIRECS;10008.0;4
52205;;;INTARIAN_PEPPER_ROOT;XIRECS;38049.0;3
52370;;;ASH_COATED_OSMIUM;XIRECS;10010.0;2
53588;;;ASH_COATED_OSMIUM;XIRECS;9998.0;3
54133;;;ASH_COATED_OSMIUM;XIRECS;10004.0;9
54708;;;INTARIAN_PEPPER_ROOT;XIRECS;38053.0;6
55355;;;INTARIAN_PEPPER_ROOT;XIRECS;38062.0;6
55447;;;ASH_COATED_OSMIUM;XIRECS;10007.0;5
55597;;;ASH_COATED_OSMIUM;XIRECS;9996.0;3
56782;;;ASH_COATED_OSMIUM;XIRECS;9991.0;9
58801;;;ASH_COATED_OSMIUM;XIRECS;10022.0;10
58944;;;ASH_COATED_OSMIUM;XIRECS;10008.0;5
60086;;;INTARIAN_PEPPER_ROOT;XIRECS;38054.0;6
62380;;;INTARIAN_PEPPER_ROOT;XIRECS;38056.0;3
64794;;;INTARIAN_PEPPER_ROOT;XIRECS;38072.0;6
65292;;;INTARIAN_PEPPER_ROOT;XIRECS;38058.0;4
65530;;;INTARIAN_PEPPER_ROOT;XIRECS;38058.0;6
67305;;;ASH_COATED_OSMIUM;XIRECS;9993.0;2
67679;;;INTARIAN_PEPPER_ROOT;XIRECS;38074.0;3
68304;;;ASH_COATED_OSMIUM;XIRECS;10007.0;8
69877;;;INTARIAN_PEPPER_ROOT;XIRECS;38078.0;5
71337;;;INTARIAN_PEPPER_ROOT;XIRECS;38080.0;3
73997;;;ASH_COATED_OSMIUM;XIRECS;10003.0;8
74783;;;ASH_COATED_OSMIUM;XIRECS;10002.0;6
78430;;;ASH_COATED_OSMIUM;XIRECS;9997.0;6
79810;;;ASH_COATED_OSMIUM;XIRECS;9999.0;4
81068;;;INTARIAN_PEPPER_ROOT;XIRECS;38071.0;7
85505;;;INTARIAN_PEPPER_ROOT;XIRECS;38093.0;7
86674;;;INTARIAN_PEPPER_ROOT;XIRECS;38090.0;7
87887;;;INTARIAN_PEPPER_ROOT;XIRECS;38081.0;5
90023;;;ASH_COATED_OSMIUM;XIRECS;10000.0;3
90525;;;ASH_COATED_OSMIUM;XIRECS;9997.0;10
93963;;;ASH_COATED_OSMIUM;XIRECS;10017.0;6
94251;;;INTARIAN_PEPPER_ROOT;XIRECS;38081.0;3
94329;;;INTARIAN_PEPPER_ROOT;XIRECS;38086.0;7
96825;;;ASH_COATED_OSMIUM;XIRECS;10001.0;7
96934;;;INTARIAN_PEPPER_ROOT;XIRECS;38092.0;4
97366;;;ASH_COATED_OSMIUM;XIRECS;9996.0;3
100193;;;ASH_COATED_OSMIUM;XIRECS;10007.0;9
100981;;;ASH_COATED_OSMIUM;XIRECS;10013.0;5
104287;;;INTARIAN_PEPPER_ROOT;XIRECS;38114.0;4
106661;;;INTARIAN_PEPPER_ROOT;XIRECS;38106.0;4
108330;;;INTARIAN_PEPPER_ROOT;XIRECS;38114.0;3
108452;;;ASH_COATED_OSMIUM;XIRECS;10007.0;6
109740;;;INTARIAN_PEPPER_ROOT;XIRECS;38115.0;7
110145;;;INTARIAN_PEPPER_ROOT;XIRECS;38100.0;3
110221;;;ASH_COATED_OSMIUM;XIRECS;9984.0;3
110667;;;ASH_COATED_OSMIUM;XIRECS;10007.0;6
112248;;;ASH_COATED_OSMIUM;XIRECS;10005.0;2
113170;;;ASH_COATED_OSMIUM;XIRECS;9998.0;6
114684;;;ASH_COATED_OSMIUM;XIRECS;10009.0;9
115001;;;ASH_COATED_OSMIUM;XIRECS;10002.0;7
116760;;;INTARIAN_PEPPER_ROOT;XIRECS;38112.0;4
117780;;;ASH_COATED_OSMIUM;XIRECS;10002.0;10
119209;;;ASH_COATED_OSMIUM;XIRECS;9993.0;4
120579;;;INTARIAN_PEPPER_ROOT;XIRECS;38126.0;4
122514;;;ASH_COATED_OSMIUM;XIRECS;10007.0;5
122914;;;INTARIAN_PEPPER_ROOT;XIRECS;38127.0;3
123037;;;INTARIAN_PEPPER_ROOT;XIRECS;38117.0;5
124309;;;ASH_COATED_OSMIUM;XIRECS;9997.0;6
124349;;;ASH_COATED_OSMIUM;XIRECS;9997.0;4
126436;;;ASH_COATED_OSMIUM;XIRECS;10008.0;9
126923;;;ASH_COATED_OSMIUM;XIRECS;9993.0;2
128057;;;INTARIAN_PEPPER_ROOT;XIRECS;38134.0;6
128233;;;ASH_COATED_OSMIUM;XIRECS;10009.0;4
129420;;;ASH_COATED_OSMIUM;XIRECS;10006.0;5
130508;;;ASH_COATED_OSMIUM;XIRECS;10002.0;3
130516;;;ASH_COATED_OSMIUM;XIRECS;9986.0;5
132060;;;INTARIAN_PEPPER_ROOT;XIRECS;38136.0;7
132127;;;ASH_COATED_OSMIUM;XIRECS;10006.0;6
132531;;;INTARIAN_PEPPER_ROOT;XIRECS;38132.0;3
134419;;;ASH_COATED_OSMIUM;XIRECS;9999.0;3
134596;;;ASH_COATED_OSMIUM;XIRECS;10005.0;2
134895;;;ASH_COATED_OSMIUM;XIRECS;9995.0;10
134978;;;INTARIAN_PEPPER_ROOT;XIRECS;38123.0;6
142904;;;ASH_COATED_OSMIUM;XIRECS;9991.0;6
143637;;;ASH_COATED_OSMIUM;XIRECS;9992.0;4
143816;;;INTARIAN_PEPPER_ROOT;XIRECS;38141.0;7
153956;;;INTARIAN_PEPPER_ROOT;XIRECS;38143.0;5
154329;;;ASH_COATED_OSMIUM;XIRECS;9997.0;3
154552;;;INTARIAN_PEPPER_ROOT;XIRECS;38147.0;5
155333;;;INTARIAN_PEPPER_ROOT;XIRECS;38161.0;6
155729;;;INTARIAN_PEPPER_ROOT;XIRECS;38150.0;8
156715;;;INTARIAN_PEPPER_ROOT;XIRECS;38162.0;3
158694;;;ASH_COATED_OSMIUM;XIRECS;9987.0;3
159105;;;INTARIAN_PEPPER_ROOT;XIRECS;38154.0;8
159556;;;INTARIAN_PEPPER_ROOT;XIRECS;38167.0;4
159989;;;ASH_COATED_OSMIUM;XIRECS;10011.0;6
161203;;;INTARIAN_PEPPER_ROOT;XIRECS;38154.0;6
161754;;;ASH_COATED_OSMIUM;XIRECS;10002.0;5
164941;;;ASH_COATED_OSMIUM;XIRECS;9999.0;2
165646;;;INTARIAN_PEPPER_ROOT;XIRECS;38163.0;3
166664;;;ASH_COATED_OSMIUM;XIRECS;10000.0;8
166717;;;INTARIAN_PEPPER_ROOT;XIRECS;38171.0;3
167986;;;INTARIAN_PEPPER_ROOT;XIRECS;38175.0;4
168949;;;INTARIAN_PEPPER_ROOT;XIRECS;38158.0;3
170879;;;ASH_COATED_OSMIUM;XIRECS;10008.0;9
171637;;;ASH_COATED_OSMIUM;XIRECS;9983.0;3
171811;;;ASH_COATED_OSMIUM;XIRECS;9984.0;8
173381;;;ASH_COATED_OSMIUM;XIRECS;10006.0;6
174316;;;INTARIAN_PEPPER_ROOT;XIRECS;38180.0;7
175438;;;INTARIAN_PEPPER_ROOT;XIRECS;38168.0;3
179379;;;ASH_COATED_OSMIUM;XIRECS;9986.0;2
180669;;;ASH_COATED_OSMIUM;XIRECS;10006.0;9
180998;;;ASH_COATED_OSMIUM;XIRECS;10002.0;3
181168;;;INTARIAN_PEPPER_ROOT;XIRECS;38177.0;7
182499;;;ASH_COATED_OSMIUM;XIRECS;10015.0;6
184406;;;ASH_COATED_OSMIUM;XIRECS;9980.0;6
185257;;;INTARIAN_PEPPER_ROOT;XIRECS;38189.0;5
185624;;;INTARIAN_PEPPER_ROOT;XIRECS;38178.0;7
186827;;;ASH_COATED_OSMIUM;XIRECS;10000.0;2
189748;;;INTARIAN_PEPPER_ROOT;XIRECS;38195.0;5
189931;;;ASH_COATED_OSMIUM;XIRECS;9991.0;3
190245;;;INTARIAN_PEPPER_ROOT;XIRECS;38187.0;4
191695;;;INTARIAN_PEPPER_ROOT;XIRECS;38187.0;6
194044;;;INTARIAN_PEPPER_ROOT;XIRECS;38201.0;6
196593;;;ASH_COATED_OSMIUM;XIRECS;9982.0;4
197357;;;INTARIAN_PEPPER_ROOT;XIRECS;38205.0;5
200629;;;INTARIAN_PEPPER_ROOT;XIRECS;38210.0;7
206288;;;ASH_COATED_OSMIUM;XIRECS;10014.0;7
207390;;;ASH_COATED_OSMIUM;XIRECS;10011.0;3
209575;;;INTARIAN_PEPPER_ROOT;XIRECS;38206.0;3
209675;;;ASH_COATED_OSMIUM;XIRECS;10011.0;6
210213;;;ASH_COATED_OSMIUM;XIRECS;10007.0;2
210776;;;ASH_COATED_OSMIUM;XIRECS;9995.0;4
211926;;;ASH_COATED_OSMIUM;XIRECS;9989.0;2
212762;;;INTARIAN_PEPPER_ROOT;XIRECS;38205.0;4
214870;;;ASH_COATED_OSMIUM;XIRECS;10011.0;6
215277;;;INTARIAN_PEPPER_ROOT;XIRECS;38223.0;7
219395;;;INTARIAN_PEPPER_ROOT;XIRECS;38221.0;8
219932;;;INTARIAN_PEPPER_ROOT;XIRECS;38212.0;8
220129;;;ASH_COATED_OSMIUM;XIRECS;10013.0;4
221133;;;ASH_COATED_OSMIUM;XIRECS;10003.0;6
223291;;;ASH_COATED_OSMIUM;XIRECS;10002.0;5
225164;;;INTARIAN_PEPPER_ROOT;XIRECS;38221.0;4
225731;;;ASH_COATED_OSMIUM;XIRECS;10003.0;4
227215;;;ASH_COATED_OSMIUM;XIRECS;10009.0;3
227415;;;ASH_COATED_OSMIUM;XIRECS;10010.0;5
227747;;;INTARIAN_PEPPER_ROOT;XIRECS;38234.0;7
227803;;;ASH_COATED_OSMIUM;XIRECS;9999.0;6
235810;;;ASH_COATED_OSMIUM;XIRECS;10005.0;3
236672;;;INTARIAN_PEPPER_ROOT;XIRECS;38240.0;6
237842;;;ASH_COATED_OSMIUM;XIRECS;10017.0;6
239178;;;ASH_COATED_OSMIUM;XIRECS;10015.0;4
240881;;;INTARIAN_PEPPER_ROOT;XIRECS;38247.0;6
241037;;;ASH_COATED_OSMIUM;XIRECS;9993.0;3
241469;;;INTARIAN_PEPPER_ROOT;XIRECS;38238.0;8
247012;;;INTARIAN_PEPPER_ROOT;XIRECS;38255.0;6
250423;;;ASH_COATED_OSMIUM;XIRECS;9999.0;3
251007;;;ASH_COATED_OSMIUM;XIRECS;10013.0;7
253818;;;INTARIAN_PEPPER_ROOT;XIRECS;38255.0;4
255320;;;ASH_COATED_OSMIUM;XIRECS;10001.0;2
255420;;;ASH_COATED_OSMIUM;XIRECS;9983.0;4
256700;;;INTARIAN_PEPPER_ROOT;XIRECS;38249.0;6
260463;;;INTARIAN_PEPPER_ROOT;XIRECS;38266.0;6
262403;;;ASH_COATED_OSMIUM;XIRECS;10006.0;5
262773;;;INTARIAN_PEPPER_ROOT;XIRECS;38256.0;6
263211;;;INTARIAN_PEPPER_ROOT;XIRECS;38272.0;4
263347;;;INTARIAN_PEPPER_ROOT;XIRECS;38259.0;6
263867;;;ASH_COATED_OSMIUM;XIRECS;9994.0;9
264393;;;INTARIAN_PEPPER_ROOT;XIRECS;38260.0;3
266352;;;INTARIAN_PEPPER_ROOT;XIRECS;38263.0;5
266815;;;ASH_COATED_OSMIUM;XIRECS;9979.0;8
267535;;;ASH_COATED_OSMIUM;XIRECS;10008.0;2
268989;;;INTARIAN_PEPPER_ROOT;XIRECS;38275.0;7
270159;;;ASH_COATED_OSMIUM;XIRECS;9999.0;6
275570;;;ASH_COATED_OSMIUM;XIRECS;10006.0;3
275882;;;ASH_COATED_OSMIUM;XIRECS;9985.0;6
276501;;;ASH_COATED_OSMIUM;XIRECS;10010.0;7
278106;;;ASH_COATED_OSMIUM;XIRECS;9989.0;10
278254;;;ASH_COATED_OSMIUM;XIRECS;10007.0;3
280529;;;INTARIAN_PEPPER_ROOT;XIRECS;38275.0;6
283605;;;ASH_COATED_OSMIUM;XIRECS;10010.0;8
287703;;;INTARIAN_PEPPER_ROOT;XIRECS;38296.0;3
290072;;;ASH_COATED_OSMIUM;XIRECS;10018.0;9
291303;;;ASH_COATED_OSMIUM;XIRECS;9983.0;5
294277;;;ASH_COATED_OSMIUM;XIRECS;10008.0;6
294355;;;INTARIAN_PEPPER_ROOT;XIRECS;38281.0;5
297085;;;ASH_COATED_OSMIUM;XIRECS;10015.0;5
297348;;;INTARIAN_PEPPER_ROOT;XIRECS;38304.0;7
299327;;;ASH_COATED_OSMIUM;XIRECS;10004.0;6
302779;;;INTARIAN_PEPPER_ROOT;XIRECS;38297.0;4
304991;;;INTARIAN_PEPPER_ROOT;XIRECS;38299.0;5
305804;;;ASH_COATED_OSMIUM;XIRECS;9992.0;5
306589;;;ASH_COATED_OSMIUM;XIRECS;10007.0;6
306931;;;INTARIAN_PEPPER_ROOT;XIRECS;38301.0;3
307719;;;ASH_COATED_OSMIUM;XIRECS;9987.0;4
308231;;;INTARIAN_PEPPER_ROOT;XIRECS;38299.0;5
309834;;;INTARIAN_PEPPER_ROOT;XIRECS;38307.0;6
310238;;;ASH_COATED_OSMIUM;XIRECS;9987.0;7
312663;;;ASH_COATED_OSMIUM;XIRECS;9997.0;6
313503;;;INTARIAN_PEPPER_ROOT;XIRECS;38310.0;5
314188;;;ASH_COATED_OSMIUM;XIRECS;10007.0;4
315385;;;ASH_COATED_OSMIUM;XIRECS;10007.0;9
320907;;;ASH_COATED_OSMIUM;XIRECS;9989.0;2
320990;;;INTARIAN_PEPPER_ROOT;XIRECS;38332.0;6
321119;;;ASH_COATED_OSMIUM;XIRECS;10000.0;3
323019;;;ASH_COATED_OSMIUM;XIRECS;10005.0;2
323403;;;INTARIAN_PEPPER_ROOT;XIRECS;38316.0;7
323552;;;ASH_COATED_OSMIUM;XIRECS;10006.0;5
324625;;;ASH_COATED_OSMIUM;XIRECS;10011.0;3
325486;;;INTARIAN_PEPPER_ROOT;XIRECS;38319.0;6
330682;;;ASH_COATED_OSMIUM;XIRECS;10006.0;6
332640;;;INTARIAN_PEPPER_ROOT;XIRECS;38326.0;6
332755;;;ASH_COATED_OSMIUM;XIRECS;10005.0;5
333019;;;ASH_COATED_OSMIUM;XIRECS;9991.0;4
338295;;;INTARIAN_PEPPER_ROOT;XIRECS;38333.0;7
339048;;;ASH_COATED_OSMIUM;XIRECS;9990.0;7
340213;;;INTARIAN_PEPPER_ROOT;XIRECS;38350.0;7
340802;;;ASH_COATED_OSMIUM;XIRECS;9992.0;8
345467;;;ASH_COATED_OSMIUM;XIRECS;9997.0;3
346183;;;ASH_COATED_OSMIUM;XIRECS;9987.0;3
346774;;;INTARIAN_PEPPER_ROOT;XIRECS;38349.0;5
347975;;;ASH_COATED_OSMIUM;XIRECS;9979.0;9
348908;;;ASH_COATED_OSMIUM;XIRECS;10011.0;8
349815;;;INTARIAN_PEPPER_ROOT;XIRECS;38340.0;5
350715;;;ASH_COATED_OSMIUM;XIRECS;9991.0;3
352538;;;ASH_COATED_OSMIUM;XIRECS;10006.0;10
354673;;;INTARIAN_PEPPER_ROOT;XIRECS;38348.0;6
355456;;;ASH_COATED_OSMIUM;XIRECS;9993.0;6
355536;;;INTARIAN_PEPPER_ROOT;XIRECS;38347.0;6
356498;;;ASH_COATED_OSMIUM;XIRECS;10001.0;5
358803;;;ASH_COATED_OSMIUM;XIRECS;10008.0;3
360025;;;INTARIAN_PEPPER_ROOT;XIRECS;38366.0;5
360602;;;ASH_COATED_OSMIUM;XIRECS;9981.0;6
362367;;;INTARIAN_PEPPER_ROOT;XIRECS;38359.0;6
362958;;;INTARIAN_PEPPER_ROOT;XIRECS;38370.0;3
364800;;;INTARIAN_PEPPER_ROOT;XIRECS;38355.0;5
366577;;;ASH_COATED_OSMIUM;XIRECS;9999.0;4
367164;;;ASH_COATED_OSMIUM;XIRECS;9995.0;7
370882;;;ASH_COATED_OSMIUM;XIRECS;10001.0;6
372683;;;INTARIAN_PEPPER_ROOT;XIRECS;38377.0;3
375274;;;ASH_COATED_OSMIUM;XIRECS;9992.0;3
376483;;;INTARIAN_PEPPER_ROOT;XIRECS;38369.0;4
377230;;;INTARIAN_PEPPER_ROOT;XIRECS;38372.0;3
380439;;;ASH_COATED_OSMIUM;XIRECS;10014.0;5
382157;;;ASH_COATED_OSMIUM;XIRECS;10004.0;4
385808;;;ASH_COATED_OSMIUM;XIRECS;9992.0;4
389332;;;INTARIAN_PEPPER_ROOT;XIRECS;38394.0;6
391607;;;ASH_COATED_OSMIUM;XIRECS;10011.0;6
391852;;;INTARIAN_PEPPER_ROOT;XIRECS;38383.0;4
392973;;;ASH_COATED_OSMIUM;XIRECS;10009.0;6
394096;;;ASH_COATED_OSMIUM;XIRECS;10004.0;4
396326;;;INTARIAN_PEPPER_ROOT;XIRECS;38390.0;7
396370;;;INTARIAN_PEPPER_ROOT;XIRECS;38401.0;3
397238;;;ASH_COATED_OSMIUM;XIRECS;9993.0;7
397549;;;INTARIAN_PEPPER_ROOT;XIRECS;38410.0;7
397733;;;INTARIAN_PEPPER_ROOT;XIRECS;38393.0;4
401258;;;INTARIAN_PEPPER_ROOT;XIRECS;38399.0;3
401471;;;INTARIAN_PEPPER_ROOT;XIRECS;38410.0;4
403243;;;ASH_COATED_OSMIUM;XIRECS;9993.0;5
404017;;;INTARIAN_PEPPER_ROOT;XIRECS;38411.0;4
406587;;;ASH_COATED_OSMIUM;XIRECS;10005.0;6
407290;;;INTARIAN_PEPPER_ROOT;XIRECS;38409.0;6
409511;;;INTARIAN_PEPPER_ROOT;XIRECS;38419.0;5
410116;;;ASH_COATED_OSMIUM;XIRECS;10013.0;7
410319;;;INTARIAN_PEPPER_ROOT;XIRECS;38407.0;3
412035;;;ASH_COATED_OSMIUM;XIRECS;10016.0;8
412643;;;INTARIAN_PEPPER_ROOT;XIRECS;38419.0;4
414577;;;ASH_COATED_OSMIUM;XIRECS;10002.0;4
419732;;;INTARIAN_PEPPER_ROOT;XIRECS;38411.0;3
421222;;;ASH_COATED_OSMIUM;XIRECS;10012.0;7
421596;;;ASH_COATED_OSMIUM;XIRECS;9983.0;5
422751;;;INTARIAN_PEPPER_ROOT;XIRECS;38430.0;4
424981;;;INTARIAN_PEPPER_ROOT;XIRECS;38416.0;4
425415;;;INTARIAN_PEPPER_ROOT;XIRECS;38415.0;3
425747;;;ASH_COATED_OSMIUM;XIRECS;9986.0;3
426312;;;ASH_COATED_OSMIUM;XIRECS;9985.0;7
426363;;;ASH_COATED_OSMIUM;XIRECS;9985.0;6
429278;;;ASH_COATED_OSMIUM;XIRECS;10001.0;2
429436;;;ASH_COATED_OSMIUM;XIRECS;9989.0;2
431006;;;INTARIAN_PEPPER_ROOT;XIRECS;38435.0;6
431326;;;ASH_COATED_OSMIUM;XIRECS;9989.0;8
432092;;;ASH_COATED_OSMIUM;XIRECS;10008.0;9
433631;;;ASH_COATED_OSMIUM;XIRECS;10011.0;5
434906;;;INTARIAN_PEPPER_ROOT;XIRECS;38428.0;5
435082;;;ASH_COATED_OSMIUM;XIRECS;9992.0;5
435508;;;INTARIAN_PEPPER_ROOT;XIRECS;38444.0;3
437372;;;INTARIAN_PEPPER_ROOT;XIRECS;38444.0;3
439113;;;ASH_COATED_OSMIUM;XIRECS;10013.0;2
440202;;;INTARIAN_PEPPER_ROOT;XIRECS;38447.0;2
444872;;;ASH_COATED_OSMIUM;XIRECS;10007.0;5
446607;;;INTARIAN_PEPPER_ROOT;XIRECS;38438.0;3
449185;;;ASH_COATED_OSMIUM;XIRECS;9985.0;6
451027;;;ASH_COATED_OSMIUM;XIRECS;9999.0;7
454324;;;ASH_COATED_OSMIUM;XIRECS;9999.0;5
454342;;;INTARIAN_PEPPER_ROOT;XIRECS;38451.0;4
455773;;;INTARIAN_PEPPER_ROOT;XIRECS;38465.0;6
455779;;;ASH_COATED_OSMIUM;XIRECS;9998.0;6
458539;;;ASH_COATED_OSMIUM;XIRECS;9990.0;7
458795;;;INTARIAN_PEPPER_ROOT;XIRECS;38451.0;6
459327;;;ASH_COATED_OSMIUM;XIRECS;9993.0;7
461933;;;INTARIAN_PEPPER_ROOT;XIRECS;38466.0;4
465114;;;ASH_COATED_OSMIUM;XIRECS;9988.0;10
465114;;;ASH_COATED_OSMIUM;XIRECS;10007.0;2
465312;;;ASH_COATED_OSMIUM;XIRECS;10004.0;2
465399;;;ASH_COATED_OSMIUM;XIRECS;9988.0;4
466478;;;ASH_COATED_OSMIUM;XIRECS;10016.0;2
469273;;;INTARIAN_PEPPER_ROOT;XIRECS;38462.0;7
469278;;;ASH_COATED_OSMIUM;XIRECS;10008.0;2
470520;;;ASH_COATED_OSMIUM;XIRECS;9993.0;3
471901;;;ASH_COATED_OSMIUM;XIRECS;10002.0;2
472088;;;ASH_COATED_OSMIUM;XIRECS;9985.0;3
474409;;;INTARIAN_PEPPER_ROOT;XIRECS;38479.0;6
475117;;;INTARIAN_PEPPER_ROOT;XIRECS;38481.0;5
475172;;;INTARIAN_PEPPER_ROOT;XIRECS;38467.0;4
477488;;;INTARIAN_PEPPER_ROOT;XIRECS;38484.0;4
486507;;;ASH_COATED_OSMIUM;XIRECS;10007.0;3
486543;;;INTARIAN_PEPPER_ROOT;XIRECS;38482.0;5
488589;;;ASH_COATED_OSMIUM;XIRECS;9991.0;4
488778;;;INTARIAN_PEPPER_ROOT;XIRECS;38494.0;5
488915;;;INTARIAN_PEPPER_ROOT;XIRECS;38496.0;6
489876;;;INTARIAN_PEPPER_ROOT;XIRECS;38495.0;3
489923;;;ASH_COATED_OSMIUM;XIRECS;9999.0;5
491541;;;INTARIAN_PEPPER_ROOT;XIRECS;38489.0;6
492714;;;INTARIAN_PEPPER_ROOT;XIRECS;38499.0;6
492722;;;ASH_COATED_OSMIUM;XIRECS;9990.0;4
493309;;;INTARIAN_PEPPER_ROOT;XIRECS;38503.0;3
493588;;;ASH_COATED_OSMIUM;XIRECS;9997.0;6
494288;;;INTARIAN_PEPPER_ROOT;XIRECS;38490.0;6
496757;;;ASH_COATED_OSMIUM;XIRECS;9990.0;9
498793;;;ASH_COATED_OSMIUM;XIRECS;10005.0;7
499562;;;ASH_COATED_OSMIUM;XIRECS;10010.0;2
500531;;;INTARIAN_PEPPER_ROOT;XIRECS;38497.0;3
501656;;;ASH_COATED_OSMIUM;XIRECS;10000.0;6
501727;;;ASH_COATED_OSMIUM;XIRECS;9985.0;6
505211;;;ASH_COATED_OSMIUM;XIRECS;10004.0;6
507347;;;INTARIAN_PEPPER_ROOT;XIRECS;38500.0;6
510615;;;ASH_COATED_OSMIUM;XIRECS;10014.0;5
510678;;;INTARIAN_PEPPER_ROOT;XIRECS;38502.0;7
512791;;;INTARIAN_PEPPER_ROOT;XIRECS;38503.0;3
514262;;;INTARIAN_PEPPER_ROOT;XIRECS;38517.0;4
514518;;;ASH_COATED_OSMIUM;XIRECS;10021.0;2
515793;;;INTARIAN_PEPPER_ROOT;XIRECS;38522.0;4
516132;;;INTARIAN_PEPPER_ROOT;XIRECS;38510.0;7
516911;;;INTARIAN_PEPPER_ROOT;XIRECS;38525.0;5
517725;;;ASH_COATED_OSMIUM;XIRECS;9998.0;2
518911;;;ASH_COATED_OSMIUM;XIRECS;10012.0;10
519516;;;INTARIAN_PEPPER_ROOT;XIRECS;38524.0;4
521009;;;ASH_COATED_OSMIUM;XIRECS;10003.0;5
521865;;;ASH_COATED_OSMIUM;XIRECS;9998.0;5
525449;;;ASH_COATED_OSMIUM;XIRECS;10004.0;4
526799;;;ASH_COATED_OSMIUM;XIRECS;10010.0;4
526804;;;ASH_COATED_OSMIUM;XIRECS;9992.0;9
527451;;;INTARIAN_PEPPER_ROOT;XIRECS;38533.0;3
530237;;;INTARIAN_PEPPER_ROOT;XIRECS;38534.0;4
531037;;;ASH_COATED_OSMIUM;XIRECS;10012.0;2
533184;;;ASH_COATED_OSMIUM;XIRECS;9985.0;4
535782;;;ASH_COATED_OSMIUM;XIRECS;9994.0;2
535782;;;ASH_COATED_OSMIUM;XIRECS;9994.0;9
538510;;;INTARIAN_PEPPER_ROOT;XIRECS;38543.0;6
542176;;;INTARIAN_PEPPER_ROOT;XIRECS;38535.0;7
542318;;;INTARIAN_PEPPER_ROOT;XIRECS;38535.0;3
542374;;;ASH_COATED_OSMIUM;XIRECS;9991.0;7
543880;;;ASH_COATED_OSMIUM;XIRECS;10001.0;4
544221;;;INTARIAN_PEPPER_ROOT;XIRECS;38551.0;4
544692;;;INTARIAN_PEPPER_ROOT;XIRECS;38549.0;7
547886;;;INTARIAN_PEPPER_ROOT;XIRECS;38545.0;6
549273;;;ASH_COATED_OSMIUM;XIRECS;10004.0;6
550626;;;INTARIAN_PEPPER_ROOT;XIRECS;38554.0;6
552403;;;ASH_COATED_OSMIUM;XIRECS;10002.0;3
552988;;;INTARIAN_PEPPER_ROOT;XIRECS;38558.0;4
553616;;;INTARIAN_PEPPER_ROOT;XIRECS;38557.0;8
554183;;;ASH_COATED_OSMIUM;XIRECS;10000.0;4
555388;;;ASH_COATED_OSMIUM;XIRECS;10002.0;10
557900;;;ASH_COATED_OSMIUM;XIRECS;9994.0;6
559737;;;ASH_COATED_OSMIUM;XIRECS;10004.0;5
561145;;;INTARIAN_PEPPER_ROOT;XIRECS;38557.0;7
563459;;;INTARIAN_PEPPER_ROOT;XIRECS;38571.0;8
564604;;;ASH_COATED_OSMIUM;XIRECS;10015.0;2
565435;;;INTARIAN_PEPPER_ROOT;XIRECS;38559.0;4
567051;;;ASH_COATED_OSMIUM;XIRECS;10004.0;4
567411;;;INTARIAN_PEPPER_ROOT;XIRECS;38558.0;4
569212;;;ASH_COATED_OSMIUM;XIRECS;9990.0;3
570313;;;INTARIAN_PEPPER_ROOT;XIRECS;38576.0;6
571269;;;ASH_COATED_OSMIUM;XIRECS;10005.0;3
572404;;;ASH_COATED_OSMIUM;XIRECS;9993.0;6
572867;;;ASH_COATED_OSMIUM;XIRECS;9997.0;5
573125;;;INTARIAN_PEPPER_ROOT;XIRECS;38577.0;6
574592;;;INTARIAN_PEPPER_ROOT;XIRECS;38580.0;5
575213;;;ASH_COATED_OSMIUM;XIRECS;9999.0;3
575562;;;ASH_COATED_OSMIUM;XIRECS;10006.0;9
576305;;;INTARIAN_PEPPER_ROOT;XIRECS;38568.0;3
578622;;;INTARIAN_PEPPER_ROOT;XIRECS;38574.0;7
579965;;;ASH_COATED_OSMIUM;XIRECS;10011.0;7
581337;;;ASH_COATED_OSMIUM;XIRECS;9993.0;6
584683;;;INTARIAN_PEPPER_ROOT;XIRECS;38579.0;6
584691;;;INTARIAN_PEPPER_ROOT;XIRECS;38579.0;6
585896;;;INTARIAN_PEPPER_ROOT;XIRECS;38591.0;4
586571;;;INTARIAN_PEPPER_ROOT;XIRECS;38592.0;5
587327;;;ASH_COATED_OSMIUM;XIRECS;9989.0;3
587618;;;INTARIAN_PEPPER_ROOT;XIRECS;38580.0;3
589073;;;ASH_COATED_OSMIUM;XIRECS;9984.0;6
590753;;;INTARIAN_PEPPER_ROOT;XIRECS;38597.0;3
592681;;;INTARIAN_PEPPER_ROOT;XIRECS;38586.0;8
593632;;;INTARIAN_PEPPER_ROOT;XIRECS;38586.0;6
597622;;;INTARIAN_PEPPER_ROOT;XIRECS;38600.0;6
600563;;;ASH_COATED_OSMIUM;XIRECS;10003.0;6
601458;;;INTARIAN_PEPPER_ROOT;XIRECS;38597.0;3
601595;;;INTARIAN_PEPPER_ROOT;XIRECS;38608.0;6
602374;;;INTARIAN_PEPPER_ROOT;XIRECS;38606.0;3
603364;;;INTARIAN_PEPPER_ROOT;XIRECS;38614.0;4
605000;;;INTARIAN_PEPPER_ROOT;XIRECS;38599.0;5
605176;;;ASH_COATED_OSMIUM;XIRECS;10011.0;4
606312;;;ASH_COATED_OSMIUM;XIRECS;10013.0;3
606412;;;ASH_COATED_OSMIUM;XIRECS;9995.0;7
607551;;;INTARIAN_PEPPER_ROOT;XIRECS;38613.0;6
608105;;;INTARIAN_PEPPER_ROOT;XIRECS;38610.0;6
611467;;;ASH_COATED_OSMIUM;XIRECS;10010.0;10
612515;;;ASH_COATED_OSMIUM;XIRECS;9993.0;2
614656;;;ASH_COATED_OSMIUM;XIRECS;10002.0;6
617092;;;ASH_COATED_OSMIUM;XIRECS;9992.0;4
617391;;;ASH_COATED_OSMIUM;XIRECS;9988.0;5
618698;;;ASH_COATED_OSMIUM;XIRECS;9991.0;5
618712;;;INTARIAN_PEPPER_ROOT;XIRECS;38613.0;7
619528;;;ASH_COATED_OSMIUM;XIRECS;9994.0;10
620188;;;INTARIAN_PEPPER_ROOT;XIRECS;38611.0;3
620437;;;ASH_COATED_OSMIUM;XIRECS;10013.0;3
622187;;;ASH_COATED_OSMIUM;XIRECS;10010.0;4
622628;;;ASH_COATED_OSMIUM;XIRECS;10007.0;2
624143;;;INTARIAN_PEPPER_ROOT;XIRECS;38632.0;6
629060;;;INTARIAN_PEPPER_ROOT;XIRECS;38625.0;5
629088;;;ASH_COATED_OSMIUM;XIRECS;10011.0;6
629578;;;ASH_COATED_OSMIUM;XIRECS;10005.0;6
635266;;;INTARIAN_PEPPER_ROOT;XIRECS;38630.0;6
637126;;;ASH_COATED_OSMIUM;XIRECS;9996.0;6
639358;;;INTARIAN_PEPPER_ROOT;XIRECS;38634.0;8
643666;;;INTARIAN_PEPPER_ROOT;XIRECS;38650.0;6
644730;;;INTARIAN_PEPPER_ROOT;XIRECS;38650.0;5
646808;;;INTARIAN_PEPPER_ROOT;XIRECS;38653.0;4
649203;;;INTARIAN_PEPPER_ROOT;XIRECS;38641.0;3
649597;;;INTARIAN_PEPPER_ROOT;XIRECS;38640.0;3
649852;;;INTARIAN_PEPPER_ROOT;XIRECS;38641.0;6
650174;;;ASH_COATED_OSMIUM;XIRECS;10014.0;3
651333;;;ASH_COATED_OSMIUM;XIRECS;10003.0;2
651365;;;INTARIAN_PEPPER_ROOT;XIRECS;38654.0;7
651680;;;INTARIAN_PEPPER_ROOT;XIRECS;38643.0;3
652387;;;ASH_COATED_OSMIUM;XIRECS;10004.0;6
656198;;;ASH_COATED_OSMIUM;XIRECS;9992.0;5
658070;;;INTARIAN_PEPPER_ROOT;XIRECS;38655.0;5
659337;;;ASH_COATED_OSMIUM;XIRECS;10000.0;5
660019;;;ASH_COATED_OSMIUM;XIRECS;9990.0;8
661290;;;INTARIAN_PEPPER_ROOT;XIRECS;38667.0;6
663412;;;INTARIAN_PEPPER_ROOT;XIRECS;38659.0;4
664006;;;INTARIAN_PEPPER_ROOT;XIRECS;38665.0;5
664621;;;ASH_COATED_OSMIUM;XIRECS;9988.0;8
665082;;;INTARIAN_PEPPER_ROOT;XIRECS;38670.0;4
665989;;;INTARIAN_PEPPER_ROOT;XIRECS;38662.0;3
666391;;;INTARIAN_PEPPER_ROOT;XIRECS;38658.0;6
666714;;;ASH_COATED_OSMIUM;XIRECS;9996.0;3
666882;;;INTARIAN_PEPPER_ROOT;XIRECS;38657.0;6
667052;;;ASH_COATED_OSMIUM;XIRECS;9995.0;6
669612;;;INTARIAN_PEPPER_ROOT;XIRECS;38676.0;6
670752;;;INTARIAN_PEPPER_ROOT;XIRECS;38664.0;6
670908;;;INTARIAN_PEPPER_ROOT;XIRECS;38664.0;6
675042;;;INTARIAN_PEPPER_ROOT;XIRECS;38668.0;7
675085;;;INTARIAN_PEPPER_ROOT;XIRECS;38668.0;5
677446;;;INTARIAN_PEPPER_ROOT;XIRECS;38683.0;6
679740;;;ASH_COATED_OSMIUM;XIRECS;9990.0;3
680495;;;INTARIAN_PEPPER_ROOT;XIRECS;38672.0;7
680875;;;INTARIAN_PEPPER_ROOT;XIRECS;38688.0;4
683004;;;ASH_COATED_OSMIUM;XIRECS;10007.0;4
684447;;;ASH_COATED_OSMIUM;XIRECS;9992.0;3
686314;;;ASH_COATED_OSMIUM;XIRECS;10009.0;5
686412;;;INTARIAN_PEPPER_ROOT;XIRECS;38678.0;8
687278;;;INTARIAN_PEPPER_ROOT;XIRECS;38694.0;6
687707;;;INTARIAN_PEPPER_ROOT;XIRECS;38679.0;7
688043;;;ASH_COATED_OSMIUM;XIRECS;10016.0;5
691198;;;INTARIAN_PEPPER_ROOT;XIRECS;38701.0;8
692287;;;INTARIAN_PEPPER_ROOT;XIRECS;38685.0;4
692414;;;INTARIAN_PEPPER_ROOT;XIRECS;38688.0;6
693084;;;ASH_COATED_OSMIUM;XIRECS;10019.0;7
694206;;;ASH_COATED_OSMIUM;XIRECS;9986.0;6
694551;;;ASH_COATED_OSMIUM;XIRECS;9991.0;6
697109;;;ASH_COATED_OSMIUM;XIRECS;9991.0;3
697239;;;ASH_COATED_OSMIUM;XIRECS;9989.0;10
698413;;;INTARIAN_PEPPER_ROOT;XIRECS;38693.0;3
700541;;;INTARIAN_PEPPER_ROOT;XIRECS;38695.0;5
701088;;;ASH_COATED_OSMIUM;XIRECS;9996.0;6
701640;;;ASH_COATED_OSMIUM;XIRECS;10001.0;8
702424;;;ASH_COATED_OSMIUM;XIRECS;9981.0;4
705479;;;INTARIAN_PEPPER_ROOT;XIRECS;38698.0;6
706067;;;INTARIAN_PEPPER_ROOT;XIRECS;38700.0;6
706213;;;ASH_COATED_OSMIUM;XIRECS;9998.0;4
709541;;;ASH_COATED_OSMIUM;XIRECS;9991.0;6
711375;;;ASH_COATED_OSMIUM;XIRECS;10003.0;5
714237;;;ASH_COATED_OSMIUM;XIRECS;9998.0;7
715399;;;INTARIAN_PEPPER_ROOT;XIRECS;38710.0;8
718667;;;INTARIAN_PEPPER_ROOT;XIRECS;38712.0;5
719617;;;ASH_COATED_OSMIUM;XIRECS;9988.0;6
722676;;;ASH_COATED_OSMIUM;XIRECS;9996.0;2
723352;;;INTARIAN_PEPPER_ROOT;XIRECS;38714.0;3
723447;;;ASH_COATED_OSMIUM;XIRECS;10011.0;3
726111;;;INTARIAN_PEPPER_ROOT;XIRECS;38735.0;3
726421;;;INTARIAN_PEPPER_ROOT;XIRECS;38718.0;6
726715;;;INTARIAN_PEPPER_ROOT;XIRECS;38719.0;6
728045;;;ASH_COATED_OSMIUM;XIRECS;9985.0;6
729871;;;ASH_COATED_OSMIUM;XIRECS;9993.0;5
731797;;;ASH_COATED_OSMIUM;XIRECS;10010.0;5
732704;;;INTARIAN_PEPPER_ROOT;XIRECS;38728.0;5
734396;;;INTARIAN_PEPPER_ROOT;XIRECS;38727.0;7
735680;;;INTARIAN_PEPPER_ROOT;XIRECS;38746.0;7
736242;;;INTARIAN_PEPPER_ROOT;XIRECS;38727.0;3
737420;;;INTARIAN_PEPPER_ROOT;XIRECS;38745.0;7
739178;;;ASH_COATED_OSMIUM;XIRECS;10004.0;9
740030;;;ASH_COATED_OSMIUM;XIRECS;10003.0;6
740508;;;ASH_COATED_OSMIUM;XIRECS;9993.0;6
740866;;;ASH_COATED_OSMIUM;XIRECS;10002.0;2
741255;;;ASH_COATED_OSMIUM;XIRECS;10016.0;5
741315;;;ASH_COATED_OSMIUM;XIRECS;10010.0;6
741752;;;ASH_COATED_OSMIUM;XIRECS;9987.0;3
745848;;;ASH_COATED_OSMIUM;XIRECS;9994.0;5
747230;;;ASH_COATED_OSMIUM;XIRECS;9985.0;5
747692;;;ASH_COATED_OSMIUM;XIRECS;9985.0;5
748230;;;INTARIAN_PEPPER_ROOT;XIRECS;38755.0;4
750477;;;INTARIAN_PEPPER_ROOT;XIRECS;38747.0;7
750650;;;ASH_COATED_OSMIUM;XIRECS;10012.0;3
751351;;;ASH_COATED_OSMIUM;XIRECS;10003.0;3
753032;;;INTARIAN_PEPPER_ROOT;XIRECS;38759.0;5
753394;;;INTARIAN_PEPPER_ROOT;XIRECS;38763.0;5
753875;;;ASH_COATED_OSMIUM;XIRECS;10006.0;4
756136;;;ASH_COATED_OSMIUM;XIRECS;10003.0;6
756301;;;ASH_COATED_OSMIUM;XIRECS;9997.0;5
758611;;;INTARIAN_PEPPER_ROOT;XIRECS;38769.0;5
761330;;;INTARIAN_PEPPER_ROOT;XIRECS;38769.0;4
761730;;;ASH_COATED_OSMIUM;XIRECS;10007.0;5
765196;;;INTARIAN_PEPPER_ROOT;XIRECS;38761.0;5
766810;;;INTARIAN_PEPPER_ROOT;XIRECS;38758.0;3
767686;;;INTARIAN_PEPPER_ROOT;XIRECS;38769.0;6
768257;;;ASH_COATED_OSMIUM;XIRECS;10016.0;10
768343;;;ASH_COATED_OSMIUM;XIRECS;10013.0;2
768926;;;ASH_COATED_OSMIUM;XIRECS;10004.0;2
769408;;;ASH_COATED_OSMIUM;XIRECS;10009.0;4
770176;;;INTARIAN_PEPPER_ROOT;XIRECS;38764.0;5
770580;;;ASH_COATED_OSMIUM;XIRECS;9998.0;4
771634;;;ASH_COATED_OSMIUM;XIRECS;9990.0;7
773123;;;ASH_COATED_OSMIUM;XIRECS;9986.0;5
773264;;;ASH_COATED_OSMIUM;XIRECS;10008.0;4
775848;;;INTARIAN_PEPPER_ROOT;XIRECS;38783.0;3
777427;;;ASH_COATED_OSMIUM;XIRECS;9997.0;5
778108;;;ASH_COATED_OSMIUM;XIRECS;10006.0;3
780167;;;ASH_COATED_OSMIUM;XIRECS;9997.0;3
781048;;;ASH_COATED_OSMIUM;XIRECS;9987.0;10
782443;;;ASH_COATED_OSMIUM;XIRECS;10006.0;4
783225;;;ASH_COATED_OSMIUM;XIRECS;10005.0;5
783242;;;INTARIAN_PEPPER_ROOT;XIRECS;38779.0;4
783360;;;INTARIAN_PEPPER_ROOT;XIRECS;38791.0;5
784000;;;INTARIAN_PEPPER_ROOT;XIRECS;38774.0;6
786709;;;ASH_COATED_OSMIUM;XIRECS;10003.0;4
789027;;;INTARIAN_PEPPER_ROOT;XIRECS;38783.0;6
792436;;;INTARIAN_PEPPER_ROOT;XIRECS;38797.0;8
794403;;;INTARIAN_PEPPER_ROOT;XIRECS;38787.0;7
795691;;;INTARIAN_PEPPER_ROOT;XIRECS;38785.0;6
795953;;;ASH_COATED_OSMIUM;XIRECS;10010.0;5
795977;;;INTARIAN_PEPPER_ROOT;XIRECS;38789.0;4
803508;;;ASH_COATED_OSMIUM;XIRECS;9993.0;3
805949;;;INTARIAN_PEPPER_ROOT;XIRECS;38814.0;7
806350;;;INTARIAN_PEPPER_ROOT;XIRECS;38804.0;7
806488;;;ASH_COATED_OSMIUM;XIRECS;9985.0;5
806984;;;ASH_COATED_OSMIUM;XIRECS;9992.0;5
810375;;;INTARIAN_PEPPER_ROOT;XIRECS;38819.0;7
810391;;;ASH_COATED_OSMIUM;XIRECS;9986.0;6
811045;;;ASH_COATED_OSMIUM;XIRECS;10012.0;4
818079;;;INTARIAN_PEPPER_ROOT;XIRECS;38824.0;5
822297;;;ASH_COATED_OSMIUM;XIRECS;10010.0;4
822455;;;INTARIAN_PEPPER_ROOT;XIRECS;38827.0;7
822760;;;ASH_COATED_OSMIUM;XIRECS;10005.0;6
822901;;;INTARIAN_PEPPER_ROOT;XIRECS;38830.0;7
825762;;;INTARIAN_PEPPER_ROOT;XIRECS;38831.0;7
825877;;;INTARIAN_PEPPER_ROOT;XIRECS;38831.0;6
826884;;;ASH_COATED_OSMIUM;XIRECS;9985.0;4
828241;;;ASH_COATED_OSMIUM;XIRECS;9987.0;5
830507;;;ASH_COATED_OSMIUM;XIRECS;9989.0;6
836409;;;ASH_COATED_OSMIUM;XIRECS;9984.0;5
837321;;;INTARIAN_PEPPER_ROOT;XIRECS;38845.0;6
837689;;;ASH_COATED_OSMIUM;XIRECS;10012.0;2
838959;;;ASH_COATED_OSMIUM;XIRECS;10013.0;8
840101;;;ASH_COATED_OSMIUM;XIRECS;10009.0;7
842600;;;INTARIAN_PEPPER_ROOT;XIRECS;38848.0;4
842933;;;ASH_COATED_OSMIUM;XIRECS;10006.0;5
843350;;;INTARIAN_PEPPER_ROOT;XIRECS;38846.0;4
843443;;;INTARIAN_PEPPER_ROOT;XIRECS;38854.0;7
844835;;;ASH_COATED_OSMIUM;XIRECS;9989.0;2
850067;;;INTARIAN_PEPPER_ROOT;XIRECS;38846.0;4
850489;;;INTARIAN_PEPPER_ROOT;XIRECS;38846.0;3
851597;;;INTARIAN_PEPPER_ROOT;XIRECS;38858.0;3
854577;;;INTARIAN_PEPPER_ROOT;XIRECS;38843.0;7
856331;;;ASH_COATED_OSMIUM;XIRECS;9998.0;6
856844;;;ASH_COATED_OSMIUM;XIRECS;10016.0;2
858792;;;ASH_COATED_OSMIUM;XIRECS;10004.0;9
860316;;;INTARIAN_PEPPER_ROOT;XIRECS;38853.0;4
860722;;;INTARIAN_PEPPER_ROOT;XIRECS;38854.0;6
861762;;;INTARIAN_PEPPER_ROOT;XIRECS;38853.0;3
862051;;;ASH_COATED_OSMIUM;XIRECS;9987.0;5
862073;;;INTARIAN_PEPPER_ROOT;XIRECS;38871.0;4
865544;;;INTARIAN_PEPPER_ROOT;XIRECS;38859.0;5
868576;;;INTARIAN_PEPPER_ROOT;XIRECS;38879.0;6
869398;;;INTARIAN_PEPPER_ROOT;XIRECS;38880.0;7
869815;;;ASH_COATED_OSMIUM;XIRECS;9997.0;9
871005;;;ASH_COATED_OSMIUM;XIRECS;9990.0;10
871684;;;ASH_COATED_OSMIUM;XIRECS;10010.0;6
872958;;;INTARIAN_PEPPER_ROOT;XIRECS;38864.0;6
873715;;;ASH_COATED_OSMIUM;XIRECS;9987.0;2
874796;;;INTARIAN_PEPPER_ROOT;XIRECS;38868.0;7
878930;;;INTARIAN_PEPPER_ROOT;XIRECS;38882.0;3
885013;;;ASH_COATED_OSMIUM;XIRECS;10003.0;6
886546;;;ASH_COATED_OSMIUM;XIRECS;9986.0;3
887564;;;ASH_COATED_OSMIUM;XIRECS;10022.0;7
887771;;;INTARIAN_PEPPER_ROOT;XIRECS;38892.0;4
887913;;;ASH_COATED_OSMIUM;XIRECS;10004.0;10
889170;;;ASH_COATED_OSMIUM;XIRECS;9982.0;3
889312;;;ASH_COATED_OSMIUM;XIRECS;9999.0;2
896035;;;ASH_COATED_OSMIUM;XIRECS;9991.0;2
897091;;;INTARIAN_PEPPER_ROOT;XIRECS;38890.0;4
898598;;;INTARIAN_PEPPER_ROOT;XIRECS;38894.0;6
899947;;;ASH_COATED_OSMIUM;XIRECS;10010.0;9
902867;;;INTARIAN_PEPPER_ROOT;XIRECS;38901.0;6
903231;;;INTARIAN_PEPPER_ROOT;XIRECS;38906.0;7
903326;;;ASH_COATED_OSMIUM;XIRECS;9990.0;2
906069;;;INTARIAN_PEPPER_ROOT;XIRECS;38912.0;7
907910;;;INTARIAN_PEPPER_ROOT;XIRECS;38902.0;3
911353;;;ASH_COATED_OSMIUM;XIRECS;9977.0;3
912492;;;ASH_COATED_OSMIUM;XIRECS;9997.0;3
915085;;;ASH_COATED_OSMIUM;XIRECS;9998.0;8
916555;;;ASH_COATED_OSMIUM;XIRECS;10008.0;4
916850;;;INTARIAN_PEPPER_ROOT;XIRECS;38908.0;5
916946;;;ASH_COATED_OSMIUM;XIRECS;10011.0;7
921785;;;ASH_COATED_OSMIUM;XIRECS;9998.0;5
922026;;;ASH_COATED_OSMIUM;XIRECS;9995.0;2
922979;;;ASH_COATED_OSMIUM;XIRECS;9993.0;5
923320;;;ASH_COATED_OSMIUM;XIRECS;9988.0;10
924623;;;ASH_COATED_OSMIUM;XIRECS;10010.0;3
925130;;;ASH_COATED_OSMIUM;XIRECS;10015.0;5
929183;;;ASH_COATED_OSMIUM;XIRECS;9989.0;7
931029;;;ASH_COATED_OSMIUM;XIRECS;10000.0;4
931124;;;INTARIAN_PEPPER_ROOT;XIRECS;38922.0;5
932677;;;INTARIAN_PEPPER_ROOT;XIRECS;38924.0;5
933267;;;INTARIAN_PEPPER_ROOT;XIRECS;38939.0;6
934443;;;ASH_COATED_OSMIUM;XIRECS;9985.0;3
934788;;;ASH_COATED_OSMIUM;XIRECS;9993.0;3
936040;;;INTARIAN_PEPPER_ROOT;XIRECS;38939.0;6
939871;;;INTARIAN_PEPPER_ROOT;XIRECS;38929.0;4
941048;;;ASH_COATED_OSMIUM;XIRECS;9988.0;2
942986;;;INTARIAN_PEPPER_ROOT;XIRECS;38951.0;4
946119;;;ASH_COATED_OSMIUM;XIRECS;9989.0;10
947645;;;INTARIAN_PEPPER_ROOT;XIRECS;38955.0;4
948697;;;INTARIAN_PEPPER_ROOT;XIRECS;38943.0;6
948792;;;INTARIAN_PEPPER_ROOT;XIRECS;38941.0;6
948987;;;INTARIAN_PEPPER_ROOT;XIRECS;38942.0;5
949502;;;INTARIAN_PEPPER_ROOT;XIRECS;38960.0;3
950410;;;INTARIAN_PEPPER_ROOT;XIRECS;38958.0;7
951333;;;INTARIAN_PEPPER_ROOT;XIRECS;38942.0;4
952196;;;INTARIAN_PEPPER_ROOT;XIRECS;38963.0;7
952897;;;ASH_COATED_OSMIUM;XIRECS;9990.0;5
954126;;;INTARIAN_PEPPER_ROOT;XIRECS;38947.0;7
958124;;;INTARIAN_PEPPER_ROOT;XIRECS;38958.0;3
958557;;;ASH_COATED_OSMIUM;XIRECS;9996.0;6
959492;;;INTARIAN_PEPPER_ROOT;XIRECS;38962.0;3
964146;;;INTARIAN_PEPPER_ROOT;XIRECS;38958.0;5
965639;;;ASH_COATED_OSMIUM;XIRECS;9983.0;8
965728;;;ASH_COATED_OSMIUM;XIRECS;9983.0;10
965859;;;INTARIAN_PEPPER_ROOT;XIRECS;38971.0;6
966313;;;INTARIAN_PEPPER_ROOT;XIRECS;38977.0;7
970248;;;INTARIAN_PEPPER_ROOT;XIRECS;38975.0;7
974072;;;INTARIAN_PEPPER_ROOT;XIRECS;38981.0;6
976562;;;INTARIAN_PEPPER_ROOT;XIRECS;38984.0;6
977196;;;INTARIAN_PEPPER_ROOT;XIRECS;38971.0;3
977887;;;ASH_COATED_OSMIUM;XIRECS;9986.0;6
978553;;;INTARIAN_PEPPER_ROOT;XIRECS;38975.0;4
982041;;;ASH_COATED_OSMIUM;XIRECS;9989.0;3
983556;;;ASH_COATED_OSMIUM;XIRECS;10014.0;3
986140;;;ASH_COATED_OSMIUM;XIRECS;10005.0;5
987405;;;ASH_COATED_OSMIUM;XIRECS;10005.0;3
988249;;;ASH_COATED_OSMIUM;XIRECS;10000.0;5
988837;;;ASH_COATED_OSMIUM;XIRECS;9987.0;7
989293;;;INTARIAN_PEPPER_ROOT;XIRECS;38981.0;5
990078;;;INTARIAN_PEPPER_ROOT;XIRECS;38985.0;3
992597;;;INTARIAN_PEPPER_ROOT;XIRECS;39001.0;5
992658;;;INTARIAN_PEPPER_ROOT;XIRECS;39001.0;3
993438;;;INTARIAN_PEPPER_ROOT;XIRECS;38993.0;6
993680;;;INTARIAN_PEPPER_ROOT;XIRECS;39006.0;3
994559;;;INTARIAN_PEPPER_ROOT;XIRECS;38987.0;5
995678;;;ASH_COATED_OSMIUM;XIRECS;9993.0;7
996265;;;ASH_COATED_OSMIUM;XIRECS;10004.0;2
996476;;;ASH_COATED_OSMIUM;XIRECS;9997.0;2
998878;;;ASH_COATED_OSMIUM;XIRECS;9996.0;7