timestamp;buyer;seller;symbol;currency;price;quantity
216;;;INTARIAN_PEPPER_ROOT;XIRECS;30996.0;5
3629;;;ASH_COATED_OSMIUM;XIRECS;9987.0;7
5498;;;ASH_COATED_OSMIUM;XIRECS;10009.0;3
5840;;;ASH_COATED_OSMIUM;XIRECS;10010.0;2
9147;;;INTARIAN_PEPPER_ROOT;XIRECS;31005.0;5
11712;;;ASH_COATED_OSMIUM;XIRECS;10001.0;2
12533;;;ASH_COATED_OSMIUM;XIRECS;9985.0;6
14486;;;INTARIAN_PEPPER_ROOT;XIRECS;31022.0;3
15584;;;ASH_COATED_OSMIUM;XIRECS;9989.0;6
16246;;;ASH_COATED_OSMIUM;XIRECS;9988.0;7
19793;;;INTARIAN_PEPPER_ROOT;XIRECS;31012.0;4
20060;;;ASH_COATED_OSMIUM;XIRECS;9991.0;3
20313;;;ASH_COATED_OSMIUM;XIRECS;10001.0;8
23189;;;ASH_COATED_OSMIUM;XIRECS;10000.0;2
24524;;;INTARIAN_PEPPER_ROOT;XIRECS;31031.0;5
27235;;;ASH_COATED_OSMIUM;XIRECS;9987.0;10
28302;;;ASH_COATED_OSMIUM;XIRECS;9988.0;4
30034;;;INTARIAN_PEPPER_ROOT;XIRECS;31021.0;5
31900;;;ASH_COATED_OSMIUM;XIRECS;10002.0;7
32658;;;ASH_COATED_OSMIUM;XIRECS;9989.0;4
32924;;;ASH_COATED_OSMIUM;XIRECS;10002.0;6
33682;;;ASH_COATED_OSMIUM;XIRECS;10009.0;6
34717;;;ASH_COATED_OSMIUM;XIRECS;10003.0;2
43541;;;ASH_COATED_OSMIUM;XIRECS;9985.0;6
44751;;;INTARIAN_PEPPER_ROOT;XIRECS;31050.0;6
46479;;;ASH_COATED_OSMIUM;XIRECS;9991.0;6
47520;;;ASH_COATED_OSMIUM;XIRECS;10001.0;3
47845;;;INTARIAN_PEPPER_ROOT;XIRECS;31041.0;5
47955;;;ASH_COATED_OSMIUM;XIRECS;9989.0;5
48416;;;INTARIAN_PEPPER_ROOT;XIRECS;31055.0;5
50257;;;ASH_COATED_OSMIUM;XIRECS;9986.0;5
52793;;;INTARIAN_PEPPER_ROOT;XIRECS;31047.0;7
52842;;;INTARIAN_PEPPER_ROOT;XIRECS;31055.0;6
53666;;;ASH_COATED_OSMIUM;XIRECS;9992.0;2
54785;;;ASH_COATED_OSMIUM;XIRECS;10004.0;6
56073;;;ASH_COATED_OSMIUM;XIRECS;10006.0;6
56263;;;ASH_COATED_OSMIUM;XIRECS;9989.0;5
56538;;;ASH_COATED_OSMIUM;XIRECS;9989.0;9
58094;;;ASH_COATED_OSMIUM;XIRECS;10000.0;3
58883;;;ASH_COATED_OSMIUM;XIRECS;10008.0;9
59657;;;ASH_COATED_OSMIUM;XIRECS;10008.0;7
59834;;;INTARIAN_PEPPER_ROOT;XIRECS;31048.0;5
60000;;;ASH_COATED_OSMIUM;XIRECS;9991.0;4
61027;;;ASH_COATED_OSMIUM;XIRECS;9992.0;2
62258;;;ASH_COATED_OSMIUM;XIRECS;9988.0;9
63410;;;INTARIAN_PEPPER_ROOT;XIRECS;31057.0;8
63902;;;ASH_COATED_OSMIUM;XIRECS;10007.0;6
64226;;;INTARIAN_PEPPER_ROOT;XIRECS;31070.0;8
64881;;;ASH_COATED_OSMIUM;XIRECS;9992.0;5
66380;;;ASH_COATED_OSMIUM;XIRECS;9995.0;4
66648;;;INTARIAN_PEPPER_ROOT;XIRECS;31067.0;3
67067;;;INTARIAN_PEPPER_ROOT;XIRECS;31060.0;3
69382;;;INTARIAN_PEPPER_ROOT;XIRECS;31062.0;7
70618;;;ASH_COATED_OSMIUM;XIRECS;10006.0;6
70851;;;ASH_COATED_OSMIUM;XIRECS;10011.0;6
72028;;;ASH_COATED_OSMIUM;XIRECS;9988.0;7
73152;;;ASH_COATED_OSMIUM;XIRECS;10005.0;4
73530;;;ASH_COATED_OSMIUM;XIRECS;10009.0;4
74729;;;INTARIAN_PEPPER_ROOT;XIRECS;31080.0;6
76335;;;ASH_COATED_OSMIUM;XIRECS;9990.0;6
76643;;;INTARIAN_PEPPER_ROOT;XIRECS;31070.0;3
77061;;;ASH_COATED_OSMIUM;XIRECS;9994.0;5
77123;;;INTARIAN_PEPPER_ROOT;XIRECS;31084.0;3
78139;;;INTARIAN_PEPPER_ROOT;XIRECS;31085.0;5
79519;;;INTARIAN_PEPPER_ROOT;XIRECS;31085.0;7
80849;;;INTARIAN_PEPPER_ROOT;XIRECS;31074.0;8
81069;;;ASH_COATED_OSMIUM;XIRECS;10009.0;3
81745;;;INTARIAN_PEPPER_ROOT;XIRECS;31071.0;6
81927;;;ASH_COATED_OSMIUM;XIRECS;10013.0;4
84003;;;ASH_COATED_OSMIUM;XIRECS;9994.0;4
84408;;;INTARIAN_PEPPER_ROOT;XIRECS;31081.0;3
86016;;;INTARIAN_PEPPER_ROOT;XIRECS;31077.0;7
86094;;;ASH_COATED_OSMIUM;XIRECS;10015.0;8
86540;;;ASH_COATED_OSMIUM;XIRECS;9999.0;6
91769;;;ASH_COATED_OSMIUM;XIRECS;9999.0;9
92364;;;ASH_COATED_OSMIUM;XIRECS;10004.0;3
92435;;;INTARIAN_PEPPER_ROOT;XIRECS;31084.0;4
95214;;;INTARIAN_PEPPER_ROOT;XIRECS;31087.0;7
98083;;;ASH_COATED_OSMIUM;XIRECS;9998.0;4
100040;;;INTARIAN_PEPPER_ROOT;XIRECS;31090.0;4
100920;;;ASH_COATED_OSMIUM;XIRECS;10014.0;3
101796;;;INTARIAN_PEPPER_ROOT;XIRECS;31092.0;3
101804;;;ASH_COATED_OSMIUM;XIRECS;10018.0;4
103790;;;ASH_COATED_OSMIUM;XIRECS;10004.0;4
105247;;;ASH_COATED_OSMIUM;XIRECS;10013.0;3
110786;;;INTARIAN_PEPPER_ROOT;XIRECS;31094.0;3
111000;;;ASH_COATED_OSMIUM;XIRECS;9999.0;8
111415;;;ASH_COATED_OSMIUM;XIRECS;10010.0;2
113518;;;ASH_COATED_OSMIUM;XIRECS;10017.0;3
113551;;;ASH_COATED_OSMIUM;XIRECS;10017.0;7
113802;;;ASH_COATED_OSMIUM;XIRECS;10010.0;4
115999;;;ASH_COATED_OSMIUM;XIRECS;10008.0;2
117141;;;INTARIAN_PEPPER_ROOT;XIRECS;31117.0;6
119439;;;ASH_COATED_OSMIUM;XIRECS;9986.0;4
119465;;;INTARIAN_PEPPER_ROOT;XIRECS;31112.0;7
120225;;;ASH_COATED_OSMIUM;XIRECS;9984.0;8
120462;;;INTARIAN_PEPPER_ROOT;XIRECS;31116.0;3
121423;;;ASH_COATED_OSMIUM;XIRECS;10000.0;6
123843;;;ASH_COATED_OSMIUM;XIRECS;9988.0;9
124247;;;INTARIAN_PEPPER_ROOT;XIRECS;31129.0;7
125146;;;ASH_COATED_OSMIUM;XIRECS;10001.0;3
127870;;;INTARIAN_PEPPER_ROOT;XIRECS;31132.0;5
128954;;;INTARIAN_PEPPER_ROOT;XIRECS;31135.0;3
129329;;;ASH_COATED_OSMIUM;XIRECS;10005.0;4
130626;;;INTARIAN_PEPPER_ROOT;XIRECS;31124.0;6
133785;;;ASH_COATED_OSMIUM;XIRECS;9981.0;4
135287;;;ASH_COATED_OSMIUM;XIRECS;9988.0;5
135936;;;ASH_COATED_OSMIUM;XIRECS;10004.0;7
136022;;;ASH_COATED_OSMIUM;XIRECS;10004.0;6
136725;;;ASH_COATED_OSMIUM;XIRECS;9992.0;6
138593;;;ASH_COATED_OSMIUM;XIRECS;10001.0;4
139166;;;INTARIAN_PEPPER_ROOT;XIRECS;31131.0;4
140910;;;INTARIAN_PEPPER_ROOT;XIRECS;31150.0;6
142149;;;INTARIAN_PEPPER_ROOT;XIRECS;31136.0;3
142504;;;ASH_COATED_OSMIUM;XIRECS;10002.0;5
145342;;;INTARIAN_PEPPER_ROOT;XIRECS;31150.0;5
149958;;;ASH_COATED_OSMIUM;XIRECS;10008.0;6
150377;;;ASH_COATED_OSMIUM;XIRECS;9993.0;5
152572;;;INTARIAN_PEPPER_ROOT;XIRECS;31146.0;6
153332;;;INTARIAN_PEPPER_ROOT;XIRECS;31147.0;4
153399;;;ASH_COATED_OSMIUM;XIRECS;10011.0;7
157040;;;INTARIAN_PEPPER_ROOT;XIRECS;31150.0;5
158291;;;INTARIAN_PEPPER_ROOT;XIRECS;31166.0;7
159170;;;INTARIAN_PEPPER_ROOT;XIRECS;31165.0;7
159888;;;INTARIAN_PEPPER_ROOT;XIRECS;31160.0;5
161672;;;ASH_COATED_OSMIUM;XIRECS;9998.0;10
161828;;;INTARIAN_PEPPER_ROOT;XIRECS;31169.0;7
163600;;;ASH_COATED_OSMIUM;XIRECS;9996.0;2
164062;;;ASH_COATED_OSMIUM;XIRECS;10017.0;5
164527;;;ASH_COATED_OSMIUM;XIRECS;10016.0;2
165267;;;ASH_COATED_OSMIUM;XIRECS;9998.0;7
165639;;;ASH_COATED_OSMIUM;XIRECS;10000.0;6
166021;;;INTARIAN_PEPPER_ROOT;XIRECS;31157.0;6
166154;;;INTARIAN_PEPPER_ROOT;XIRECS;31158.0;7
166779;;;INTARIAN_PEPPER_ROOT;XIRECS;31164.0;5
168765;;;INTARIAN_PEPPER_ROOT;XIRECS;31174.0;5
169331;;;INTARIAN_PEPPER_ROOT;XIRECS;31175.0;4
170475;;;ASH_COATED_OSMIUM;XIRECS;9991.0;6
171695;;;ASH_COATED_OSMIUM;XIRECS;9995.0;4
171986;;;ASH_COATED_OSMIUM;XIRECS;10008.0;4
173319;;;INTARIAN_PEPPER_ROOT;XIRECS;31180.0;7
173627;;;ASH_COATED_OSMIUM;XIRECS;10007.0;5
174827;;;ASH_COATED_OSMIUM;XIRECS;9991.0;2
174879;;;INTARIAN_PEPPER_ROOT;XIRECS;31182.0;3
175942;;;ASH_COATED_OSMIUM;XIRECS;10005.0;3
177140;;;ASH_COATED_OSMIUM;XIRECS;10011.0;5
182631;;;INTARIAN_PEPPER_ROOT;XIRECS;31177.0;3
182745;;;ASH_COATED_OSMIUM;XIRECS;10011.0;4
183071;;;INTARIAN_PEPPER_ROOT;XIRECS;31180.0;7
184143;;;ASH_COATED_OSMIUM;XIRECS;9987.0;5
193142;;;INTARIAN_PEPPER_ROOT;XIRECS;31199.0;6
193759;;;ASH_COATED_OSMIUM;XIRECS;10003.0;6
194162;;;ASH_COATED_OSMIUM;XIRECS;9984.0;6
194582;;;INTARIAN_PEPPER_ROOT;XIRECS;31201.0;3
196389;;;ASH_COATED_OSMIUM;XIRECS;9994.0;3
197733;;;INTARIAN_PEPPER_ROOT;XIRECS;31187.0;6
198185;;;INTARIAN_PEPPER_ROOT;XIRECS;31190.0;4
198474;;;ASH_COATED_OSMIUM;XIRECS;9988.0;3
198531;;;ASH_COATED_OSMIUM;XIRECS;10009.0;3
199098;;;ASH_COATED_OSMIUM;XIRECS;10011.0;2
199130;;;INTARIAN_PEPPER_ROOT;XIRECS;31206.0;3
200742;;;ASH_COATED_OSMIUM;XIRECS;10005.0;2
200985;;;INTARIAN_PEPPER_ROOT;XIRECS;31207.0;6
203423;;;INTARIAN_PEPPER_ROOT;XIRECS;31208.0;5
203887;;;INTARIAN_PEPPER_ROOT;XIRECS;31193.0;6
209302;;;ASH_COATED_OSMIUM;XIRECS;9987.0;5
209739;;;ASH_COATED_OSMIUM;XIRECS;10005.0;5
210438;;;ASH_COATED_OSMIUM;XIRECS;9986.0;3
211405;;;ASH_COATED_OSMIUM;XIRECS;9992.0;7
212014;;;ASH_COATED_OSMIUM;XIRECS;9993.0;3
212310;;;INTARIAN_PEPPER_ROOT;XIRECS;31213.0;6
217823;;;ASH_COATED_OSMIUM;XIRECS;10004.0;6
218233;;;INTARIAN_PEPPER_ROOT;XIRECS;31216.0;4
219776;;;INTARIAN_PEPPER_ROOT;XIRECS;31214.0;4
221037;;;ASH_COATED_OSMIUM;XIRECS;10004.0;5
223573;;;INTARIAN_PEPPER_ROOT;XIRECS;31217.0;7
225439;;;ASH_COATED_OSMIUM;XIRECS;9990.0;9
227768;;;ASH_COATED_OSMIUM;XIRECS;10005.0;2
229973;;;INTARIAN_PEPPER_ROOT;XIRECS;31225.0;6
233228;;;ASH_COATED_OSMIUM;XIRECS;10001.0;6
233781;;;INTARIAN_PEPPER_ROOT;XIRECS;31224.0;7
234799;;;INTARIAN_PEPPER_ROOT;XIRECS;31238.0;7
234877;;;ASH_COATED_OSMIUM;XIRECS;9984.0;6
236296;;;ASH_COATED_OSMIUM;XIRECS;9982.0;6
236734;;;ASH_COATED_OSMIUM;XIRECS;9980.0;4
237016;;;ASH_COATED_OSMIUM;XIRECS;9982.0;6
238043;;;ASH_COATED_OSMIUM;XIRECS;9980.0;7
243787;;;INTARIAN_PEPPER_ROOT;XIRECS;31251.0;4
244855;;;ASH_COATED_OSMIUM;XIRECS;9997.0;7
246009;;;ASH_COATED_OSMIUM;XIRECS;9979.0;2
248071;;;INTARIAN_PEPPER_ROOT;XIRECS;31241.0;2
252717;;;INTARIAN_PEPPER_ROOT;XIRECS;31260.0;8
252871;;;ASH_COATED_OSMIUM;XIRECS;9984.0;3
255889;;;ASH_COATED_OSMIUM;XIRECS;9980.0;6
258263;;;INTARIAN_PEPPER_ROOT;XIRECS;31252.0;6
260041;;;INTARIAN_PEPPER_ROOT;XIRECS;31267.0;6
260737;;;ASH_COATED_OSMIUM;XIRECS;9982.0;2
261127;;;INTARIAN_PEPPER_ROOT;XIRECS;31265.0;6
262436;;;ASH_COATED_OSMIUM;XIRECS;9986.0;5
262787;;;ASH_COATED_OSMIUM;XIRECS;9984.0;4
263803;;;INTARIAN_PEPPER_ROOT;XIRECS;31257.0;3
264689;;;INTARIAN_PEPPER_ROOT;XIRECS;31272.0;5
266387;;;INTARIAN_PEPPER_ROOT;XIRECS;31271.0;3
267284;;;ASH_COATED_OSMIUM;XIRECS;10008.0;2
267605;;;ASH_COATED_OSMIUM;XIRECS;10003.0;9
269980;;;INTARIAN_PEPPER_ROOT;XIRECS;31259.0;6
270419;;;INTARIAN_PEPPER_ROOT;XIRECS;31263.0;6
271430;;;INTARIAN_PEPPER_ROOT;XIRECS;31267.0;4
274842;;;INTARIAN_PEPPER_ROOT;XIRECS;31264.0;8
275592;;;INTARIAN_PEPPER_ROOT;XIRECS;31283.0;5
276751;;;ASH_COATED_OSMIUM;XIRECS;10006.0;9
277053;;;INTARIAN_PEPPER_ROOT;XIRECS;31270.0;6
277914;;;INTARIAN_PEPPER_ROOT;XIRECS;31288.0;3
279009;;;INTARIAN_PEPPER_ROOT;XIRECS;31288.0;4
280168;;;INTARIAN_PEPPER_ROOT;XIRECS;31272.0;7
281033;;;ASH_COATED_OSMIUM;XIRECS;10009.0;6
281904;;;ASH_COATED_OSMIUM;XIRECS;10010.0;2
283501;;;ASH_COATED_OSMIUM;XIRECS;10007.0;9
287371;;;ASH_COATED_OSMIUM;XIRECS;9990.0;9
288008;;;INTARIAN_PEPPER_ROOT;XIRECS;31293.0;3
290167;;;ASH_COATED_OSMIUM;XIRECS;10010.0;6
290809;;;ASH_COATED_OSMIUM;XIRECS;10009.0;9
294017;;;INTARIAN_PEPPER_ROOT;XIRECS;31277.0;5
294887;;;INTARIAN_PEPPER_ROOT;XIRECS;31302.0;5
296621;;;INTARIAN_PEPPER_ROOT;XIRECS;31300.0;7
296632;;;INTARIAN_PEPPER_ROOT;XIRECS;31288.0;6
297292;;;ASH_COATED_OSMIUM;XIRECS;10009.0;2
299458;;;INTARIAN_PEPPER_ROOT;XIRECS;31293.0;3
299844;;;ASH_COATED_OSMIUM;XIRECS;10009.0;2
301352;;;INTARIAN_PEPPER_ROOT;XIRECS;31296.0;6
304614;;;ASH_COATED_OSMIUM;XIRECS;10006.0;5
306021;;;INTARIAN_PEPPER_ROOT;XIRECS;31308.0;8
306445;;;ASH_COATED_OSMIUM;XIRECS;9992.0;9
309020;;;ASH_COATED_OSMIUM;XIRECS;9989.0;9
310396;;;INTARIAN_PEPPER_ROOT;XIRECS;31309.0;4
311279;;;INTARIAN_PEPPER_ROOT;XIRECS;31302.0;7
311460;;;INTARIAN_PEPPER_ROOT;XIRECS;31311.0;3
312263;;;INTARIAN_PEPPER_ROOT;XIRECS;31316.0;6
312821;;;ASH_COATED_OSMIUM;XIRECS;9985.0;4
313179;;;INTARIAN_PEPPER_ROOT;XIRECS;31304.0;3
314001;;;ASH_COATED_OSMIUM;XIRECS;9997.0;2
316911;;;ASH_COATED_OSMIUM;XIRECS;10008.0;3
317449;;;ASH_COATED_OSMIUM;XIRECS;9995.0;4
318075;;;ASH_COATED_OSMIUM;XIRECS;9988.0;2
318417;;;INTARIAN_PEPPER_ROOT;XIRECS;31322.0;7
319188;;;INTARIAN_PEPPER_ROOT;XIRECS;31326.0;5
319864;;;INTARIAN_PEPPER_ROOT;XIRECS;31322.0;6
321646;;;ASH_COATED_OSMIUM;XIRECS;9982.0;8
321814;;;INTARIAN_PEPPER_ROOT;XIRECS;31317.0;3
323749;;;INTARIAN_PEPPER_ROOT;XIRECS;31328.0;6
325100;;;ASH_COATED_OSMIUM;XIRECS;9995.0;8
326894;;;ASH_COATED_OSMIUM;XIRECS;9986.0;10
326940;;;ASH_COATED_OSMIUM;XIRECS;9985.0;2
327760;;;ASH_COATED_OSMIUM;XIRECS;10002.0;3
328296;;;INTARIAN_PEPPER_ROOT;XIRECS;31320.0;3
329899;;;INTARIAN_PEPPER_ROOT;XIRECS;31335.0;5
332823;;;ASH_COATED_OSMIUM;XIRECS;9999.0;3
334161;;;ASH_COATED_OSMIUM;XIRECS;10004.0;8
336038;;;ASH_COATED_OSMIUM;XIRECS;10000.0;6
336126;;;ASH_COATED_OSMIUM;XIRECS;9984.0;5
336593;;;INTARIAN_PEPPER_ROOT;XIRECS;31327.0;4
337363;;;INTARIAN_PEPPER_ROOT;XIRECS;31331.0;5
339878;;;INTARIAN_PEPPER_ROOT;XIRECS;31332.0;7
340039;;;INTARIAN_PEPPER_ROOT;XIRECS;31344.0;5
341304;;;ASH_COATED_OSMIUM;XIRECS;9989.0;5
342654;;;ASH_COATED_OSMIUM;XIRECS;9991.0;3
344387;;;ASH_COATED_OSMIUM;XIRECS;9991.0;5
346743;;;INTARIAN_PEPPER_ROOT;XIRECS;31338.0;6
347879;;;INTARIAN_PEPPER_ROOT;XIRECS;31355.0;3
350143;;;INTARIAN_PEPPER_ROOT;XIRECS;31356.0;7
350689;;;ASH_COATED_OSMIUM;XIRECS;9996.0;6
350713;;;ASH_COATED_OSMIUM;XIRECS;10015.0;10
351115;;;INTARIAN_PEPPER_ROOT;XIRECS;31343.0;4
351961;;;ASH_COATED_OSMIUM;XIRECS;9996.0;2
351977;;;ASH_COATED_OSMIUM;XIRECS;10012.0;10
354044;;;INTARIAN_PEPPER_ROOT;XIRECS;31360.0;7
358022;;;INTARIAN_PEPPER_ROOT;XIRECS;31358.0;6
359493;;;ASH_COATED_OSMIUM;XIRECS;9995.0;5
360329;;;ASH_COATED_OSMIUM;XIRECS;10005.0;2
360345;;;ASH_COATED_OSMIUM;XIRECS;9989.0;2
361212;;;INTARIAN_PEPPER_ROOT;XIRECS;31364.0;6
362193;;;ASH_COATED_OSMIUM;XIRECS;9997.0;7
363224;;;ASH_COATED_OSMIUM;XIRECS;10014.0;5
363449;;;ASH_COATED_OSMIUM;XIRECS;9993.0;6
365353;;;ASH_COATED_OSMIUM;XIRECS;10000.0;10
366234;;;ASH_COATED_OSMIUM;XIRECS;10011.0;8
366798;;;ASH_COATED_OSMIUM;XIRECS;10012.0;2
367597;;;ASH_COATED_OSMIUM;XIRECS;10012.0;6
369776;;;ASH_COATED_OSMIUM;XIRECS;10017.0;8
373141;;;ASH_COATED_OSMIUM;XIRECS;10012.0;6
373533;;;INTARIAN_PEPPER_ROOT;XIRECS;31381.0;8
375674;;;ASH_COATED_OSMIUM;XIRECS;9996.0;4
377891;;;ASH_COATED_OSMIUM;XIRECS;10014.0;3
378139;;;ASH_COATED_OSMIUM;XIRECS;10010.0;2
382074;;;ASH_COATED_OSMIUM;XIRECS;9991.0;5
383609;;;INTARIAN_PEPPER_ROOT;XIRECS;31375.0;7
383779;;;INTARIAN_PEPPER_ROOT;XIRECS;31391.0;6
385354;;;INTARIAN_PEPPER_ROOT;XIRECS;31382.0;4
385875;;;ASH_COATED_OSMIUM;XIRECS;9998.0;4
387271;;;ASH_COATED_OSMIUM;XIRECS;10013.0;6
388539;;;ASH_COATED_OSMIUM;XIRECS;9996.0;3
389204;;;ASH_COATED_OSMIUM;XIRECS;9991.0;9
389329;;;ASH_COATED_OSMIUM;XIRECS;10006.0;9
390428;;;INTARIAN_PEPPER_ROOT;XIRECS;31386.0;6
390541;;;ASH_COATED_OSMIUM;XIRECS;9994.0;7
392011;;;ASH_COATED_OSMIUM;XIRECS;10011.0;10
392997;;;ASH_COATED_OSMIUM;XIRECS;10015.0;5
393806;;;INTARIAN_PEPPER_ROOT;XIRECS;31387.0;5
393824;;;INTARIAN_PEPPER_ROOT;XIRECS;31398.0;4
395591;;;ASH_COATED_OSMIUM;XIRECS;10000.0;4
395999;;;INTARIAN_PEPPER_ROOT;XIRECS;31390.0;5
397997;;;ASH_COATED_OSMIUM;XIRECS;10002.0;8
398317;;;INTARIAN_PEPPER_ROOT;XIRECS;31393.0;7
398485;;;ASH_COATED_OSMIUM;XIRECS;10019.0;9
401497;;;INTARIAN_PEPPER_ROOT;XIRECS;31395.0;3
401570;;;ASH_COATED_OSMIUM;XIRECS;10002.0;7
403298;;;INTARIAN_PEPPER_ROOT;XIRECS;31396.0;6
404272;;;ASH_COATED_OSMIUM;XIRECS;9997.0;5
405143;;;INTARIAN_PEPPER_ROOT;XIRECS;31398.0;6
406097;;;INTARIAN_PEPPER_ROOT;XIRECS;31403.0;5
407510;;;ASH_COATED_OSMIUM;XIRECS;10018.0;6
408715;;;ASH_COATED_OSMIUM;XIRECS;10019.0;3
408976;;;ASH_COATED_OSMIUM;XIRECS;10019.0;5
416142;;;INTARIAN_PEPPER_ROOT;XIRECS;31410.0;7
416543;;;INTARIAN_PEPPER_ROOT;XIRECS;31412.0;3
417106;;;INTARIAN_PEPPER_ROOT;XIRECS;31408.0;4
417939;;;ASH_COATED_OSMIUM;XIRECS;9998.0;5
419656;;;INTARIAN_PEPPER_ROOT;XIRECS;31428.0;7
420660;;;ASH_COATED_OSMIUM;XIRECS;10013.0;8
422600;;;ASH_COATED_OSMIUM;XIRECS;10000.0;2
425322;;;INTARIAN_PEPPER_ROOT;XIRECS;31435.0;3
425649;;;INTARIAN_PEPPER_ROOT;XIRECS;31420.0;4
429207;;;INTARIAN_PEPPER_ROOT;XIRECS;31416.0;7
432353;;;INTARIAN_PEPPER_ROOT;XIRECS;31424.0;4
435011;;;ASH_COATED_OSMIUM;XIRECS;10007.0;9
435170;;;ASH_COATED_OSMIUM;XIRECS;9996.0;2
435631;;;ASH_COATED_OSMIUM;XIRECS;9995.0;5
436553;;;INTARIAN_PEPPER_ROOT;XIRECS;31430.0;5
437299;;;INTARIAN_PEPPER_ROOT;XIRECS;31428.0;6
437586;;;INTARIAN_PEPPER_ROOT;XIRECS;31444.0;6
437729;;;ASH_COATED_OSMIUM;XIRECS;10007.0;10
438839;;;INTARIAN_PEPPER_ROOT;XIRECS;31434.0;5
439818;;;INTARIAN_PEPPER_ROOT;XIRECS;31433.0;8
439877;;;ASH_COATED_OSMIUM;XIRECS;10011.0;3
440248;;;INTARIAN_PEPPER_ROOT;XIRECS;31432.0;6
442010;;;ASH_COATED_OSMIUM;XIRECS;10000.0;6
446145;;;ASH_COATED_OSMIUM;XIRECS;10003.0;10
447341;;;ASH_COATED_OSMIUM;XIRECS;9996.0;3
450357;;;ASH_COATED_OSMIUM;XIRECS;10011.0;10
450478;;;INTARIAN_PEPPER_ROOT;XIRECS;31461.0;8
450825;;;INTARIAN_PEPPER_ROOT;XIRECS;31444.0;4
450914;;;INTARIAN_PEPPER_ROOT;XIRECS;31445.0;5
455727;;;ASH_COATED_OSMIUM;XIRECS;9998.0;7
458433;;;INTARIAN_PEPPER_ROOT;XIRECS;31449.0;6
461551;;;ASH_COATED_OSMIUM;XIRECS;10015.0;5
461681;;;INTARIAN_PEPPER_ROOT;XIRECS;31453.0;7
461801;;;ASH_COATED_OSMIUM;XIRECS;10013.0;3
462331;;;INTARIAN_PEPPER_ROOT;XIRECS;31455.0;5
464174;;;INTARIAN_PEPPER_ROOT;XIRECS;31456.0;3
464531;;;INTARIAN_PEPPER_ROOT;XIRECS;31470.0;7
466959;;;INTARIAN_PEPPER_ROOT;XIRECS;31462.0;6
467508;;;ASH_COATED_OSMIUM;XIRECS;9995.0;4
469176;;;INTARIAN_PEPPER_ROOT;XIRECS;31461.0;5
469381;;;INTARIAN_PEPPER_ROOT;XIRECS;31461.0;3
470188;;;INTARIAN_PEPPER_ROOT;XIRECS;31477.0;8
470616;;;ASH_COATED_OSMIUM;XIRECS;10012.0;3
470769;;;INTARIAN_PEPPER_ROOT;XIRECS;31474.0;7
472195;;;INTARIAN_PEPPER_ROOT;XIRECS;31463.0;4
475369;;;ASH_COATED_OSMIUM;XIRECS;9989.0;9
475997;;;ASH_COATED_OSMIUM;XIRECS;9989.0;4
482375;;;ASH_COATED_OSMIUM;XIRECS;10008.0;3
485723;;;ASH_COATED_OSMIUM;XIRECS;10008.0;2
490645;;;INTARIAN_PEPPER_ROOT;XIRECS;31499.0;7
490727;;;INTARIAN_PEPPER_ROOT;XIRECS;31486.0;4
490921;;;INTARIAN_PEPPER_ROOT;XIRECS;31482.0;3
491375;;;INTARIAN_PEPPER_ROOT;XIRECS;31498.0;5
493025;;;INTARIAN_PEPPER_ROOT;XIRECS;31498.0;8
494612;;;INTARIAN_PEPPER_ROOT;XIRECS;31493.0;7
494820;;;ASH_COATED_OSMIUM;XIRECS;10002.0;6
496637;;;INTARIAN_PEPPER_ROOT;XIRECS;31500.0;3
497391;;;ASH_COATED_OSMIUM;XIRECS;10009.0;10
497460;;;ASH_COATED_OSMIUM;XIRECS;10016.0;10
498409;;;ASH_COATED_OSMIUM;XIRECS;9994.0;9
498461;;;INTARIAN_PEPPER_ROOT;XIRECS;31502.0;6
498713;;;ASH_COATED_OSMIUM;XIRECS;10009.0;9
499492;;;INTARIAN_PEPPER_ROOT;XIRECS;31507.0;5
499744;;;INTARIAN_PEPPER_ROOT;XIRECS;31496.0;4
502106;;;INTARIAN_PEPPER_ROOT;XIRECS;31508.0;3
503241;;;ASH_COATED_OSMIUM;XIRECS;10013.0;4
503394;;;INTARIAN_PEPPER_ROOT;XIRECS;31500.0;6
508200;;;INTARIAN_PEPPER_ROOT;XIRECS;31514.0;5
509508;;;ASH_COATED_OSMIUM;XIRECS;10011.0;2
510128;;;INTARIAN_PEPPER_ROOT;XIRECS;31495.0;4
511526;;;INTARIAN_PEPPER_ROOT;XIRECS;31521.0;5
514137;;;ASH_COATED_OSMIUM;XIRECS;10010.0;6
515285;;;INTARIAN_PEPPER_ROOT;XIRECS;31507.0;5
515675;;;INTARIAN_PEPPER_ROOT;XIRECS;31525.0;7
517047;;;ASH_COATED_OSMIUM;XIRECS;10011.0;3
517191;;;ASH_COATED_OSMIUM;XIRECS;9990.0;2
517785;;;INTARIAN_PEPPER_ROOT;XIRECS;31508.0;3
519114;;;ASH_COATED_OSMIUM;XIRECS;9997.0;3
521259;;;INTARIAN_PEPPER_ROOT;XIRECS;31514.0;6
521407;;;ASH_COATED_OSMIUM;XIRECS;10015.0;3
524572;;;ASH_COATED_OSMIUM;XIRECS;10015.0;5
524960;;;ASH_COATED_OSMIUM;XIRECS;10009.0;6
525941;;;ASH_COATED_OSMIUM;XIRECS;10014.0;2
526546;;;ASH_COATED_OSMIUM;XIRECS;10014.0;2
526595;;;ASH_COATED_OSMIUM;XIRECS;9996.0;6
531870;;;ASH_COATED_OSMIUM;XIRECS;10011.0;5
539713;;;ASH_COATED_OSMIUM;XIRECS;10014.0;6
540035;;;INTARIAN_PEPPER_ROOT;XIRECS;31548.0;6
543599;;;ASH_COATED_OSMIUM;XIRECS;10012.0;4
546326;;;ASH_COATED_OSMIUM;XIRECS;9999.0;5
547155;;;ASH_COATED_OSMIUM;XIRECS;9998.0;3
549743;;;INTARIAN_PEPPER_ROOT;XIRECS;31558.0;4
550183;;;INTARIAN_PEPPER_ROOT;XIRECS;31543.0;5
553363;;;INTARIAN_PEPPER_ROOT;XIRECS;31554.0;4
553646;;;ASH_COATED_OSMIUM;XIRECS;10000.0;3
554859;;;INTARIAN_PEPPER_ROOT;XIRECS;31558.0;6
555505;;;ASH_COATED_OSMIUM;XIRECS;10009.0;8
557860;;;ASH_COATED_OSMIUM;XIRECS;9997.0;6
558546;;;ASH_COATED_OSMIUM;XIRECS;10014.0;5
560266;;;INTARIAN_PEPPER_ROOT;XIRECS;31555.0;7
561340;;;INTARIAN_PEPPER_ROOT;XIRECS;31568.0;6
561537;;;INTARIAN_PEPPER_ROOT;XIRECS;31559.0;4
561937;;;ASH_COATED_OSMIUM;XIRECS;9996.0;6
562885;;;ASH_COATED_OSMIUM;XIRECS;10008.0;4
562984;;;ASH_COATED_OSMIUM;XIRECS;10008.0;5
563058;;;ASH_COATED_OSMIUM;XIRECS;10009.0;6
564048;;;INTARIAN_PEPPER_ROOT;XIRECS;31571.0;3
564357;;;INTARIAN_PEPPER_ROOT;XIRECS;31567.0;7
565783;;;ASH_COATED_OSMIUM;XIRECS;10016.0;6
566956;;;ASH_COATED_OSMIUM;XIRECS;10008.0;10
567305;;;INTARIAN_PEPPER_ROOT;XIRECS;31556.0;4
571286;;;ASH_COATED_OSMIUM;XIRECS;10009.0;5
573256;;;ASH_COATED_OSMIUM;XIRECS;9996.0;3
573530;;;INTARIAN_PEPPER_ROOT;XIRECS;31582.0;6
573607;;;ASH_COATED_OSMIUM;XIRECS;10020.0;2
574411;;;ASH_COATED_OSMIUM;XIRECS;9998.0;5
576157;;;ASH_COATED_OSMIUM;XIRECS;9997.0;6
578143;;;INTARIAN_PEPPER_ROOT;XIRECS;31585.0;6
580930;;;INTARIAN_PEPPER_ROOT;XIRECS;31582.0;7
582908;;;ASH_COATED_OSMIUM;XIRECS;10017.0;5
583416;;;INTARIAN_PEPPER_ROOT;XIRECS;31586.0;6
587374;;;ASH_COATED_OSMIUM;XIRECS;10017.0;6
588684;;;ASH_COATED_OSMIUM;XIRECS;9997.0;4
590090;;;ASH_COATED_OSMIUM;XIRECS;10018.0;10
590747;;;INTARIAN_PEPPER_ROOT;XIRECS;31598.0;7
592216;;;INTARIAN_PEPPER_ROOT;XIRECS;31601.0;8
593113;;;INTARIAN_PEPPER_ROOT;XIRECS;31589.0;7
593765;;;INTARIAN_PEPPER_ROOT;XIRECS;31587.0;7
594411;;;ASH_COATED_OSMIUM;XIRECS;9996.0;2
596355;;;ASH_COATED_OSMIUM;XIRECS;9997.0;3
598510;;;ASH_COATED_OSMIUM;XIRECS;10007.0;6
599449;;;INTARIAN_PEPPER_ROOT;XIRECS;31592.0;7
601729;;;INTARIAN_PEPPER_ROOT;XIRECS;31600.0;5
603320;;;ASH_COATED_OSMIUM;XIRECS;10008.0;2
604060;;;INTARIAN_PEPPER_ROOT;XIRECS;31612.0;6
606163;;;ASH_COATED_OSMIUM;XIRECS;10005.0;3
607429;;;INTARIAN_PEPPER_ROOT;XIRECS;31616.0;6
608646;;;ASH_COATED_OSMIUM;XIRECS;9993.0;2
610928;;;ASH_COATED_OSMIUM;XIRECS;9994.0;6
611514;;;ASH_COATED_OSMIUM;XIRECS;9998.0;7
613750;;;ASH_COATED_OSMIUM;XIRECS;10003.0;6
616328;;;ASH_COATED_OSMIUM;XIRECS;9997.0;2
618919;;;ASH_COATED_OSMIUM;XIRECS;10012.0;2
619122;;;INTARIAN_PEPPER_ROOT;XIRECS;31629.0;3
620785;;;INTARIAN_PEPPER_ROOT;XIRECS;31614.0;4
622898;;;INTARIAN_PEPPER_ROOT;XIRECS;31629.0;7
624452;;;ASH_COATED_OSMIUM;XIRECS;9994.0;2
624818;;;ASH_COATED_OSMIUM;XIRECS;9990.0;2
625119;;;INTARIAN_PEPPER_ROOT;XIRECS;31618.0;8
629648;;;ASH_COATED_OSMIUM;XIRECS;9994.0;6
630044;;;ASH_COATED_OSMIUM;XIRECS;10000.0;6
633020;;;ASH_COATED_OSMIUM;XIRECS;9998.0;6
634956;;;INTARIAN_PEPPER_ROOT;XIRECS;31628.0;3
636179;;;INTARIAN_PEPPER_ROOT;XIRECS;31630.0;6
637770;;;INTARIAN_PEPPER_ROOT;XIRECS;31645.0;5
641030;;;ASH_COATED_OSMIUM;XIRECS;10018.0;6
642509;;;INTARIAN_PEPPER_ROOT;XIRECS;31652.0;7
642578;;;INTARIAN_PEPPER_ROOT;XIRECS;31652.0;4
644454;;;INTARIAN_PEPPER_ROOT;XIRECS;31647.0;8
644540;;;ASH_COATED_OSMIUM;XIRECS;9993.0;8
644656;;;ASH_COATED_OSMIUM;XIRECS;9996.0;4
644960;;;INTARIAN_PEPPER_ROOT;XIRECS;31652.0;4
648059;;;ASH_COATED_OSMIUM;XIRECS;10008.0;3
651519;;;ASH_COATED_OSMIUM;XIRECS;9994.0;2
651869;;;INTARIAN_PEPPER_ROOT;XIRECS;31658.0;4
651878;;;ASH_COATED_OSMIUM;XIRECS;9996.0;6
652868;;;ASH_COATED_OSMIUM;XIRECS;10002.0;7
656370;;;INTARIAN_PEPPER_ROOT;XIRECS;31662.0;3
656508;;;INTARIAN_PEPPER_ROOT;XIRECS;31655.0;3
657235;;;INTARIAN_PEPPER_ROOT;XIRECS;31653.0;5
658645;;;INTARIAN_PEPPER_ROOT;XIRECS;31651.0;3
659229;;;ASH_COATED_OSMIUM;XIRECS;10012.0;4
660288;;;INTARIAN_PEPPER_ROOT;XIRECS;31664.0;3
660574;;;ASH_COATED_OSMIUM;XIRECS;10004.0;6
661319;;;ASH_COATED_OSMIUM;XIRECS;10023.0;9
665941;;;ASH_COATED_OSMIUM;XIRECS;10022.0;5
669018;;;INTARIAN_PEPPER_ROOT;XIRECS;31677.0;3
669064;;;INTARIAN_PEPPER_ROOT;XIRECS;31677.0;6
669393;;;ASH_COATED_OSMIUM;XIRECS;10014.0;2
670078;;;ASH_COATED_OSMIUM;XIRECS;9997.0;6
670919;;;ASH_COATED_OSMIUM;XIRECS;9998.0;4
671864;;;INTARIAN_PEPPER_ROOT;XIRECS;31675.0;5
672576;;;ASH_COATED_OSMIUM;XIRECS;10002.0;2
672682;;;ASH_COATED_OSMIUM;XIRECS;10003.0;6
673641;;;INTARIAN_PEPPER_ROOT;XIRECS;31682.0;7
675362;;;ASH_COATED_OSMIUM;XIRECS;10012.0;3
675658;;;INTARIAN_PEPPER_ROOT;XIRECS;31667.0;5
681009;;;ASH_COATED_OSMIUM;XIRECS;9997.0;5
683455;;;ASH_COATED_OSMIUM;XIRECS;9999.0;6
684339;;;INTARIAN_PEPPER_ROOT;XIRECS;31691.0;3
685134;;;INTARIAN_PEPPER_ROOT;XIRECS;31679.0;6
687188;;;INTARIAN_PEPPER_ROOT;XIRECS;31678.0;5
688591;;;INTARIAN_PEPPER_ROOT;XIRECS;31682.0;4
692191;;;ASH_COATED_OSMIUM;XIRECS;10015.0;5
692709;;;ASH_COATED_OSMIUM;XIRECS;10014.0;5
692928;;;ASH_COATED_OSMIUM;XIRECS;9996.0;4
694176;;;ASH_COATED_OSMIUM;XIRECS;9997.0;9
696340;;;INTARIAN_PEPPER_ROOT;XIRECS;31695.0;3
698666;;;ASH_COATED_OSMIUM;XIRECS;10008.0;6
700245;;;ASH_COATED_OSMIUM;XIRECS;10006.0;9
701239;;;ASH_COATED_OSMIUM;XIRECS;9990.0;5
701431;;;INTARIAN_PEPPER_ROOT;XIRECS;31694.0;6
701572;;;INTARIAN_PEPPER_ROOT;XIRECS;31709.0;6
703680;;;INTARIAN_PEPPER_ROOT;XIRECS;31709.0;4
703764;;;ASH_COATED_OSMIUM;XIRECS;10013.0;3
704576;;;ASH_COATED_OSMIUM;XIRECS;9992.0;4
708060;;;INTARIAN_PEPPER_ROOT;XIRECS;31702.0;6
710141;;;ASH_COATED_OSMIUM;XIRECS;10004.0;4
710401;;;ASH_COATED_OSMIUM;XIRECS;9993.0;3
711313;;;INTARIAN_PEPPER_ROOT;XIRECS;31717.0;7
714985;;;INTARIAN_PEPPER_ROOT;XIRECS;31724.0;4
715124;;;ASH_COATED_OSMIUM;XIRECS;10008.0;5
715930;;;INTARIAN_PEPPER_ROOT;XIRECS;31722.0;5
717332;;;ASH_COATED_OSMIUM;XIRECS;10013.0;2
721866;;;ASH_COATED_OSMIUM;XIRECS;10005.0;7
726759;;;INTARIAN_PEPPER_ROOT;XIRECS;31721.0;5
727028;;;INTARIAN_PEPPER_ROOT;XIRECS;31734.0;6
727170;;;INTARIAN_PEPPER_ROOT;XIRECS;31724.0;6
727586;;;ASH_COATED_OSMIUM;XIRECS;10007.0;8
729476;;;ASH_COATED_OSMIUM;XIRECS;9987.0;2
729633;;;INTARIAN_PEPPER_ROOT;XIRECS;31737.0;4
730102;;;INTARIAN_PEPPER_ROOT;XIRECS;31723.0;5
730389;;;INTARIAN_PEPPER_ROOT;XIRECS;31726.0;3
734628;;;INTARIAN_PEPPER_ROOT;XIRECS;31728.0;3
735167;;;INTARIAN_PEPPER_ROOT;XIRECS;31731.0;5
736033;;;ASH_COATED_OSMIUM;XIRECS;10009.0;9
737131;;;ASH_COATED_OSMIUM;XIRECS;10010.0;8
737216;;;ASH_COATED_OSMIUM;XIRECS;10004.0;8
737688;;;ASH_COATED_OSMIUM;XIRECS;10005.0;8
738302;;;INTARIAN_PEPPER_ROOT;XIRECS;31745.0;7
739433;;;INTARIAN_PEPPER_ROOT;XIRECS;31747.0;6
740010;;;INTARIAN_PEPPER_ROOT;XIRECS;31746.0;5
741377;;;ASH_COATED_OSMIUM;XIRECS;9993.0;6
743057;;;INTARIAN_PEPPER_ROOT;XIRECS;31736.0;5
744649;;;INTARIAN_PEPPER_ROOT;XIRECS;31752.0;6
745577;;;ASH_COATED_OSMIUM;XIRECS;9994.0;3
747254;;;ASH_COATED_OSMIUM;XIRECS;10016.0;3
748469;;;INTARIAN_PEPPER_ROOT;XIRECS;31756.0;3
750478;;;INTARIAN_PEPPER_ROOT;XIRECS;31747.0;4
750975;;;INTARIAN_PEPPER_ROOT;XIRECS;31757.0;4
752789;;;ASH_COATED_OSMIUM;XIRECS;9996.0;3
755452;;;INTARIAN_PEPPER_ROOT;XIRECS;31762.0;6
755537;;;ASH_COATED_OSMIUM;XIRECS;9997.0;6
756013;;;ASH_COATED_OSMIUM;XIRECS;10017.0;2
757721;;;ASH_COATED_OSMIUM;XIRECS;10000.0;6
758697;;;ASH_COATED_OSMIUM;XIRECS;10011.0;8
759072;;;ASH_COATED_OSMIUM;XIRECS;9994.0;5
759179;;;ASH_COATED_OSMIUM;XIRECS;9999.0;6
759990;;;ASH_COATED_OSMIUM;XIRECS;9991.0;3
760102;;;INTARIAN_PEPPER_ROOT;XIRECS;31770.0;4
761369;;;ASH_COATED_OSMIUM;XIRECS;10015.0;9
761587;;;ASH_COATED_OSMIUM;XIRECS;9999.0;5
764156;;;ASH_COATED_OSMIUM;XIRECS;10013.0;8
766248;;;INTARIAN_PEPPER_ROOT;XIRECS;31759.0;4
774541;;;ASH_COATED_OSMIUM;XIRECS;10012.0;7
774968;;;ASH_COATED_OSMIUM;XIRECS;10017.0;3
775101;;;ASH_COATED_OSMIUM;XIRECS;10012.0;6
777648;;;ASH_COATED_OSMIUM;XIRECS;10011.0;2
781804;;;ASH_COATED_OSMIUM;XIRECS;9992.0;7
784746;;;INTARIAN_PEPPER_ROOT;XIRECS;31777.0;7
786722;;;ASH_COATED_OSMIUM;XIRECS;10009.0;7
787670;;;INTARIAN_PEPPER_ROOT;XIRECS;31777.0;6
789403;;;INTARIAN_PEPPER_ROOT;XIRECS;31782.0;3
790321;;;ASH_COATED_OSMIUM;XIRECS;9992.0;8
791103;;;ASH_COATED_OSMIUM;XIRECS;10006.0;5
791255;;;ASH_COATED_OSMIUM;XIRECS;10007.0;4
792089;;;ASH_COATED_OSMIUM;XIRECS;9994.0;6
793039;;;ASH_COATED_OSMIUM;XIRECS;9992.0;5
795578;;;ASH_COATED_OSMIUM;XIRECS;10004.0;4
795769;;;ASH_COATED_OSMIUM;XIRECS;10008.0;4
797135;;;INTARIAN_PEPPER_ROOT;XIRECS;31791.0;6
797783;;;ASH_COATED_OSMIUM;XIRECS;10005.0;6
798146;;;ASH_COATED_OSMIUM;XIRECS;9989.0;3
798484;;;INTARIAN_PEPPER_ROOT;XIRECS;31804.0;7
798719;;;ASH_COATED_OSMIUM;XIRECS;10003.0;6
799212;;;ASH_COATED_OSMIUM;XIRECS;10008.0;6
800398;;;ASH_COATED_OSMIUM;XIRECS;10009.0;5
800809;;;INTARIAN_PEPPER_ROOT;XIRECS;31793.0;5
800904;;;ASH_COATED_OSMIUM;XIRECS;9993.0;6
802329;;;INTARIAN_PEPPER_ROOT;XIRECS;31810.0;5
802380;;;INTARIAN_PEPPER_ROOT;XIRECS;31794.0;3
802857;;;ASH_COATED_OSMIUM;XIRECS;9995.0;5
802990;;;ASH_COATED_OSMIUM;XIRECS;9990.0;9
803430;;;INTARIAN_PEPPER_ROOT;XIRECS;31798.0;3
806225;;;INTARIAN_PEPPER_ROOT;XIRECS;31810.0;5
808535;;;ASH_COATED_OSMIUM;XIRECS;9994.0;3
809482;;;ASH_COATED_OSMIUM;XIRECS;9991.0;8
809862;;;ASH_COATED_OSMIUM;XIRECS;9993.0;9
810032;;;INTARIAN_PEPPER_ROOT;XIRECS;31815.0;7
813753;;;ASH_COATED_OSMIUM;XIRECS;10012.0;10
814362;;;ASH_COATED_OSMIUM;XIRECS;10014.0;5
814823;;;ASH_COATED_OSMIUM;XIRECS;10013.0;6
815879;;;ASH_COATED_OSMIUM;XIRECS;10000.0;2
818677;;;ASH_COATED_OSMIUM;XIRECS;10002.0;3
818910;;;INTARIAN_PEPPER_ROOT;XIRECS;31822.0;8
820391;;;ASH_COATED_OSMIUM;XIRECS;10018.0;2
820977;;;INTARIAN_PEPPER_ROOT;XIRECS;31822.0;6
823899;;;INTARIAN_PEPPER_ROOT;XIRECS;31831.0;3
825577;;;INTARIAN_PEPPER_ROOT;XIRECS;31836.0;6
826042;;;ASH_COATED_OSMIUM;XIRECS;10018.0;7
827626;;;INTARIAN_PEPPER_ROOT;XIRECS;31825.0;3
830249;;;INTARIAN_PEPPER_ROOT;XIRECS;31829.0;4
830261;;;ASH_COATED_OSMIUM;XIRECS;10009.0;6
832134;;;INTARIAN_PEPPER_ROOT;XIRECS;31836.0;7
832668;;;ASH_COATED_OSMIUM;XIRECS;10010.0;9
833149;;;ASH_COATED_OSMIUM;XIRECS;10006.0;6
836837;;;INTARIAN_PEPPER_ROOT;XIRECS;31847.0;6
837697;;;INTARIAN_PEPPER_ROOT;XIRECS;31836.0;7
839127;;;INTARIAN_PEPPER_ROOT;XIRECS;31831.0;6
839449;;;ASH_COATED_OSMIUM;XIRECS;10010.0;5
839578;;;INTARIAN_PEPPER_ROOT;XIRECS;31845.0;3
840548;;;INTARIAN_PEPPER_ROOT;XIRECS;31834.0;6
840969;;;ASH_COATED_OSMIUM;XIRECS;10004.0;4
841174;;;INTARIAN_PEPPER_ROOT;XIRECS;31843.0;6
841647;;;ASH_COATED_OSMIUM;XIRECS;9991.0;8
842863;;;ASH_COATED_OSMIUM;XIRECS;10005.0;5
844249;;;INTARIAN_PEPPER_ROOT;XIRECS;31840.0;4
845246;;;INTARIAN_PEPPER_ROOT;XIRECS;31839.0;4
846008;;;INTARIAN_PEPPER_ROOT;XIRECS;31853.0;3
848583;;;INTARIAN_PEPPER_ROOT;XIRECS;31839.0;5
850229;;;INTARIAN_PEPPER_ROOT;XIRECS;31859.0;5
850428;;;INTARIAN_PEPPER_ROOT;XIRECS;31842.0;3
850683;;;INTARIAN_PEPPER_ROOT;XIRECS;31858.0;3
852739;;;ASH_COATED_OSMIUM;XIRECS;9986.0;6
852837;;;INTARIAN_PEPPER_ROOT;XIRECS;31860.0;6
860342;;;ASH_COATED_OSMIUM;XIRECS;9987.0;10
861256;;;ASH_COATED_OSMIUM;XIRECS;9983.0;10
863653;;;ASH_COATED_OSMIUM;XIRECS;9991.0;5
866999;;;ASH_COATED_OSMIUM;XIRECS;10001.0;6
867558;;;ASH_COATED_OSMIUM;XIRECS;10006.0;9
870617;;;INTARIAN_PEPPER_ROOT;XIRECS;31862.0;4
871150;;;ASH_COATED_OSMIUM;XIRECS;9986.0;6
871287;;;INTARIAN_PEPPER_ROOT;XIRECS;31867.0;3
871567;;;ASH_COATED_OSMIUM;XIRECS;10008.0;2
872264;;;ASH_COATED_OSMIUM;XIRECS;10003.0;6
873548;;;ASH_COATED_OSMIUM;XIRECS;9990.0;6
874260;;;ASH_COATED_OSMIUM;XIRECS;9985.0;3
874519;;;INTARIAN_PEPPER_ROOT;XIRECS;31863.0;3
874757;;;INTARIAN_PEPPER_ROOT;XIRECS;31865.0;5
875930;;;ASH_COATED_OSMIUM;XIRECS;10010.0;4
877907;;;ASH_COATED_OSMIUM;XIRECS;9986.0;6
880135;;;INTARIAN_PEPPER_ROOT;XIRECS;31870.0;8
880604;;;INTARIAN_PEPPER_ROOT;XIRECS;31874.0;6
881762;;;ASH_COATED_OSMIUM;XIRECS;9989.0;3
882518;;;ASH_COATED_OSMIUM;XIRECS;10013.0;4
884331;;;ASH_COATED_OSMIUM;XIRECS;9992.0;6
884532;;;ASH_COATED_OSMIUM;XIRECS;10013.0;4
886064;;;ASH_COATED_OSMIUM;XIRECS;10003.0;5
887220;;;INTARIAN_PEPPER_ROOT;XIRECS;31879.0;6
887436;;;ASH_COATED_OSMIUM;XIRECS;10008.0;5
888437;;;ASH_COATED_OSMIUM;XIRECS;10013.0;5
891928;;;ASH_COATED_OSMIUM;XIRECS;9998.0;5
893785;;;INTARIAN_PEPPER_ROOT;XIRECS;31901.0;6
893800;;;INTARIAN_PEPPER_ROOT;XIRECS;31901.0;3
895279;;;INTARIAN_PEPPER_ROOT;XIRECS;31887.0;6
897092;;;ASH_COATED_OSMIUM;XIRECS;9991.0;7
897147;;;INTARIAN_PEPPER_ROOT;XIRECS;31895.0;6
897748;;;ASH_COATED_OSMIUM;XIRECS;10007.0;6
898650;;;INTARIAN_PEPPER_ROOT;XIRECS;31902.0;5
899434;;;INTARIAN_PEPPER_ROOT;XIRECS;31888.0;3
899544;;;INTARIAN_PEPPER_ROOT;XIRECS;31892.0;7
901635;;;INTARIAN_PEPPER_ROOT;XIRECS;31906.0;3
901807;;;INTARIAN_PEPPER_ROOT;XIRECS;31907.0;3
903034;;;INTARIAN_PEPPER_ROOT;XIRECS;31891.0;4
903245;;;ASH_COATED_OSMIUM;XIRECS;10011.0;2
903523;;;INTARIAN_PEPPER_ROOT;XIRECS;31898.0;4
904572;;;ASH_COATED_OSMIUM;XIRECS;9993.0;6
904594;;;INTARIAN_PEPPER_ROOT;XIRECS;31896.0;7
904954;;;ASH_COATED_OSMIUM;XIRECS;10013.0;4
909820;;;ASH_COATED_OSMIUM;XIRECS;10011.0;2
913416;;;ASH_COATED_OSMIUM;XIRECS;9995.0;6
913623;;;ASH_COATED_OSMIUM;XIRECS;9990.0;3
919673;;;INTARIAN_PEPPER_ROOT;XIRECS;31912.0;5
926411;;;ASH_COATED_OSMIUM;XIRECS;10010.0;4
926642;;;INTARIAN_PEPPER_ROOT;XIRECS;31915.0;8
929340;;;ASH_COATED_OSMIUM;XIRECS;9995.0;5
929747;;;ASH_COATED_OSMIUM;XIRECS;10001.0;3
933096;;;ASH_COATED_OSMIUM;XIRECS;10004.0;3
936016;;;ASH_COATED_OSMIUM;XIRECS;9996.0;5
936416;;;ASH_COATED_OSMIUM;XIRECS;9993.0;6
937249;;;ASH_COATED_OSMIUM;XIRECS;10011.0;10
937573;;;ASH_COATED_OSMIUM;XIRECS;9994.0;3
937868;;;ASH_COATED_OSMIUM;XIRECS;9989.0;7
938691;;;INTARIAN_PEPPER_ROOT;XIRECS;31934.0;5
939756;;;ASH_COATED_OSMIUM;XIRECS;9994.0;5
940046;;;ASH_COATED_OSMIUM;XIRECS;10005.0;4
940074;;;INTARIAN_PEPPER_ROOT;XIRECS;31939.0;7
941459;;;INTARIAN_PEPPER_ROOT;XIRECS;31948.0;3
943676;;;ASH_COATED_OSMIUM;XIRECS;9994.0;6
944558;;;ASH_COATED_OSMIUM;XIRECS;9995.0;5
944675;;;ASH_COATED_OSMIUM;XIRECS;9987.0;6
947076;;;INTARIAN_PEPPER_ROOT;XIRECS;31943.0;7
947256;;;ASH_COATED_OSMIUM;XIRECS;9986.0;5
947950;;;ASH_COATED_OSMIUM;XIRECS;9989.0;3
949499;;;ASH_COATED_OSMIUM;XIRECS;9991.0;5
952035;;;INTARIAN_PEPPER_ROOT;XIRECS;31943.0;4
953438;;;ASH_COATED_OSMIUM;XIRECS;9987.0;9
955265;;;ASH_COATED_OSMIUM;XIRECS;9995.0;6
956146;;;INTARIAN_PEPPER_ROOT;XIRECS;31966.0;3
957316;;;ASH_COATED_OSMIUM;XIRECS;10001.0;8
958083;;;INTARIAN_PEPPER_ROOT;XIRECS;31951.0;4
959656;;;ASH_COATED_OSMIUM;XIRECS;9985.0;5
960159;;;ASH_COATED_OSMIUM;XIRECS;9995.0;4
962338;;;INTARIAN_PEPPER_ROOT;XIRECS;31969.0;6
963303;;;ASH_COATED_OSMIUM;XIRECS;9979.0;2
963320;;;INTARIAN_PEPPER_ROOT;XIRECS;31958.0;7
964808;;;INTARIAN_PEPPER_ROOT;XIRECS;31971.0;6
966556;;;ASH_COATED_OSMIUM;XIRECS;9997.0;8
966750;;;ASH_COATED_OSMIUM;XIRECS;9983.0;4
967489;;;ASH_COATED_OSMIUM;XIRECS;10000.0;3
969033;;;ASH_COATED_OSMIUM;XIRECS;9998.0;6
973753;;;INTARIAN_PEPPER_ROOT;XIRECS;31953.0;8
974459;;;ASH_COATED_OSMIUM;XIRECS;10002.0;5
974668;;;ASH_COATED_OSMIUM;XIRECS;9981.0;3
975478;;;ASH_COATED_OSMIUM;XIRECS;9985.0;7
976802;;;ASH_COATED_OSMIUM;XIRECS;9999.0;5
978567;;;INTARIAN_PEPPER_ROOT;XIRECS;31970.0;5
981225;;;ASH_COATED_OSMIUM;XIRECS;10003.0;5
981623;;;ASH_COATED_OSMIUM;XIRECS;9999.0;2
982490;;;ASH_COATED_OSMIUM;XIRECS;9983.0;7
982703;;;ASH_COATED_OSMIUM;XIRECS;9977.0;3
983527;;;ASH_COATED_OSMIUM;XIRECS;9983.0;6
985034;;;INTARIAN_PEPPER_ROOT;XIRECS;31984.0;3
986208;;;INTARIAN_PEPPER_ROOT;XIRECS;31983.0;5
989094;;;INTARIAN_PEPPER_ROOT;XIRECS;31983.0;6
989097;;;ASH_COATED_OSMIUM;XIRECS;10005.0;8
990710;;;ASH_COATED_OSMIUM;XIRECS;10003.0;8
992189;;;ASH_COATED_OSMIUM;XIRECS;9997.0;6
992528;;;ASH_COATED_OSMIUM;XIRECS;9986.0;6
993704;;;ASH_COATED_OSMIUM;XIRECS;9983.0;8
994987;;;INTARIAN_PEPPER_ROOT;XIRECS;31997.0;4
995392;;;ASH_COATED_OSMIUM;XIRECS;9985.0;10
997005;;;ASH_COATED_OSMIUM;XIRECS;9980.0;3
998717;;;INTARIAN_PEPPER_ROOT;XIRECS;32007.0;4
999212;;;INTARIAN_PEPPER_ROOT;XIRECS;32004.0;3
999540;;;INTARIAN_PEPPER_ROOT;XIRECS;32010.0;3