timestamp;buyer;seller;symbol;currency;price;quantity
929;;;INTARIAN_PEPPER_ROOT;XIRECS;61992.0;4
1249;;;INTARIAN_PEPPER_ROOT;XIRECS;61993.0;5
2327;;;INTARIAN_PEPPER_ROOT;XIRECS;61997.0;4
3177;;;ASH_COATED_OSMIUM;XIRECS;10008.0;4
3828;;;ASH_COATED_OSMIUM;XIRECS;9986.0;9
4085;;;ASH_COATED_OSMIUM;XIRECS;9993.0;2
4698;;;INTARIAN_PEPPER_ROOT;XIRECS;61999.0;5
7371;;;ASH_COATED_OSMIUM;XIRECS;10005.0;10
8855;;;ASH_COATED_OSMIUM;XIRECS;9996.0;10
14333;;;ASH_COATED_OSMIUM;XIRECS;10009.0;5
14627;;;ASH_COATED_OSMIUM;XIRECS;10002.0;2
14831;;;INTARIAN_PEPPER_ROOT;XIRECS;62007.0;6
16635;;;ASH_COATED_OSMIUM;XIRECS;10004.0;4
17415;;;ASH_COATED_OSMIUM;XIRECS;10003.0;8
18299;;;ASH_COATED_OSMIUM;XIRECS;9994.0;2
20736;;;INTARIAN_PEPPER_ROOT;XIRECS;62027.0;3
20778;;;ASH_COATED_OSMIUM;XIRECS;10017.0;9
22316;;;INTARIAN_PEPPER_ROOT;XIRECS;62012.0;7
22424;;;INTARIAN_PEPPER_ROOT;XIRECS;62015.0;6
23481;;;ASH_COATED_OSMIUM;XIRECS;9988.0;5
23585;;;ASH_COATED_OSMIUM;XIRECS;10012.0;7
27831;;;INTARIAN_PEPPER_ROOT;XIRECS;62023.0;6
29193;;;INTARIAN_PEPPER_ROOT;XIRECS;62021.0;4
29285;;;ASH_COATED_OSMIUM;XIRECS;9986.0;5
30008;;;INTARIAN_PEPPER_ROOT;XIRECS;62027.0;6
30178;;;ASH_COATED_OSMIUM;XIRECS;9987.0;7
32480;;;ASH_COATED_OSMIUM;XIRECS;10010.0;2
32497;;;INTARIAN_PEPPER_ROOT;XIRECS;62039.0;6
32705;;;ASH_COATED_OSMIUM;XIRECS;9994.0;3
33490;;;INTARIAN_PEPPER_ROOT;XIRECS;62040.0;7
35441;;;ASH_COATED_OSMIUM;XIRECS;10009.0;7
37850;;;INTARIAN_PEPPER_ROOT;XIRECS;62048.0;7
38624;;;INTARIAN_PEPPER_ROOT;XIRECS;62048.0;5
39099;;;INTARIAN_PEPPER_ROOT;XIRECS;62031.0;4
40051;;;ASH_COATED_OSMIUM;XIRECS;9989.0;5
40199;;;INTARIAN_PEPPER_ROOT;XIRECS;62032.0;7
40919;;;INTARIAN_PEPPER_ROOT;XIRECS;62048.0;5
45403;;;ASH_COATED_OSMIUM;XIRECS;10013.0;10
45846;;;INTARIAN_PEPPER_ROOT;XIRECS;62041.0;5
46400;;;INTARIAN_PEPPER_ROOT;XIRECS;62042.0;3
46860;;;ASH_COATED_OSMIUM;XIRECS;9987.0;5
49280;;;ASH_COATED_OSMIUM;XIRECS;9985.0;4
49751;;;ASH_COATED_OSMIUM;XIRECS;9996.0;6
50226;;;ASH_COATED_OSMIUM;XIRECS;9992.0;5
51151;;;ASH_COATED_OSMIUM;XIRECS;9999.0;6
52513;;;ASH_COATED_OSMIUM;XIRECS;10014.0;6
53869;;;INTARIAN_PEPPER_ROOT;XIRECS;62050.0;5
54260;;;ASH_COATED_OSMIUM;XIRECS;10008.0;4
54297;;;ASH_COATED_OSMIUM;XIRECS;10008.0;6
62406;;;ASH_COATED_OSMIUM;XIRECS;9987.0;10
62458;;;ASH_COATED_OSMIUM;XIRECS;9987.0;5
62699;;;ASH_COATED_OSMIUM;XIRECS;9998.0;10
66176;;;ASH_COATED_OSMIUM;XIRECS;9989.0;5
69109;;;INTARIAN_PEPPER_ROOT;XIRECS;62075.0;6
69304;;;ASH_COATED_OSMIUM;XIRECS;10007.0;6
69533;;;ASH_COATED_OSMIUM;XIRECS;9985.0;5
70714;;;INTARIAN_PEPPER_ROOT;XIRECS;62081.0;3
72106;;;ASH_COATED_OSMIUM;XIRECS;10009.0;6
78128;;;ASH_COATED_OSMIUM;XIRECS;9995.0;9
78298;;;ASH_COATED_OSMIUM;XIRECS;9995.0;3
80005;;;ASH_COATED_OSMIUM;XIRECS;9987.0;6
81577;;;ASH_COATED_OSMIUM;XIRECS;9993.0;2
83502;;;INTARIAN_PEPPER_ROOT;XIRECS;62079.0;3
83554;;;ASH_COATED_OSMIUM;XIRECS;10003.0;6
84882;;;ASH_COATED_OSMIUM;XIRECS;10009.0;2
86885;;;ASH_COATED_OSMIUM;XIRECS;10001.0;8
87020;;;ASH_COATED_OSMIUM;XIRECS;9992.0;3
90473;;;INTARIAN_PEPPER_ROOT;XIRECS;62099.0;7
91368;;;ASH_COATED_OSMIUM;XIRECS;9999.0;5
92329;;;INTARIAN_PEPPER_ROOT;XIRECS;62101.0;6
94274;;;ASH_COATED_OSMIUM;XIRECS;10000.0;3
96866;;;ASH_COATED_OSMIUM;XIRECS;10006.0;5
97605;;;ASH_COATED_OSMIUM;XIRECS;9992.0;6
98872;;;ASH_COATED_OSMIUM;XIRECS;10004.0;7
99333;;;INTARIAN_PEPPER_ROOT;XIRECS;62107.0;5
101243;;;ASH_COATED_OSMIUM;XIRECS;9997.0;10
101571;;;INTARIAN_PEPPER_ROOT;XIRECS;62110.0;4
101981;;;INTARIAN_PEPPER_ROOT;XIRECS;62095.0;6
106863;;;ASH_COATED_OSMIUM;XIRECS;10009.0;9
111149;;;ASH_COATED_OSMIUM;XIRECS;10003.0;7
111859;;;ASH_COATED_OSMIUM;XIRECS;9989.0;10
113094;;;INTARIAN_PEPPER_ROOT;XIRECS;62120.0;6
113528;;;INTARIAN_PEPPER_ROOT;XIRECS;62121.0;6
115222;;;ASH_COATED_OSMIUM;XIRECS;10015.0;4
118632;;;ASH_COATED_OSMIUM;XIRECS;10010.0;6
121131;;;INTARIAN_PEPPER_ROOT;XIRECS;62113.0;6
121442;;;ASH_COATED_OSMIUM;XIRECS;9992.0;2
123068;;;ASH_COATED_OSMIUM;XIRECS;9987.0;3
123213;;;INTARIAN_PEPPER_ROOT;XIRECS;62130.0;4
124500;;;ASH_COATED_OSMIUM;XIRECS;10012.0;6
125596;;;INTARIAN_PEPPER_ROOT;XIRECS;62119.0;3
125954;;;ASH_COATED_OSMIUM;XIRECS;9993.0;4
127162;;;ASH_COATED_OSMIUM;XIRECS;10003.0;2
131664;;;ASH_COATED_OSMIUM;XIRECS;9981.0;5
131700;;;ASH_COATED_OSMIUM;XIRECS;9989.0;4
132677;;;INTARIAN_PEPPER_ROOT;XIRECS;62140.0;3
134248;;;ASH_COATED_OSMIUM;XIRECS;10008.0;2
135409;;;ASH_COATED_OSMIUM;XIRECS;9985.0;6
135618;;;INTARIAN_PEPPER_ROOT;XIRECS;62134.0;5
136782;;;INTARIAN_PEPPER_ROOT;XIRECS;62144.0;3
137601;;;ASH_COATED_OSMIUM;XIRECS;10002.0;4
138108;;;ASH_COATED_OSMIUM;XIRECS;10008.0;10
138757;;;INTARIAN_PEPPER_ROOT;XIRECS;62147.0;5
139424;;;INTARIAN_PEPPER_ROOT;XIRECS;62132.0;6
139876;;;INTARIAN_PEPPER_ROOT;XIRECS;62133.0;4
140916;;;ASH_COATED_OSMIUM;XIRECS;9991.0;7
144315;;;ASH_COATED_OSMIUM;XIRECS;9997.0;2
147828;;;ASH_COATED_OSMIUM;XIRECS;10005.0;3
147988;;;ASH_COATED_OSMIUM;XIRECS;10004.0;7
148456;;;INTARIAN_PEPPER_ROOT;XIRECS;62157.0;7
148650;;;ASH_COATED_OSMIUM;XIRECS;10001.0;2
149170;;;INTARIAN_PEPPER_ROOT;XIRECS;62145.0;8
149437;;;ASH_COATED_OSMIUM;XIRECS;9985.0;7
150255;;;INTARIAN_PEPPER_ROOT;XIRECS;62142.0;3
150375;;;INTARIAN_PEPPER_ROOT;XIRECS;62144.0;4
150474;;;ASH_COATED_OSMIUM;XIRECS;10016.0;10
151320;;;INTARIAN_PEPPER_ROOT;XIRECS;62160.0;7
153148;;;INTARIAN_PEPPER_ROOT;XIRECS;62156.0;5
153530;;;ASH_COATED_OSMIUM;XIRECS;9988.0;6
154331;;;ASH_COATED_OSMIUM;XIRECS;9981.0;4
155177;;;ASH_COATED_OSMIUM;XIRECS;10007.0;7
158033;;;ASH_COATED_OSMIUM;XIRECS;9999.0;6
158319;;;INTARIAN_PEPPER_ROOT;XIRECS;62151.0;5
161142;;;INTARIAN_PEPPER_ROOT;XIRECS;62169.0;4
165041;;;ASH_COATED_OSMIUM;XIRECS;10001.0;7
167995;;;ASH_COATED_OSMIUM;XIRECS;10007.0;3
168254;;;INTARIAN_PEPPER_ROOT;XIRECS;62161.0;3
168826;;;ASH_COATED_OSMIUM;XIRECS;9994.0;6
170026;;;ASH_COATED_OSMIUM;XIRECS;10009.0;4
171483;;;ASH_COATED_OSMIUM;XIRECS;9997.0;2
171941;;;ASH_COATED_OSMIUM;XIRECS;10010.0;6
173128;;;INTARIAN_PEPPER_ROOT;XIRECS;62163.0;6
174844;;;ASH_COATED_OSMIUM;XIRECS;9987.0;2
176900;;;INTARIAN_PEPPER_ROOT;XIRECS;62184.0;7
177683;;;ASH_COATED_OSMIUM;XIRECS;10006.0;10
178259;;;ASH_COATED_OSMIUM;XIRECS;9991.0;5
179045;;;ASH_COATED_OSMIUM;XIRECS;10003.0;3
180066;;;INTARIAN_PEPPER_ROOT;XIRECS;62186.0;7
183912;;;ASH_COATED_OSMIUM;XIRECS;10000.0;3
184277;;;INTARIAN_PEPPER_ROOT;XIRECS;62191.0;5
186078;;;ASH_COATED_OSMIUM;XIRECS;10005.0;8
186169;;;ASH_COATED_OSMIUM;XIRECS;10008.0;5
187920;;;ASH_COATED_OSMIUM;XIRECS;10006.0;4
188198;;;ASH_COATED_OSMIUM;XIRECS;9981.0;7
190205;;;ASH_COATED_OSMIUM;XIRECS;9986.0;6
190967;;;INTARIAN_PEPPER_ROOT;XIRECS;62198.0;5
191358;;;INTARIAN_PEPPER_ROOT;XIRECS;62187.0;6
193314;;;INTARIAN_PEPPER_ROOT;XIRECS;62189.0;7
196533;;;INTARIAN_PEPPER_ROOT;XIRECS;62202.0;7
198582;;;INTARIAN_PEPPER_ROOT;XIRECS;62194.0;6
198651;;;ASH_COATED_OSMIUM;XIRECS;10011.0;2
198951;;;ASH_COATED_OSMIUM;XIRECS;9993.0;6
200282;;;INTARIAN_PEPPER_ROOT;XIRECS;62205.0;6
201608;;;ASH_COATED_OSMIUM;XIRECS;10016.0;2
204525;;;ASH_COATED_OSMIUM;XIRECS;10015.0;10
205064;;;ASH_COATED_OSMIUM;XIRECS;10014.0;2
205159;;;INTARIAN_PEPPER_ROOT;XIRECS;62213.0;6
205952;;;ASH_COATED_OSMIUM;XIRECS;10009.0;2
207701;;;INTARIAN_PEPPER_ROOT;XIRECS;62214.0;6
207718;;;ASH_COATED_OSMIUM;XIRECS;9985.0;10
208395;;;INTARIAN_PEPPER_ROOT;XIRECS;62203.0;6
210160;;;ASH_COATED_OSMIUM;XIRECS;9985.0;6
210478;;;INTARIAN_PEPPER_ROOT;XIRECS;62223.0;6
215322;;;INTARIAN_PEPPER_ROOT;XIRECS;62226.0;6
215346;;;INTARIAN_PEPPER_ROOT;XIRECS;62213.0;4
215484;;;ASH_COATED_OSMIUM;XIRECS;10006.0;6
217152;;;ASH_COATED_OSMIUM;XIRECS;10006.0;9
220415;;;INTARIAN_PEPPER_ROOT;XIRECS;62210.0;4
220742;;;ASH_COATED_OSMIUM;XIRECS;9986.0;6
221647;;;ASH_COATED_OSMIUM;XIRECS;9994.0;6
222182;;;INTARIAN_PEPPER_ROOT;XIRECS;62222.0;7
224702;;;ASH_COATED_OSMIUM;XIRECS;10009.0;2
225241;;;ASH_COATED_OSMIUM;XIRECS;9998.0;9
229162;;;INTARIAN_PEPPER_ROOT;XIRECS;62221.0;5
229465;;;INTARIAN_PEPPER_ROOT;XIRECS;62237.0;6
230393;;;ASH_COATED_OSMIUM;XIRECS;10018.0;6
230956;;;ASH_COATED_OSMIUM;XIRECS;10019.0;6
233168;;;INTARIAN_PEPPER_ROOT;XIRECS;62228.0;6
234623;;;INTARIAN_PEPPER_ROOT;XIRECS;62239.0;7
235396;;;ASH_COATED_OSMIUM;XIRECS;9995.0;3
237211;;;ASH_COATED_OSMIUM;XIRECS;9983.0;3
237641;;;INTARIAN_PEPPER_ROOT;XIRECS;62241.0;6
238947;;;ASH_COATED_OSMIUM;XIRECS;9999.0;8
241471;;;INTARIAN_PEPPER_ROOT;XIRECS;62235.0;5
242649;;;ASH_COATED_OSMIUM;XIRECS;10008.0;9
244517;;;INTARIAN_PEPPER_ROOT;XIRECS;62234.0;7
249005;;;INTARIAN_PEPPER_ROOT;XIRECS;62240.0;7
251754;;;ASH_COATED_OSMIUM;XIRECS;9993.0;7
254589;;;INTARIAN_PEPPER_ROOT;XIRECS;62246.0;5
255728;;;INTARIAN_PEPPER_ROOT;XIRECS;62263.0;7
258191;;;ASH_COATED_OSMIUM;XIRECS;9998.0;4
259274;;;ASH_COATED_OSMIUM;XIRECS;10013.0;2
261275;;;INTARIAN_PEPPER_ROOT;XIRECS;62267.0;5
262332;;;ASH_COATED_OSMIUM;XIRECS;9992.0;3
263026;;;INTARIAN_PEPPER_ROOT;XIRECS;62258.0;3
264598;;;ASH_COATED_OSMIUM;XIRECS;10005.0;6
268526;;;ASH_COATED_OSMIUM;XIRECS;10005.0;10
273478;;;ASH_COATED_OSMIUM;XIRECS;9986.0;4
276303;;;ASH_COATED_OSMIUM;XIRECS;9987.0;4
282472;;;INTARIAN_PEPPER_ROOT;XIRECS;62275.0;7
283490;;;INTARIAN_PEPPER_ROOT;XIRECS;62293.0;5
283900;;;INTARIAN_PEPPER_ROOT;XIRECS;62279.0;6
288475;;;ASH_COATED_OSMIUM;XIRECS;9991.0;7
290530;;;INTARIAN_PEPPER_ROOT;XIRECS;62284.0;4
290652;;;INTARIAN_PEPPER_ROOT;XIRECS;62282.0;5
292541;;;ASH_COATED_OSMIUM;XIRECS;10014.0;5
292712;;;ASH_COATED_OSMIUM;XIRECS;10003.0;10
296586;;;INTARIAN_PEPPER_ROOT;XIRECS;62290.0;4
296724;;;INTARIAN_PEPPER_ROOT;XIRECS;62288.0;3
296780;;;INTARIAN_PEPPER_ROOT;XIRECS;62288.0;4
297386;;;ASH_COATED_OSMIUM;XIRECS;10010.0;7
299144;;;ASH_COATED_OSMIUM;XIRECS;9989.0;4
299506;;;ASH_COATED_OSMIUM;XIRECS;10006.0;4
300170;;;ASH_COATED_OSMIUM;XIRECS;10014.0;6
301702;;;INTARIAN_PEPPER_ROOT;XIRECS;62304.0;8
302281;;;INTARIAN_PEPPER_ROOT;XIRECS;62309.0;6
303624;;;ASH_COATED_OSMIUM;XIRECS;10005.0;4
304430;;;ASH_COATED_OSMIUM;XIRECS;9990.0;2
304557;;;INTARIAN_PEPPER_ROOT;XIRECS;62300.0;5
305990;;;ASH_COATED_OSMIUM;XIRECS;10007.0;2
307687;;;INTARIAN_PEPPER_ROOT;XIRECS;62316.0;4
307954;;;ASH_COATED_OSMIUM;XIRECS;9996.0;8
311503;;;ASH_COATED_OSMIUM;XIRECS;9997.0;7
313711;;;INTARIAN_PEPPER_ROOT;XIRECS;62306.0;4
314433;;;INTARIAN_PEPPER_ROOT;XIRECS;62322.0;6
314596;;;INTARIAN_PEPPER_ROOT;XIRECS;62308.0;4
314913;;;ASH_COATED_OSMIUM;XIRECS;9993.0;7
315948;;;INTARIAN_PEPPER_ROOT;XIRECS;62324.0;5
316312;;;INTARIAN_PEPPER_ROOT;XIRECS;62321.0;6
321456;;;INTARIAN_PEPPER_ROOT;XIRECS;62316.0;7
322035;;;INTARIAN_PEPPER_ROOT;XIRECS;62330.0;3
325236;;;ASH_COATED_OSMIUM;XIRECS;10012.0;9
326152;;;ASH_COATED_OSMIUM;XIRECS;10004.0;6
327498;;;ASH_COATED_OSMIUM;XIRECS;10005.0;2
328080;;;INTARIAN_PEPPER_ROOT;XIRECS;62329.0;7
328509;;;INTARIAN_PEPPER_ROOT;XIRECS;62320.0;7
329000;;;ASH_COATED_OSMIUM;XIRECS;9986.0;6
329055;;;INTARIAN_PEPPER_ROOT;XIRECS;62328.0;5
329377;;;ASH_COATED_OSMIUM;XIRECS;9987.0;6
330770;;;ASH_COATED_OSMIUM;XIRECS;9990.0;6
334136;;;INTARIAN_PEPPER_ROOT;XIRECS;62329.0;3
335352;;;ASH_COATED_OSMIUM;XIRECS;9993.0;5
335658;;;INTARIAN_PEPPER_ROOT;XIRECS;62328.0;6
336738;;;ASH_COATED_OSMIUM;XIRECS;10006.0;2
336832;;;ASH_COATED_OSMIUM;XIRECS;9995.0;5
337443;;;ASH_COATED_OSMIUM;XIRECS;10003.0;6
337826;;;INTARIAN_PEPPER_ROOT;XIRECS;62343.0;5
337908;;;ASH_COATED_OSMIUM;XIRECS;9987.0;4
338396;;;ASH_COATED_OSMIUM;XIRECS;9990.0;6
338772;;;INTARIAN_PEPPER_ROOT;XIRECS;62333.0;4
341099;;;INTARIAN_PEPPER_ROOT;XIRECS;62349.0;5
342718;;;INTARIAN_PEPPER_ROOT;XIRECS;62335.0;5
343335;;;ASH_COATED_OSMIUM;XIRECS;9993.0;7
343414;;;ASH_COATED_OSMIUM;XIRECS;10006.0;3
343452;;;ASH_COATED_OSMIUM;XIRECS;9990.0;3
344494;;;INTARIAN_PEPPER_ROOT;XIRECS;62336.0;5
344951;;;ASH_COATED_OSMIUM;XIRECS;9993.0;2
345201;;;INTARIAN_PEPPER_ROOT;XIRECS;62351.0;5
346255;;;ASH_COATED_OSMIUM;XIRECS;10003.0;6
347605;;;ASH_COATED_OSMIUM;XIRECS;10022.0;3
348445;;;ASH_COATED_OSMIUM;XIRECS;10009.0;5
350387;;;INTARIAN_PEPPER_ROOT;XIRECS;62345.0;7
351472;;;ASH_COATED_OSMIUM;XIRECS;10023.0;6
351560;;;INTARIAN_PEPPER_ROOT;XIRECS;62360.0;6
353057;;;ASH_COATED_OSMIUM;XIRECS;10007.0;2
353210;;;INTARIAN_PEPPER_ROOT;XIRECS;62344.0;5
356189;;;ASH_COATED_OSMIUM;XIRECS;10006.0;5
357472;;;INTARIAN_PEPPER_ROOT;XIRECS;62365.0;4
360486;;;ASH_COATED_OSMIUM;XIRECS;9992.0;7
360571;;;ASH_COATED_OSMIUM;XIRECS;10010.0;6
361507;;;ASH_COATED_OSMIUM;XIRECS;9999.0;4
361573;;;INTARIAN_PEPPER_ROOT;XIRECS;62353.0;3
365337;;;ASH_COATED_OSMIUM;XIRECS;9998.0;5
365957;;;ASH_COATED_OSMIUM;XIRECS;9998.0;5
366728;;;INTARIAN_PEPPER_ROOT;XIRECS;62369.0;6
368607;;;ASH_COATED_OSMIUM;XIRECS;10021.0;8
368784;;;ASH_COATED_OSMIUM;XIRECS;10016.0;3
369544;;;INTARIAN_PEPPER_ROOT;XIRECS;62370.0;6
369705;;;INTARIAN_PEPPER_ROOT;XIRECS;62382.0;5
373502;;;INTARIAN_PEPPER_ROOT;XIRECS;62377.0;4
375360;;;ASH_COATED_OSMIUM;XIRECS;10004.0;9
378559;;;ASH_COATED_OSMIUM;XIRECS;9996.0;10
378877;;;INTARIAN_PEPPER_ROOT;XIRECS;62381.0;6
378911;;;ASH_COATED_OSMIUM;XIRECS;10007.0;7
379703;;;INTARIAN_PEPPER_ROOT;XIRECS;62372.0;6
381503;;;ASH_COATED_OSMIUM;XIRECS;10014.0;8
381742;;;ASH_COATED_OSMIUM;XIRECS;10013.0;6
385570;;;ASH_COATED_OSMIUM;XIRECS;9989.0;6
387407;;;ASH_COATED_OSMIUM;XIRECS;9995.0;2
388080;;;INTARIAN_PEPPER_ROOT;XIRECS;62381.0;8
389362;;;ASH_COATED_OSMIUM;XIRECS;9987.0;6
392374;;;ASH_COATED_OSMIUM;XIRECS;9982.0;3
393151;;;ASH_COATED_OSMIUM;XIRECS;10000.0;2
393511;;;INTARIAN_PEPPER_ROOT;XIRECS;62388.0;6
394932;;;INTARIAN_PEPPER_ROOT;XIRECS;62386.0;6
397298;;;INTARIAN_PEPPER_ROOT;XIRECS;62389.0;6
399471;;;ASH_COATED_OSMIUM;XIRECS;9997.0;9
402341;;;ASH_COATED_OSMIUM;XIRECS;9992.0;8
402735;;;INTARIAN_PEPPER_ROOT;XIRECS;62407.0;6
403659;;;ASH_COATED_OSMIUM;XIRECS;9993.0;8
404234;;;ASH_COATED_OSMIUM;XIRECS;9987.0;6
404781;;;ASH_COATED_OSMIUM;XIRECS;9994.0;2
406453;;;INTARIAN_PEPPER_ROOT;XIRECS;62412.0;7
406850;;;INTARIAN_PEPPER_ROOT;XIRECS;62398.0;5
407477;;;INTARIAN_PEPPER_ROOT;XIRECS;62400.0;6
409465;;;ASH_COATED_OSMIUM;XIRECS;9989.0;9
411243;;;INTARIAN_PEPPER_ROOT;XIRECS;62420.0;7
411795;;;ASH_COATED_OSMIUM;XIRECS;9989.0;6
411819;;;ASH_COATED_OSMIUM;XIRECS;9989.0;6
415200;;;ASH_COATED_OSMIUM;XIRECS;9997.0;5
416464;;;ASH_COATED_OSMIUM;XIRECS;9990.0;6
420337;;;ASH_COATED_OSMIUM;XIRECS;9995.0;5
420828;;;INTARIAN_PEPPER_ROOT;XIRECS;62423.0;4
421687;;;INTARIAN_PEPPER_ROOT;XIRECS;62429.0;5
422243;;;INTARIAN_PEPPER_ROOT;XIRECS;62417.0;4
423246;;;ASH_COATED_OSMIUM;XIRECS;9994.0;3
423846;;;INTARIAN_PEPPER_ROOT;XIRECS;62414.0;4
424827;;;INTARIAN_PEPPER_ROOT;XIRECS;62432.0;4
425625;;;ASH_COATED_OSMIUM;XIRECS;10004.0;6
428067;;;ASH_COATED_OSMIUM;XIRECS;9979.0;4
428130;;;ASH_COATED_OSMIUM;XIRECS;9980.0;4
429714;;;ASH_COATED_OSMIUM;XIRECS;9993.0;3
429887;;;ASH_COATED_OSMIUM;XIRECS;10008.0;5
430951;;;ASH_COATED_OSMIUM;XIRECS;10012.0;8
434647;;;ASH_COATED_OSMIUM;XIRECS;9994.0;5
437274;;;ASH_COATED_OSMIUM;XIRECS;9994.0;7
437380;;;ASH_COATED_OSMIUM;XIRECS;9995.0;4
438576;;;INTARIAN_PEPPER_ROOT;XIRECS;62443.0;6
439292;;;INTARIAN_PEPPER_ROOT;XIRECS;62430.0;3
440334;;;INTARIAN_PEPPER_ROOT;XIRECS;62450.0;7
441594;;;ASH_COATED_OSMIUM;XIRECS;9990.0;3
441790;;;INTARIAN_PEPPER_ROOT;XIRECS;62434.0;4
441909;;;ASH_COATED_OSMIUM;XIRECS;9989.0;2
446841;;;ASH_COATED_OSMIUM;XIRECS;10005.0;3
447437;;;ASH_COATED_OSMIUM;XIRECS;9993.0;9
448795;;;ASH_COATED_OSMIUM;XIRECS;10009.0;3
449139;;;ASH_COATED_OSMIUM;XIRECS;10011.0;2
449733;;;ASH_COATED_OSMIUM;XIRECS;10005.0;8
452162;;;INTARIAN_PEPPER_ROOT;XIRECS;62455.0;7
454390;;;INTARIAN_PEPPER_ROOT;XIRECS;62447.0;3
454575;;;INTARIAN_PEPPER_ROOT;XIRECS;62447.0;3
455956;;;INTARIAN_PEPPER_ROOT;XIRECS;62465.0;5
457941;;;ASH_COATED_OSMIUM;XIRECS;10004.0;6
460404;;;INTARIAN_PEPPER_ROOT;XIRECS;62454.0;7
461864;;;INTARIAN_PEPPER_ROOT;XIRECS;62451.0;5
466526;;;ASH_COATED_OSMIUM;XIRECS;9997.0;6
467541;;;ASH_COATED_OSMIUM;XIRECS;10010.0;5
467589;;;ASH_COATED_OSMIUM;XIRECS;9994.0;3
470112;;;INTARIAN_PEPPER_ROOT;XIRECS;62472.0;5
472095;;;ASH_COATED_OSMIUM;XIRECS;9987.0;7
472316;;;ASH_COATED_OSMIUM;XIRECS;10007.0;3
475296;;;ASH_COATED_OSMIUM;XIRECS;9990.0;2
476220;;;INTARIAN_PEPPER_ROOT;XIRECS;62485.0;7
476745;;;ASH_COATED_OSMIUM;XIRECS;9999.0;9
476787;;;ASH_COATED_OSMIUM;XIRECS;10018.0;4
477549;;;INTARIAN_PEPPER_ROOT;XIRECS;62484.0;7
481371;;;ASH_COATED_OSMIUM;XIRECS;9990.0;10
483466;;;INTARIAN_PEPPER_ROOT;XIRECS;62477.0;6
483539;;;ASH_COATED_OSMIUM;XIRECS;9991.0;5
486162;;;ASH_COATED_OSMIUM;XIRECS;10015.0;2
486325;;;INTARIAN_PEPPER_ROOT;XIRECS;62480.0;3
488815;;;INTARIAN_PEPPER_ROOT;XIRECS;62496.0;6
489854;;;INTARIAN_PEPPER_ROOT;XIRECS;62484.0;3
490185;;;ASH_COATED_OSMIUM;XIRECS;9999.0;10
494571;;;ASH_COATED_OSMIUM;XIRECS;9995.0;3
496634;;;ASH_COATED_OSMIUM;XIRECS;9991.0;8
497521;;;INTARIAN_PEPPER_ROOT;XIRECS;62496.0;5
498572;;;INTARIAN_PEPPER_ROOT;XIRECS;62505.0;3
500422;;;INTARIAN_PEPPER_ROOT;XIRECS;62509.0;7
500872;;;ASH_COATED_OSMIUM;XIRECS;10007.0;7
501085;;;ASH_COATED_OSMIUM;XIRECS;9997.0;5
504306;;;INTARIAN_PEPPER_ROOT;XIRECS;62510.0;8
504422;;;ASH_COATED_OSMIUM;XIRECS;9992.0;2
509763;;;INTARIAN_PEPPER_ROOT;XIRECS;62505.0;6
509991;;;INTARIAN_PEPPER_ROOT;XIRECS;62505.0;5
510577;;;INTARIAN_PEPPER_ROOT;XIRECS;62515.0;6
511138;;;ASH_COATED_OSMIUM;XIRECS;10010.0;6
511637;;;ASH_COATED_OSMIUM;XIRECS;10007.0;6
511881;;;ASH_COATED_OSMIUM;XIRECS;10006.0;5
512530;;;INTARIAN_PEPPER_ROOT;XIRECS;62506.0;4
514377;;;INTARIAN_PEPPER_ROOT;XIRECS;62521.0;8
514409;;;ASH_COATED_OSMIUM;XIRECS;9986.0;9
516337;;;ASH_COATED_OSMIUM;XIRECS;9994.0;9
516508;;;ASH_COATED_OSMIUM;XIRECS;10015.0;5
518203;;;ASH_COATED_OSMIUM;XIRECS;9993.0;3
518339;;;INTARIAN_PEPPER_ROOT;XIRECS;62512.0;6
519969;;;INTARIAN_PEPPER_ROOT;XIRECS;62512.0;3
520132;;;ASH_COATED_OSMIUM;XIRECS;9987.0;2
520439;;;ASH_COATED_OSMIUM;XIRECS;10013.0;5
522400;;;ASH_COATED_OSMIUM;XIRECS;9992.0;2
522967;;;ASH_COATED_OSMIUM;XIRECS;9990.0;3
523200;;;INTARIAN_PEPPER_ROOT;XIRECS;62519.0;4
525267;;;INTARIAN_PEPPER_ROOT;XIRECS;62523.0;7
526183;;;INTARIAN_PEPPER_ROOT;XIRECS;62529.0;4
526755;;;INTARIAN_PEPPER_ROOT;XIRECS;62519.0;7
528615;;;INTARIAN_PEPPER_ROOT;XIRECS;62530.0;3
535429;;;INTARIAN_PEPPER_ROOT;XIRECS;62536.0;5
542003;;;INTARIAN_PEPPER_ROOT;XIRECS;62537.0;7
548334;;;ASH_COATED_OSMIUM;XIRECS;9994.0;6
548477;;;ASH_COATED_OSMIUM;XIRECS;10005.0;8
548642;;;ASH_COATED_OSMIUM;XIRECS;9993.0;2
551096;;;INTARIAN_PEPPER_ROOT;XIRECS;62558.0;7
552159;;;ASH_COATED_OSMIUM;XIRECS;9986.0;6
553045;;;INTARIAN_PEPPER_ROOT;XIRECS;62559.0;7
554470;;;ASH_COATED_OSMIUM;XIRECS;10004.0;4
554808;;;ASH_COATED_OSMIUM;XIRECS;9992.0;5
556258;;;INTARIAN_PEPPER_ROOT;XIRECS;62558.0;5
557557;;;INTARIAN_PEPPER_ROOT;XIRECS;62555.0;5
559762;;;INTARIAN_PEPPER_ROOT;XIRECS;62550.0;7
561636;;;ASH_COATED_OSMIUM;XIRECS;9991.0;5
562175;;;ASH_COATED_OSMIUM;XIRECS;10012.0;3
563420;;;ASH_COATED_OSMIUM;XIRECS;10007.0;5
566039;;;INTARIAN_PEPPER_ROOT;XIRECS;62565.0;6
566953;;;INTARIAN_PEPPER_ROOT;XIRECS;62574.0;4
567101;;;INTARIAN_PEPPER_ROOT;XIRECS;62573.0;5
567530;;;INTARIAN_PEPPER_ROOT;XIRECS;62561.0;6
569292;;;INTARIAN_PEPPER_ROOT;XIRECS;62577.0;5
570713;;;ASH_COATED_OSMIUM;XIRECS;9995.0;7
571056;;;ASH_COATED_OSMIUM;XIRECS;10013.0;2
571971;;;INTARIAN_PEPPER_ROOT;XIRECS;62580.0;5
574050;;;INTARIAN_PEPPER_ROOT;XIRECS;62577.0;3
574117;;;ASH_COATED_OSMIUM;XIRECS;10020.0;5
575318;;;INTARIAN_PEPPER_ROOT;XIRECS;62567.0;8
579276;;;INTARIAN_PEPPER_ROOT;XIRECS;62584.0;4
579528;;;INTARIAN_PEPPER_ROOT;XIRECS;62572.0;6
580110;;;INTARIAN_PEPPER_ROOT;XIRECS;62586.0;3
581083;;;ASH_COATED_OSMIUM;XIRECS;10016.0;5
581496;;;ASH_COATED_OSMIUM;XIRECS;9992.0;6
584274;;;ASH_COATED_OSMIUM;XIRECS;9995.0;3
592600;;;ASH_COATED_OSMIUM;XIRECS;9993.0;6
593820;;;ASH_COATED_OSMIUM;XIRECS;10009.0;6
594834;;;INTARIAN_PEPPER_ROOT;XIRECS;62589.0;6
596717;;;ASH_COATED_OSMIUM;XIRECS;10008.0;3
598042;;;INTARIAN_PEPPER_ROOT;XIRECS;62592.0;6
598100;;;ASH_COATED_OSMIUM;XIRECS;9995.0;3
598403;;;ASH_COATED_OSMIUM;XIRECS;10009.0;5
599769;;;INTARIAN_PEPPER_ROOT;XIRECS;62607.0;5
602883;;;ASH_COATED_OSMIUM;XIRECS;9989.0;3
607112;;;INTARIAN_PEPPER_ROOT;XIRECS;62600.0;4
608050;;;ASH_COATED_OSMIUM;XIRECS;10010.0;6
610513;;;ASH_COATED_OSMIUM;XIRECS;10016.0;4
614122;;;ASH_COATED_OSMIUM;XIRECS;9976.0;3
616448;;;ASH_COATED_OSMIUM;XIRECS;9989.0;4
619289;;;ASH_COATED_OSMIUM;XIRECS;9990.0;10
619553;;;INTARIAN_PEPPER_ROOT;XIRECS;62622.0;3
619657;;;ASH_COATED_OSMIUM;XIRECS;9988.0;6
625578;;;ASH_COATED_OSMIUM;XIRECS;9984.0;3
626596;;;ASH_COATED_OSMIUM;XIRECS;9997.0;6
630083;;;INTARIAN_PEPPER_ROOT;XIRECS;62634.0;6
630239;;;INTARIAN_PEPPER_ROOT;XIRECS;62635.0;4
630486;;;INTARIAN_PEPPER_ROOT;XIRECS;62637.0;5
632946;;;ASH_COATED_OSMIUM;XIRECS;9998.0;6
635991;;;ASH_COATED_OSMIUM;XIRECS;10005.0;5
636654;;;ASH_COATED_OSMIUM;XIRECS;9985.0;10
640688;;;ASH_COATED_OSMIUM;XIRECS;9985.0;2
642284;;;INTARIAN_PEPPER_ROOT;XIRECS;62633.0;6
643857;;;INTARIAN_PEPPER_ROOT;XIRECS;62637.0;7
649428;;;ASH_COATED_OSMIUM;XIRECS;10011.0;4
653358;;;INTARIAN_PEPPER_ROOT;XIRECS;62657.0;3
653429;;;ASH_COATED_OSMIUM;XIRECS;9990.0;9
654470;;;ASH_COATED_OSMIUM;XIRECS;9997.0;6
654591;;;INTARIAN_PEPPER_ROOT;XIRECS;62665.0;5
658179;;;INTARIAN_PEPPER_ROOT;XIRECS;62650.0;6
658616;;;ASH_COATED_OSMIUM;XIRECS;10009.0;8
659543;;;ASH_COATED_OSMIUM;XIRECS;10003.0;6
660291;;;ASH_COATED_OSMIUM;XIRECS;9998.0;8
662907;;;ASH_COATED_OSMIUM;XIRECS;9990.0;9
663331;;;ASH_COATED_OSMIUM;XIRECS;10000.0;4
664644;;;ASH_COATED_OSMIUM;XIRECS;9992.0;5
665678;;;INTARIAN_PEPPER_ROOT;XIRECS;62673.0;7
665747;;;INTARIAN_PEPPER_ROOT;XIRECS;62665.0;7
666038;;;ASH_COATED_OSMIUM;XIRECS;10014.0;3
666271;;;ASH_COATED_OSMIUM;XIRECS;10010.0;6
667214;;;ASH_COATED_OSMIUM;XIRECS;9992.0;9
668240;;;INTARIAN_PEPPER_ROOT;XIRECS;62674.0;3
669150;;;INTARIAN_PEPPER_ROOT;XIRECS;62677.0;6
669173;;;INTARIAN_PEPPER_ROOT;XIRECS;62661.0;6
672447;;;ASH_COATED_OSMIUM;XIRECS;10018.0;8
673180;;;INTARIAN_PEPPER_ROOT;XIRECS;62664.0;7
673773;;;INTARIAN_PEPPER_ROOT;XIRECS;62679.0;5
673804;;;INTARIAN_PEPPER_ROOT;XIRECS;62677.0;7
674610;;;ASH_COATED_OSMIUM;XIRECS;10007.0;9
675089;;;INTARIAN_PEPPER_ROOT;XIRECS;62670.0;7
675677;;;ASH_COATED_OSMIUM;XIRECS;9996.0;2
676080;;;INTARIAN_PEPPER_ROOT;XIRECS;62685.0;6
676254;;;ASH_COATED_OSMIUM;XIRECS;10009.0;6
683338;;;ASH_COATED_OSMIUM;XIRECS;10004.0;4
686502;;;INTARIAN_PEPPER_ROOT;XIRECS;62676.0;7
686902;;;ASH_COATED_OSMIUM;XIRECS;9995.0;4
691019;;;INTARIAN_PEPPER_ROOT;XIRECS;62694.0;4
691845;;;ASH_COATED_OSMIUM;XIRECS;10010.0;9
693976;;;ASH_COATED_OSMIUM;XIRECS;9999.0;6
694666;;;ASH_COATED_OSMIUM;XIRECS;9989.0;3
695752;;;ASH_COATED_OSMIUM;XIRECS;10001.0;2
696898;;;ASH_COATED_OSMIUM;XIRECS;10010.0;5
697200;;;INTARIAN_PEPPER_ROOT;XIRECS;62691.0;7
697932;;;INTARIAN_PEPPER_ROOT;XIRECS;62704.0;5
698675;;;INTARIAN_PEPPER_ROOT;XIRECS;62689.0;7
699339;;;ASH_COATED_OSMIUM;XIRECS;10010.0;6
701118;;;INTARIAN_PEPPER_ROOT;XIRECS;62709.0;4
702374;;;INTARIAN_PEPPER_ROOT;XIRECS;62696.0;5
702591;;;ASH_COATED_OSMIUM;XIRECS;10010.0;8
703988;;;INTARIAN_PEPPER_ROOT;XIRECS;62711.0;7
705360;;;INTARIAN_PEPPER_ROOT;XIRECS;62698.0;5
706338;;;INTARIAN_PEPPER_ROOT;XIRECS;62702.0;5
706528;;;INTARIAN_PEPPER_ROOT;XIRECS;62698.0;5
706601;;;ASH_COATED_OSMIUM;XIRECS;9996.0;10
707565;;;INTARIAN_PEPPER_ROOT;XIRECS;62700.0;5
708052;;;INTARIAN_PEPPER_ROOT;XIRECS;62713.0;4
710356;;;INTARIAN_PEPPER_ROOT;XIRECS;62715.0;6
713967;;;INTARIAN_PEPPER_ROOT;XIRECS;62719.0;4
714880;;;ASH_COATED_OSMIUM;XIRECS;10015.0;4
719184;;;ASH_COATED_OSMIUM;XIRECS;10009.0;3
719646;;;ASH_COATED_OSMIUM;XIRECS;10007.0;3
719666;;;INTARIAN_PEPPER_ROOT;XIRECS;62716.0;6
722594;;;ASH_COATED_OSMIUM;XIRECS;10021.0;9
725882;;;ASH_COATED_OSMIUM;XIRECS;9982.0;4
726196;;;ASH_COATED_OSMIUM;XIRECS;10005.0;9
727995;;;ASH_COATED_OSMIUM;XIRECS;9993.0;7
729110;;;ASH_COATED_OSMIUM;XIRECS;10006.0;10
732582;;;ASH_COATED_OSMIUM;XIRECS;9996.0;10
733819;;;INTARIAN_PEPPER_ROOT;XIRECS;62742.0;3
737962;;;ASH_COATED_OSMIUM;XIRECS;9993.0;9
740739;;;ASH_COATED_OSMIUM;XIRECS;9999.0;5
740951;;;INTARIAN_PEPPER_ROOT;XIRECS;62735.0;3
741622;;;INTARIAN_PEPPER_ROOT;XIRECS;62736.0;6
742508;;;INTARIAN_PEPPER_ROOT;XIRECS;62753.0;5
743172;;;INTARIAN_PEPPER_ROOT;XIRECS;62750.0;3
743765;;;INTARIAN_PEPPER_ROOT;XIRECS;62733.0;8
744032;;;INTARIAN_PEPPER_ROOT;XIRECS;62743.0;6
746175;;;ASH_COATED_OSMIUM;XIRECS;10019.0;6
748668;;;INTARIAN_PEPPER_ROOT;XIRECS;62741.0;4
749129;;;ASH_COATED_OSMIUM;XIRECS;9988.0;4
749563;;;INTARIAN_PEPPER_ROOT;XIRECS;62743.0;5
750050;;;ASH_COATED_OSMIUM;XIRECS;10006.0;6
754269;;;ASH_COATED_OSMIUM;XIRECS;9998.0;3
754640;;;ASH_COATED_OSMIUM;XIRECS;10020.0;9
756256;;;ASH_COATED_OSMIUM;XIRECS;10013.0;2
756865;;;ASH_COATED_OSMIUM;XIRECS;10005.0;6
758912;;;INTARIAN_PEPPER_ROOT;XIRECS;62756.0;5
760578;;;ASH_COATED_OSMIUM;XIRECS;9998.0;6
767842;;;INTARIAN_PEPPER_ROOT;XIRECS;62772.0;5
768719;;;ASH_COATED_OSMIUM;XIRECS;9991.0;6
769574;;;ASH_COATED_OSMIUM;XIRECS;10013.0;7
769889;;;ASH_COATED_OSMIUM;XIRECS;9993.0;2
771352;;;ASH_COATED_OSMIUM;XIRECS;9995.0;10
773438;;;INTARIAN_PEPPER_ROOT;XIRECS;62783.0;5
774741;;;ASH_COATED_OSMIUM;XIRECS;10007.0;2
776137;;;INTARIAN_PEPPER_ROOT;XIRECS;62769.0;7
777966;;;INTARIAN_PEPPER_ROOT;XIRECS;62786.0;4
778907;;;ASH_COATED_OSMIUM;XIRECS;9992.0;2
780511;;;INTARIAN_PEPPER_ROOT;XIRECS;62772.0;5
781438;;;ASH_COATED_OSMIUM;XIRECS;10012.0;10
781768;;;ASH_COATED_OSMIUM;XIRECS;10008.0;10
785502;;;ASH_COATED_OSMIUM;XIRECS;9988.0;6
785567;;;INTARIAN_PEPPER_ROOT;XIRECS;62791.0;5
785655;;;ASH_COATED_OSMIUM;XIRECS;9986.0;5
787688;;;ASH_COATED_OSMIUM;XIRECS;10006.0;5
788910;;;INTARIAN_PEPPER_ROOT;XIRECS;62783.0;6
790025;;;ASH_COATED_OSMIUM;XIRECS;9987.0;3
791374;;;ASH_COATED_OSMIUM;XIRECS;10000.0;10
792921;;;INTARIAN_PEPPER_ROOT;XIRECS;62800.0;5
793386;;;ASH_COATED_OSMIUM;XIRECS;10015.0;2
798381;;;ASH_COATED_OSMIUM;XIRECS;9985.0;8
800543;;;ASH_COATED_OSMIUM;XIRECS;10004.0;9
800897;;;INTARIAN_PEPPER_ROOT;XIRECS;62790.0;3
800946;;;ASH_COATED_OSMIUM;XIRECS;10004.0;10
801077;;;ASH_COATED_OSMIUM;XIRECS;10004.0;9
803505;;;ASH_COATED_OSMIUM;XIRECS;9986.0;5
804051;;;INTARIAN_PEPPER_ROOT;XIRECS;62800.0;3
804149;;;INTARIAN_PEPPER_ROOT;XIRECS;62810.0;6
804224;;;INTARIAN_PEPPER_ROOT;XIRECS;62808.0;8
804353;;;INTARIAN_PEPPER_ROOT;XIRECS;62810.0;3
809110;;;ASH_COATED_OSMIUM;XIRECS;10004.0;10
809328;;;ASH_COATED_OSMIUM;XIRECS;9991.0;6
810783;;;INTARIAN_PEPPER_ROOT;XIRECS;62817.0;4
812588;;;INTARIAN_PEPPER_ROOT;XIRECS;62818.0;3
812718;;;INTARIAN_PEPPER_ROOT;XIRECS;62804.0;7
824621;;;INTARIAN_PEPPER_ROOT;XIRECS;62830.0;5
824990;;;INTARIAN_PEPPER_ROOT;XIRECS;62835.0;5
825135;;;ASH_COATED_OSMIUM;XIRECS;10002.0;10
825975;;;ASH_COATED_OSMIUM;XIRECS;10011.0;2
826407;;;INTARIAN_PEPPER_ROOT;XIRECS;62834.0;6
830574;;;INTARIAN_PEPPER_ROOT;XIRECS;62821.0;7
830916;;;ASH_COATED_OSMIUM;XIRECS;10000.0;10
831550;;;INTARIAN_PEPPER_ROOT;XIRECS;62827.0;4
831954;;;INTARIAN_PEPPER_ROOT;XIRECS;62837.0;7
832679;;;ASH_COATED_OSMIUM;XIRECS;10001.0;2
837551;;;ASH_COATED_OSMIUM;XIRECS;10006.0;6
837903;;;ASH_COATED_OSMIUM;XIRECS;10003.0;6
838962;;;ASH_COATED_OSMIUM;XIRECS;9995.0;6
840418;;;INTARIAN_PEPPER_ROOT;XIRECS;62833.0;3
841172;;;INTARIAN_PEPPER_ROOT;XIRECS;62845.0;3
843949;;;INTARIAN_PEPPER_ROOT;XIRECS;62849.0;3
844126;;;ASH_COATED_OSMIUM;XIRECS;10003.0;5
844667;;;ASH_COATED_OSMIUM;XIRECS;10008.0;2
844954;;;INTARIAN_PEPPER_ROOT;XIRECS;62837.0;6
845482;;;INTARIAN_PEPPER_ROOT;XIRECS;62853.0;5
849135;;;INTARIAN_PEPPER_ROOT;XIRECS;62857.0;3
849174;;;ASH_COATED_OSMIUM;XIRECS;10006.0;4
849567;;;INTARIAN_PEPPER_ROOT;XIRECS;62855.0;6
850632;;;INTARIAN_PEPPER_ROOT;XIRECS;62860.0;7
851201;;;ASH_COATED_OSMIUM;XIRECS;10006.0;4
852006;;;INTARIAN_PEPPER_ROOT;XIRECS;62846.0;5
852246;;;INTARIAN_PEPPER_ROOT;XIRECS;62844.0;6
852775;;;ASH_COATED_OSMIUM;XIRECS;9998.0;5
854141;;;INTARIAN_PEPPER_ROOT;XIRECS;62859.0;7
854520;;;INTARIAN_PEPPER_ROOT;XIRECS;62849.0;4
856649;;;ASH_COATED_OSMIUM;XIRECS;9986.0;5
857152;;;INTARIAN_PEPPER_ROOT;XIRECS;62864.0;6
858231;;;ASH_COATED_OSMIUM;XIRECS;10009.0;8
860255;;;INTARIAN_PEPPER_ROOT;XIRECS;62855.0;3
861911;;;INTARIAN_PEPPER_ROOT;XIRECS;62856.0;7
865372;;;INTARIAN_PEPPER_ROOT;XIRECS;62856.0;3
866947;;;ASH_COATED_OSMIUM;XIRECS;9995.0;7
867702;;;INTARIAN_PEPPER_ROOT;XIRECS;62860.0;7
871205;;;ASH_COATED_OSMIUM;XIRECS;9985.0;9
871418;;;INTARIAN_PEPPER_ROOT;XIRECS;62867.0;2
873278;;;INTARIAN_PEPPER_ROOT;XIRECS;62868.0;6
873687;;;INTARIAN_PEPPER_ROOT;XIRECS;62882.0;8
874812;;;ASH_COATED_OSMIUM;XIRECS;9991.0;2
875125;;;INTARIAN_PEPPER_ROOT;XIRECS;62867.0;5
875853;;;INTARIAN_PEPPER_ROOT;XIRECS;62880.0;3
876823;;;INTARIAN_PEPPER_ROOT;XIRECS;62885.0;7
877663;;;ASH_COATED_OSMIUM;XIRECS;9986.0;4
878124;;;ASH_COATED_OSMIUM;XIRECS;10011.0;4
878352;;;ASH_COATED_OSMIUM;XIRECS;10007.0;4
879188;;;ASH_COATED_OSMIUM;XIRECS;9991.0;7
880391;;;ASH_COATED_OSMIUM;XIRECS;10025.0;6
880759;;;INTARIAN_PEPPER_ROOT;XIRECS;62885.0;3
881076;;;ASH_COATED_OSMIUM;XIRECS;10012.0;3
881424;;;INTARIAN_PEPPER_ROOT;XIRECS;62875.0;7
881799;;;ASH_COATED_OSMIUM;XIRECS;9994.0;3
884315;;;ASH_COATED_OSMIUM;XIRECS;9982.0;2
886144;;;ASH_COATED_OSMIUM;XIRECS;10012.0;4
886219;;;ASH_COATED_OSMIUM;XIRECS;10013.0;3
886610;;;ASH_COATED_OSMIUM;XIRECS;9988.0;3
886986;;;ASH_COATED_OSMIUM;XIRECS;10011.0;9
888271;;;INTARIAN_PEPPER_ROOT;XIRECS;62896.0;5
891479;;;INTARIAN_PEPPER_ROOT;XIRECS;62886.0;3
892212;;;INTARIAN_PEPPER_ROOT;XIRECS;62884.0;5
893070;;;INTARIAN_PEPPER_ROOT;XIRECS;62905.0;5
896922;;;INTARIAN_PEPPER_ROOT;XIRECS;62902.0;7
900983;;;INTARIAN_PEPPER_ROOT;XIRECS;62896.0;7
904713;;;ASH_COATED_OSMIUM;XIRECS;10015.0;7
905283;;;ASH_COATED_OSMIUM;XIRECS;9990.0;6
905340;;;INTARIAN_PEPPER_ROOT;XIRECS;62914.0;4
906233;;;ASH_COATED_OSMIUM;XIRECS;10006.0;5
906872;;;INTARIAN_PEPPER_ROOT;XIRECS;62895.0;5
908025;;;INTARIAN_PEPPER_ROOT;XIRECS;62901.0;6
908403;;;ASH_COATED_OSMIUM;XIRECS;10011.0;6
908653;;;INTARIAN_PEPPER_ROOT;XIRECS;62914.0;4
909907;;;ASH_COATED_OSMIUM;XIRECS;9986.0;8
910971;;;ASH_COATED_OSMIUM;XIRECS;9992.0;2
912308;;;ASH_COATED_OSMIUM;XIRECS;9985.0;5
915996;;;ASH_COATED_OSMIUM;XIRECS;9992.0;3
917045;;;ASH_COATED_OSMIUM;XIRECS;10009.0;2
917204;;;ASH_COATED_OSMIUM;XIRECS;10006.0;6
917971;;;ASH_COATED_OSMIUM;XIRECS;9988.0;2
918729;;;INTARIAN_PEPPER_ROOT;XIRECS;62926.0;5
921334;;;ASH_COATED_OSMIUM;XIRECS;9998.0;9
926034;;;INTARIAN_PEPPER_ROOT;XIRECS;62917.0;6
929936;;;ASH_COATED_OSMIUM;XIRECS;10007.0;7
930614;;;ASH_COATED_OSMIUM;XIRECS;10002.0;4
932665;;;INTARIAN_PEPPER_ROOT;XIRECS;62926.0;3
938462;;;ASH_COATED_OSMIUM;XIRECS;9980.0;10
939783;;;ASH_COATED_OSMIUM;XIRECS;10010.0;2
940506;;;ASH_COATED_OSMIUM;XIRECS;10008.0;5
940666;;;INTARIAN_PEPPER_ROOT;XIRECS;62950.0;4
942726;;;ASH_COATED_OSMIUM;XIRECS;10000.0;6
946310;;;INTARIAN_PEPPER_ROOT;XIRECS;62942.0;4
946510;;;ASH_COATED_OSMIUM;XIRECS;10002.0;5
948018;;;INTARIAN_PEPPER_ROOT;XIRECS;62936.0;5
948332;;;ASH_COATED_OSMIUM;XIRECS;9995.0;6
950412;;;INTARIAN_PEPPER_ROOT;XIRECS;62960.0;4
950884;;;ASH_COATED_OSMIUM;XIRECS;10003.0;10
952308;;;INTARIAN_PEPPER_ROOT;XIRECS;62960.0;6
953986;;;ASH_COATED_OSMIUM;XIRECS;9989.0;6
955928;;;ASH_COATED_OSMIUM;XIRECS;9979.0;7
955973;;;ASH_COATED_OSMIUM;XIRECS;9979.0;3
957241;;;ASH_COATED_OSMIUM;XIRECS;10006.0;8
958001;;;INTARIAN_PEPPER_ROOT;XIRECS;62965.0;6
958134;;;ASH_COATED_OSMIUM;XIRECS;9993.0;9
958659;;;INTARIAN_PEPPER_ROOT;XIRECS;62969.0;8
960309;;;INTARIAN_PEPPER_ROOT;XIRECS;62972.0;3
961637;;;ASH_COATED_OSMIUM;XIRECS;10011.0;5
962503;;;INTARIAN_PEPPER_ROOT;XIRECS;62971.0;7
963601;;;INTARIAN_PEPPER_ROOT;XIRECS;62975.0;4
964268;;;INTARIAN_PEPPER_ROOT;XIRECS;62961.0;4
964944;;;INTARIAN_PEPPER_ROOT;XIRECS;62968.0;3
965372;;;ASH_COATED_OSMIUM;XIRECS;10003.0;4
966617;;;INTARIAN_PEPPER_ROOT;XIRECS;62974.0;6
968300;;;INTARIAN_PEPPER_ROOT;XIRECS;62975.0;7
969878;;;ASH_COATED_OSMIUM;XIRECS;9986.0;5
973706;;;ASH_COATED_OSMIUM;XIRECS;9990.0;5
974463;;;ASH_COATED_OSMIUM;XIRECS;10007.0;7
974716;;;ASH_COATED_OSMIUM;XIRECS;10004.0;6
974865;;;ASH_COATED_OSMIUM;XIRECS;9990.0;4
976229;;;INTARIAN_PEPPER_ROOT;XIRECS;62981.0;5
976808;;;INTARIAN_PEPPER_ROOT;XIRECS;62983.0;7
977084;;;ASH_COATED_OSMIUM;XIRECS;10008.0;4
977296;;;INTARIAN_PEPPER_ROOT;XIRECS;62975.0;4
977605;;;ASH_COATED_OSMIUM;XIRECS;10011.0;5
978849;;;INTARIAN_PEPPER_ROOT;XIRECS;62972.0;6
979166;;;INTARIAN_PEPPER_ROOT;XIRECS;62972.0;8
979285;;;ASH_COATED_OSMIUM;XIRECS;9976.0;4
979876;;;INTARIAN_PEPPER_ROOT;XIRECS;62972.0;4
981298;;;INTARIAN_PEPPER_ROOT;XIRECS;62977.0;3
981905;;;ASH_COATED_OSMIUM;XIRECS;10011.0;6
983234;;;ASH_COATED_OSMIUM;XIRECS;10014.0;3
983359;;;ASH_COATED_OSMIUM;XIRECS;10021.0;6
983501;;;ASH_COATED_OSMIUM;XIRECS;10018.0;9
983861;;;ASH_COATED_OSMIUM;XIRECS;10001.0;2
984185;;;ASH_COATED_OSMIUM;XIRECS;10007.0;6
986800;;;INTARIAN_PEPPER_ROOT;XIRECS;62976.0;7
989886;;;INTARIAN_PEPPER_ROOT;XIRECS;62985.0;3
991194;;;ASH_COATED_OSMIUM;XIRECS;10006.0;5
995515;;;ASH_COATED_OSMIUM;XIRECS;9987.0;2
996137;;;INTARIAN_PEPPER_ROOT;XIRECS;62992.0;6
997388;;;ASH_COATED_OSMIUM;XIRECS;9994.0;5
998580;;;ASH_COATED_OSMIUM;XIRECS;9991.0;5
998785;;;INTARIAN_PEPPER_ROOT;XIRECS;62992.0;7
999937;;;ASH_COATED_OSMIUM;XIRECS;9998.0;3