timestamp;buyer;seller;symbol;currency;price;quantity
1981;;;INTARIAN_PEPPER_ROOT;XIRECS;21007.0;4
3162;;;INTARIAN_PEPPER_ROOT;XIRECS;21008.0;4
4742;;;ASH_COATED_OSMIUM;XIRECS;10007.0;6
5574;;;INTARIAN_PEPPER_ROOT;XIRECS;21001.0;5
5603;;;ASH_COATED_OSMIUM;XIRECS;9986.0;5
6803;;;ASH_COATED_OSMIUM;XIRECS;10004.0;5
9053;;;ASH_COATED_OSMIUM;XIRECS;10008.0;7
9557;;;ASH_COATED_OSMIUM;XIRECS;9992.0;7
13388;;;ASH_COATED_OSMIUM;XIRECS;10001.0;2
14782;;;ASH_COATED_OSMIUM;XIRECS;10000.0;2
15803;;;INTARIAN_PEPPER_ROOT;XIRECS;21015.0;6
20523;;;ASH_COATED_OSMIUM;XIRECS;10004.0;2
20670;;;INTARIAN_PEPPER_ROOT;XIRECS;21013.0;7
20995;;;ASH_COATED_OSMIUM;XIRECS;9987.0;9
21282;;;INTARIAN_PEPPER_ROOT;XIRECS;21019.0;5
27158;;;ASH_COATED_OSMIUM;XIRECS;10006.0;4
28728;;;ASH_COATED_OSMIUM;XIRECS;9994.0;4
30402;;;ASH_COATED_OSMIUM;XIRECS;9991.0;3
32323;;;ASH_COATED_OSMIUM;XIRECS;9990.0;2
35098;;;INTARIAN_PEPPER_ROOT;XIRECS;21031.0;3
37651;;;INTARIAN_PEPPER_ROOT;XIRECS;21030.0;5
38964;;;ASH_COATED_OSMIUM;XIRECS;9985.0;3
40370;;;ASH_COATED_OSMIUM;XIRECS;10006.0;2
42357;;;INTARIAN_PEPPER_ROOT;XIRECS;21042.0;7
42398;;;INTARIAN_PEPPER_ROOT;XIRECS;21029.0;3
45545;;;INTARIAN_PEPPER_ROOT;XIRECS;21046.0;6
45578;;;ASH_COATED_OSMIUM;XIRECS;10007.0;4
45608;;;ASH_COATED_OSMIUM;XIRECS;9984.0;4
45986;;;INTARIAN_PEPPER_ROOT;XIRECS;21040.0;8
46016;;;INTARIAN_PEPPER_ROOT;XIRECS;21054.0;3
48106;;;INTARIAN_PEPPER_ROOT;XIRECS;21042.0;5
50463;;;ASH_COATED_OSMIUM;XIRECS;9985.0;3
53136;;;ASH_COATED_OSMIUM;XIRECS;9987.0;6
53541;;;INTARIAN_PEPPER_ROOT;XIRECS;21059.0;5
53608;;;ASH_COATED_OSMIUM;XIRECS;10002.0;6
53673;;;ASH_COATED_OSMIUM;XIRECS;9989.0;7
57120;;;INTARIAN_PEPPER_ROOT;XIRECS;21063.0;6
58252;;;INTARIAN_PEPPER_ROOT;XIRECS;21056.0;5
61531;;;INTARIAN_PEPPER_ROOT;XIRECS;21053.0;6
61949;;;INTARIAN_PEPPER_ROOT;XIRECS;21055.0;4
62491;;;INTARIAN_PEPPER_ROOT;XIRECS;21051.0;4
62826;;;ASH_COATED_OSMIUM;XIRECS;9988.0;6
63019;;;ASH_COATED_OSMIUM;XIRECS;10004.0;5
63029;;;ASH_COATED_OSMIUM;XIRECS;9986.0;3
63779;;;INTARIAN_PEPPER_ROOT;XIRECS;21056.0;7
63836;;;ASH_COATED_OSMIUM;XIRECS;9994.0;5
65438;;;ASH_COATED_OSMIUM;XIRECS;9992.0;7
65987;;;INTARIAN_PEPPER_ROOT;XIRECS;21071.0;5
67198;;;ASH_COATED_OSMIUM;XIRECS;9994.0;2
68651;;;INTARIAN_PEPPER_ROOT;XIRECS;21077.0;6
68807;;;ASH_COATED_OSMIUM;XIRECS;10004.0;7
69631;;;ASH_COATED_OSMIUM;XIRECS;9992.0;7
69909;;;INTARIAN_PEPPER_ROOT;XIRECS;21063.0;7
71100;;;ASH_COATED_OSMIUM;XIRECS;9993.0;10
74057;;;ASH_COATED_OSMIUM;XIRECS;10005.0;9
74633;;;INTARIAN_PEPPER_ROOT;XIRECS;21083.0;5
74786;;;ASH_COATED_OSMIUM;XIRECS;9989.0;6
76012;;;ASH_COATED_OSMIUM;XIRECS;10006.0;5
76740;;;INTARIAN_PEPPER_ROOT;XIRECS;21082.0;3
77021;;;ASH_COATED_OSMIUM;XIRECS;9997.0;10
77591;;;ASH_COATED_OSMIUM;XIRECS;9991.0;6
77701;;;ASH_COATED_OSMIUM;XIRECS;10003.0;3
78067;;;INTARIAN_PEPPER_ROOT;XIRECS;21086.0;5
78755;;;INTARIAN_PEPPER_ROOT;XIRECS;21088.0;4
79222;;;INTARIAN_PEPPER_ROOT;XIRECS;21086.0;5
79317;;;INTARIAN_PEPPER_ROOT;XIRECS;21085.0;7
79893;;;INTARIAN_PEPPER_ROOT;XIRECS;21073.0;4
82258;;;INTARIAN_PEPPER_ROOT;XIRECS;21078.0;6
83964;;;ASH_COATED_OSMIUM;XIRECS;10009.0;5
84649;;;ASH_COATED_OSMIUM;XIRECS;10009.0;10
85477;;;INTARIAN_PEPPER_ROOT;XIRECS;21075.0;6
85496;;;INTARIAN_PEPPER_ROOT;XIRECS;21075.0;5
86591;;;INTARIAN_PEPPER_ROOT;XIRECS;21094.0;5
87307;;;ASH_COATED_OSMIUM;XIRECS;10005.0;5
91173;;;ASH_COATED_OSMIUM;XIRECS;9996.0;8
91469;;;INTARIAN_PEPPER_ROOT;XIRECS;21082.0;5
91557;;;INTARIAN_PEPPER_ROOT;XIRECS;21099.0;3
94450;;;ASH_COATED_OSMIUM;XIRECS;10009.0;8
94645;;;INTARIAN_PEPPER_ROOT;XIRECS;21101.0;4
95807;;;ASH_COATED_OSMIUM;XIRECS;10008.0;5
97889;;;INTARIAN_PEPPER_ROOT;XIRECS;21104.0;3
99957;;;ASH_COATED_OSMIUM;XIRECS;10009.0;4
101163;;;INTARIAN_PEPPER_ROOT;XIRECS;21094.0;6
102967;;;ASH_COATED_OSMIUM;XIRECS;10005.0;5
104532;;;ASH_COATED_OSMIUM;XIRECS;9985.0;6
105744;;;ASH_COATED_OSMIUM;XIRECS;9989.0;6
111281;;;INTARIAN_PEPPER_ROOT;XIRECS;21119.0;8
111436;;;ASH_COATED_OSMIUM;XIRECS;9990.0;2
112265;;;ASH_COATED_OSMIUM;XIRECS;10008.0;6
112616;;;INTARIAN_PEPPER_ROOT;XIRECS;21121.0;6
113101;;;INTARIAN_PEPPER_ROOT;XIRECS;21108.0;7
115544;;;INTARIAN_PEPPER_ROOT;XIRECS;21105.0;5
117843;;;INTARIAN_PEPPER_ROOT;XIRECS;21125.0;7
118558;;;ASH_COATED_OSMIUM;XIRECS;10010.0;4
119206;;;ASH_COATED_OSMIUM;XIRECS;9989.0;3
119845;;;INTARIAN_PEPPER_ROOT;XIRECS;21126.0;7
121329;;;INTARIAN_PEPPER_ROOT;XIRECS;21133.0;6
121516;;;ASH_COATED_OSMIUM;XIRECS;10010.0;5
121827;;;INTARIAN_PEPPER_ROOT;XIRECS;21128.0;4
122147;;;ASH_COATED_OSMIUM;XIRECS;10017.0;5
124162;;;INTARIAN_PEPPER_ROOT;XIRECS;21117.0;4
129795;;;INTARIAN_PEPPER_ROOT;XIRECS;21120.0;7
135097;;;INTARIAN_PEPPER_ROOT;XIRECS;21129.0;6
135126;;;INTARIAN_PEPPER_ROOT;XIRECS;21127.0;3
136468;;;INTARIAN_PEPPER_ROOT;XIRECS;21142.0;5
137494;;;ASH_COATED_OSMIUM;XIRECS;10005.0;6
137549;;;ASH_COATED_OSMIUM;XIRECS;9993.0;3
138419;;;ASH_COATED_OSMIUM;XIRECS;9989.0;9
138782;;;ASH_COATED_OSMIUM;XIRECS;9991.0;6
139342;;;ASH_COATED_OSMIUM;XIRECS;10003.0;3
143042;;;INTARIAN_PEPPER_ROOT;XIRECS;21135.0;7
145281;;;ASH_COATED_OSMIUM;XIRECS;9986.0;4
146341;;;ASH_COATED_OSMIUM;XIRECS;10000.0;3
146810;;;ASH_COATED_OSMIUM;XIRECS;10005.0;2
147023;;;ASH_COATED_OSMIUM;XIRECS;9989.0;2
147709;;;ASH_COATED_OSMIUM;XIRECS;10001.0;3
149407;;;ASH_COATED_OSMIUM;XIRECS;10002.0;2
149859;;;INTARIAN_PEPPER_ROOT;XIRECS;21152.0;6
152051;;;INTARIAN_PEPPER_ROOT;XIRECS;21147.0;5
152068;;;ASH_COATED_OSMIUM;XIRECS;10005.0;5
153693;;;ASH_COATED_OSMIUM;XIRECS;10000.0;3
153907;;;INTARIAN_PEPPER_ROOT;XIRECS;21143.0;7
154829;;;INTARIAN_PEPPER_ROOT;XIRECS;21158.0;7
159141;;;ASH_COATED_OSMIUM;XIRECS;9984.0;7
160159;;;INTARIAN_PEPPER_ROOT;XIRECS;21167.0;4
164156;;;ASH_COATED_OSMIUM;XIRECS;9991.0;5
164373;;;ASH_COATED_OSMIUM;XIRECS;10003.0;4
165534;;;ASH_COATED_OSMIUM;XIRECS;9987.0;2
165674;;;INTARIAN_PEPPER_ROOT;XIRECS;21158.0;7
166977;;;ASH_COATED_OSMIUM;XIRECS;9994.0;4
167861;;;ASH_COATED_OSMIUM;XIRECS;9992.0;6
169589;;;ASH_COATED_OSMIUM;XIRECS;9992.0;3
169653;;;ASH_COATED_OSMIUM;XIRECS;9986.0;5
169672;;;INTARIAN_PEPPER_ROOT;XIRECS;21174.0;8
170692;;;ASH_COATED_OSMIUM;XIRECS;9999.0;5
171109;;;ASH_COATED_OSMIUM;XIRECS;10008.0;2
171228;;;INTARIAN_PEPPER_ROOT;XIRECS;21167.0;6
172038;;;INTARIAN_PEPPER_ROOT;XIRECS;21179.0;5
173963;;;INTARIAN_PEPPER_ROOT;XIRECS;21167.0;5
174239;;;INTARIAN_PEPPER_ROOT;XIRECS;21162.0;7
177268;;;INTARIAN_PEPPER_ROOT;XIRECS;21187.0;5
178646;;;INTARIAN_PEPPER_ROOT;XIRECS;21178.0;3
180956;;;INTARIAN_PEPPER_ROOT;XIRECS;21174.0;3
183629;;;ASH_COATED_OSMIUM;XIRECS;10012.0;5
186383;;;INTARIAN_PEPPER_ROOT;XIRECS;21196.0;6
186505;;;ASH_COATED_OSMIUM;XIRECS;10012.0;5
187173;;;INTARIAN_PEPPER_ROOT;XIRECS;21176.0;7
187909;;;INTARIAN_PEPPER_ROOT;XIRECS;21198.0;5
188873;;;INTARIAN_PEPPER_ROOT;XIRECS;21180.0;3
198643;;;ASH_COATED_OSMIUM;XIRECS;9998.0;5
199457;;;ASH_COATED_OSMIUM;XIRECS;10000.0;5
199618;;;INTARIAN_PEPPER_ROOT;XIRECS;21207.0;2
201142;;;INTARIAN_PEPPER_ROOT;XIRECS;21194.0;3
201146;;;INTARIAN_PEPPER_ROOT;XIRECS;21207.0;3
202110;;;INTARIAN_PEPPER_ROOT;XIRECS;21210.0;3
206223;;;INTARIAN_PEPPER_ROOT;XIRECS;21214.0;6
206266;;;ASH_COATED_OSMIUM;XIRECS;10009.0;4
206575;;;INTARIAN_PEPPER_ROOT;XIRECS;21210.0;6
206631;;;ASH_COATED_OSMIUM;XIRECS;9990.0;5
207858;;;ASH_COATED_OSMIUM;XIRECS;10004.0;3
207882;;;ASH_COATED_OSMIUM;XIRECS;10004.0;2
209925;;;INTARIAN_PEPPER_ROOT;XIRECS;21214.0;5
211983;;;INTARIAN_PEPPER_ROOT;XIRECS;21205.0;4
215694;;;ASH_COATED_OSMIUM;XIRECS;9988.0;2
215820;;;ASH_COATED_OSMIUM;XIRECS;9994.0;10
218212;;;INTARIAN_PEPPER_ROOT;XIRECS;21211.0;6
219025;;;INTARIAN_PEPPER_ROOT;XIRECS;21201.0;5
219788;;;INTARIAN_PEPPER_ROOT;XIRECS;21211.0;7
220157;;;ASH_COATED_OSMIUM;XIRECS;10004.0;3
221856;;;ASH_COATED_OSMIUM;XIRECS;10008.0;7
222473;;;ASH_COATED_OSMIUM;XIRECS;9990.0;4
223569;;;INTARIAN_PEPPER_ROOT;XIRECS;21217.0;3
224130;;;INTARIAN_PEPPER_ROOT;XIRECS;21233.0;7
226253;;;INTARIAN_PEPPER_ROOT;XIRECS;21220.0;6
227744;;;INTARIAN_PEPPER_ROOT;XIRECS;21237.0;7
229139;;;ASH_COATED_OSMIUM;XIRECS;9991.0;6
231373;;;ASH_COATED_OSMIUM;XIRECS;10000.0;7
232307;;;ASH_COATED_OSMIUM;XIRECS;9984.0;9
232671;;;INTARIAN_PEPPER_ROOT;XIRECS;21241.0;7
235834;;;INTARIAN_PEPPER_ROOT;XIRECS;21229.0;3
237922;;;INTARIAN_PEPPER_ROOT;XIRECS;21245.0;4
238910;;;INTARIAN_PEPPER_ROOT;XIRECS;21230.0;4
239117;;;INTARIAN_PEPPER_ROOT;XIRECS;21237.0;5
240227;;;INTARIAN_PEPPER_ROOT;XIRECS;21232.0;3
244056;;;ASH_COATED_OSMIUM;XIRECS;9990.0;6
244560;;;INTARIAN_PEPPER_ROOT;XIRECS;21236.0;5
245106;;;INTARIAN_PEPPER_ROOT;XIRECS;21251.0;4
248017;;;ASH_COATED_OSMIUM;XIRECS;9996.0;2
249562;;;ASH_COATED_OSMIUM;XIRECS;9996.0;8
251842;;;INTARIAN_PEPPER_ROOT;XIRECS;21259.0;7
253384;;;ASH_COATED_OSMIUM;XIRECS;10012.0;10
257595;;;INTARIAN_PEPPER_ROOT;XIRECS;21251.0;6
258142;;;INTARIAN_PEPPER_ROOT;XIRECS;21255.0;6
258497;;;ASH_COATED_OSMIUM;XIRECS;9995.0;2
259661;;;ASH_COATED_OSMIUM;XIRECS;10012.0;8
262193;;;ASH_COATED_OSMIUM;XIRECS;10008.0;3
263092;;;ASH_COATED_OSMIUM;XIRECS;9990.0;6
263236;;;ASH_COATED_OSMIUM;XIRECS;9991.0;9
263967;;;ASH_COATED_OSMIUM;XIRECS;9998.0;9
265994;;;ASH_COATED_OSMIUM;XIRECS;10011.0;9
266178;;;INTARIAN_PEPPER_ROOT;XIRECS;21258.0;5
267870;;;ASH_COATED_OSMIUM;XIRECS;10013.0;6
271079;;;ASH_COATED_OSMIUM;XIRECS;10001.0;10
271598;;;INTARIAN_PEPPER_ROOT;XIRECS;21277.0;5
272495;;;ASH_COATED_OSMIUM;XIRECS;9995.0;9
274953;;;INTARIAN_PEPPER_ROOT;XIRECS;21278.0;5
276216;;;INTARIAN_PEPPER_ROOT;XIRECS;21269.0;6
277008;;;INTARIAN_PEPPER_ROOT;XIRECS;21270.0;6
280510;;;INTARIAN_PEPPER_ROOT;XIRECS;21274.0;6
285507;;;INTARIAN_PEPPER_ROOT;XIRECS;21287.0;6
285998;;;ASH_COATED_OSMIUM;XIRECS;9995.0;10
286840;;;INTARIAN_PEPPER_ROOT;XIRECS;21284.0;4
288015;;;INTARIAN_PEPPER_ROOT;XIRECS;21296.0;3
289023;;;ASH_COATED_OSMIUM;XIRECS;10012.0;7
292038;;;ASH_COATED_OSMIUM;XIRECS;9992.0;3
292246;;;INTARIAN_PEPPER_ROOT;XIRECS;21284.0;6
292311;;;ASH_COATED_OSMIUM;XIRECS;9998.0;5
293719;;;INTARIAN_PEPPER_ROOT;XIRECS;21301.0;5
294369;;;INTARIAN_PEPPER_ROOT;XIRECS;21301.0;7
294458;;;INTARIAN_PEPPER_ROOT;XIRECS;21282.0;5
295962;;;ASH_COATED_OSMIUM;XIRECS;10015.0;10
297330;;;INTARIAN_PEPPER_ROOT;XIRECS;21293.0;6
297633;;;ASH_COATED_OSMIUM;XIRECS;9997.0;4
298145;;;ASH_COATED_OSMIUM;XIRECS;10018.0;7
299629;;;ASH_COATED_OSMIUM;XIRECS;10019.0;6
300504;;;ASH_COATED_OSMIUM;XIRECS;9999.0;9
304207;;;ASH_COATED_OSMIUM;XIRECS;9996.0;8
304245;;;INTARIAN_PEPPER_ROOT;XIRECS;21298.0;6
306627;;;ASH_COATED_OSMIUM;XIRECS;10010.0;2
308218;;;INTARIAN_PEPPER_ROOT;XIRECS;21311.0;8
308607;;;ASH_COATED_OSMIUM;XIRECS;9997.0;5
308874;;;INTARIAN_PEPPER_ROOT;XIRECS;21316.0;5
311212;;;INTARIAN_PEPPER_ROOT;XIRECS;21303.0;5
311548;;;INTARIAN_PEPPER_ROOT;XIRECS;21318.0;7
314996;;;ASH_COATED_OSMIUM;XIRECS;9990.0;4
316280;;;ASH_COATED_OSMIUM;XIRECS;10009.0;5
316603;;;INTARIAN_PEPPER_ROOT;XIRECS;21323.0;5
319073;;;ASH_COATED_OSMIUM;XIRECS;10012.0;4
319477;;;ASH_COATED_OSMIUM;XIRECS;9991.0;2
319829;;;INTARIAN_PEPPER_ROOT;XIRECS;21329.0;3
320961;;;INTARIAN_PEPPER_ROOT;XIRECS;21326.0;3
320995;;;ASH_COATED_OSMIUM;XIRECS;9992.0;6
321211;;;INTARIAN_PEPPER_ROOT;XIRECS;21328.0;3
323736;;;ASH_COATED_OSMIUM;XIRECS;9998.0;9
324585;;;INTARIAN_PEPPER_ROOT;XIRECS;21319.0;5
324734;;;INTARIAN_PEPPER_ROOT;XIRECS;21318.0;3
325001;;;ASH_COATED_OSMIUM;XIRECS;9994.0;10
325073;;;ASH_COATED_OSMIUM;XIRECS;10010.0;8
327872;;;INTARIAN_PEPPER_ROOT;XIRECS;21336.0;3
328488;;;INTARIAN_PEPPER_ROOT;XIRECS;21334.0;6
329807;;;INTARIAN_PEPPER_ROOT;XIRECS;21339.0;3
329922;;;INTARIAN_PEPPER_ROOT;XIRECS;21335.0;3
330225;;;ASH_COATED_OSMIUM;XIRECS;9992.0;5
332517;;;ASH_COATED_OSMIUM;XIRECS;9994.0;3
333054;;;ASH_COATED_OSMIUM;XIRECS;10013.0;4
336625;;;ASH_COATED_OSMIUM;XIRECS;9987.0;6
340188;;;ASH_COATED_OSMIUM;XIRECS;9986.0;3
341261;;;ASH_COATED_OSMIUM;XIRECS;10009.0;6
341505;;;ASH_COATED_OSMIUM;XIRECS;9991.0;10
342242;;;INTARIAN_PEPPER_ROOT;XIRECS;21335.0;5
342714;;;INTARIAN_PEPPER_ROOT;XIRECS;21343.0;6
343104;;;INTARIAN_PEPPER_ROOT;XIRECS;21333.0;5
344662;;;INTARIAN_PEPPER_ROOT;XIRECS;21339.0;6
345447;;;INTARIAN_PEPPER_ROOT;XIRECS;21355.0;3
346700;;;INTARIAN_PEPPER_ROOT;XIRECS;21341.0;4
347096;;;ASH_COATED_OSMIUM;XIRECS;10009.0;8
347839;;;ASH_COATED_OSMIUM;XIRECS;9999.0;3
348955;;;ASH_COATED_OSMIUM;XIRECS;10009.0;2
350037;;;ASH_COATED_OSMIUM;XIRECS;10003.0;5
351305;;;INTARIAN_PEPPER_ROOT;XIRECS;21357.0;3
351518;;;ASH_COATED_OSMIUM;XIRECS;10010.0;7
352674;;;INTARIAN_PEPPER_ROOT;XIRECS;21351.0;6
356617;;;ASH_COATED_OSMIUM;XIRECS;10008.0;5
358546;;;ASH_COATED_OSMIUM;XIRECS;10018.0;2
362429;;;INTARIAN_PEPPER_ROOT;XIRECS;21368.0;6
362466;;;ASH_COATED_OSMIUM;XIRECS;10010.0;7
362484;;;ASH_COATED_OSMIUM;XIRECS;10010.0;6
365123;;;ASH_COATED_OSMIUM;XIRECS;9989.0;6
368977;;;INTARIAN_PEPPER_ROOT;XIRECS;21362.0;3
371932;;;ASH_COATED_OSMIUM;XIRECS;9995.0;6
373210;;;INTARIAN_PEPPER_ROOT;XIRECS;21365.0;4
374330;;;ASH_COATED_OSMIUM;XIRECS;10018.0;6
375217;;;ASH_COATED_OSMIUM;XIRECS;10019.0;8
376074;;;ASH_COATED_OSMIUM;XIRECS;10003.0;9
379156;;;ASH_COATED_OSMIUM;XIRECS;10001.0;4
382455;;;ASH_COATED_OSMIUM;XIRECS;10005.0;2
383153;;;INTARIAN_PEPPER_ROOT;XIRECS;21385.0;6
383268;;;INTARIAN_PEPPER_ROOT;XIRECS;21394.0;3
385654;;;ASH_COATED_OSMIUM;XIRECS;10002.0;8
385664;;;ASH_COATED_OSMIUM;XIRECS;10002.0;3
385755;;;ASH_COATED_OSMIUM;XIRECS;9997.0;5
388185;;;ASH_COATED_OSMIUM;XIRECS;10003.0;3
388787;;;ASH_COATED_OSMIUM;XIRECS;10020.0;5
388859;;;INTARIAN_PEPPER_ROOT;XIRECS;21377.0;6
390068;;;INTARIAN_PEPPER_ROOT;XIRECS;21401.0;4
391293;;;INTARIAN_PEPPER_ROOT;XIRECS;21390.0;5
391447;;;INTARIAN_PEPPER_ROOT;XIRECS;21398.0;4
392190;;;INTARIAN_PEPPER_ROOT;XIRECS;21382.0;5
392437;;;INTARIAN_PEPPER_ROOT;XIRECS;21381.0;6
392700;;;ASH_COATED_OSMIUM;XIRECS;9998.0;2
392859;;;ASH_COATED_OSMIUM;XIRECS;10020.0;10
393931;;;ASH_COATED_OSMIUM;XIRECS;9998.0;9
394440;;;INTARIAN_PEPPER_ROOT;XIRECS;21402.0;5
395331;;;INTARIAN_PEPPER_ROOT;XIRECS;21402.0;7
396223;;;ASH_COATED_OSMIUM;XIRECS;10009.0;9
399282;;;ASH_COATED_OSMIUM;XIRECS;10013.0;2
399799;;;ASH_COATED_OSMIUM;XIRECS;9999.0;10
403067;;;INTARIAN_PEPPER_ROOT;XIRECS;21409.0;7
403991;;;ASH_COATED_OSMIUM;XIRECS;10012.0;4
405038;;;ASH_COATED_OSMIUM;XIRECS;10016.0;8
410988;;;INTARIAN_PEPPER_ROOT;XIRECS;21416.0;6
412567;;;INTARIAN_PEPPER_ROOT;XIRECS;21421.0;5
413736;;;ASH_COATED_OSMIUM;XIRECS;9998.0;6
414675;;;INTARIAN_PEPPER_ROOT;XIRECS;21407.0;3
417571;;;ASH_COATED_OSMIUM;XIRECS;9995.0;10
419998;;;INTARIAN_PEPPER_ROOT;XIRECS;21411.0;8
420169;;;ASH_COATED_OSMIUM;XIRECS;10002.0;6
420782;;;ASH_COATED_OSMIUM;XIRECS;10002.0;5
421464;;;ASH_COATED_OSMIUM;XIRECS;10004.0;3
424308;;;ASH_COATED_OSMIUM;XIRECS;10009.0;5
425044;;;ASH_COATED_OSMIUM;XIRECS;10009.0;6
429354;;;ASH_COATED_OSMIUM;XIRECS;10011.0;2
430094;;;ASH_COATED_OSMIUM;XIRECS;10009.0;4
432105;;;ASH_COATED_OSMIUM;XIRECS;10001.0;7
432568;;;INTARIAN_PEPPER_ROOT;XIRECS;21439.0;3
437781;;;ASH_COATED_OSMIUM;XIRECS;9993.0;4
440352;;;ASH_COATED_OSMIUM;XIRECS;9993.0;9
441197;;;ASH_COATED_OSMIUM;XIRECS;9993.0;5
442533;;;INTARIAN_PEPPER_ROOT;XIRECS;21447.0;8
445728;;;INTARIAN_PEPPER_ROOT;XIRECS;21440.0;6
449419;;;ASH_COATED_OSMIUM;XIRECS;10012.0;2
453230;;;INTARIAN_PEPPER_ROOT;XIRECS;21447.0;5
455104;;;ASH_COATED_OSMIUM;XIRECS;10018.0;6
456674;;;INTARIAN_PEPPER_ROOT;XIRECS;21447.0;4
458065;;;INTARIAN_PEPPER_ROOT;XIRECS;21466.0;7
459235;;;ASH_COATED_OSMIUM;XIRECS;9999.0;3
464303;;;INTARIAN_PEPPER_ROOT;XIRECS;21459.0;3
464515;;;INTARIAN_PEPPER_ROOT;XIRECS;21473.0;4
466329;;;ASH_COATED_OSMIUM;XIRECS;9990.0;3
468859;;;INTARIAN_PEPPER_ROOT;XIRECS;21468.0;5
468866;;;ASH_COATED_OSMIUM;XIRECS;9996.0;2
469431;;;ASH_COATED_OSMIUM;XIRECS;9991.0;6
469665;;;INTARIAN_PEPPER_ROOT;XIRECS;21464.0;3
471080;;;INTARIAN_PEPPER_ROOT;XIRECS;21478.0;8
472416;;;ASH_COATED_OSMIUM;XIRECS;10010.0;5
473590;;;ASH_COATED_OSMIUM;XIRECS;10007.0;5
473805;;;ASH_COATED_OSMIUM;XIRECS;10005.0;5
477445;;;ASH_COATED_OSMIUM;XIRECS;10003.0;9
478254;;;ASH_COATED_OSMIUM;XIRECS;9991.0;4
478297;;;INTARIAN_PEPPER_ROOT;XIRECS;21473.0;7
481487;;;INTARIAN_PEPPER_ROOT;XIRECS;21486.0;4
481578;;;ASH_COATED_OSMIUM;XIRECS;10001.0;3
481646;;;ASH_COATED_OSMIUM;XIRECS;10001.0;2
491577;;;ASH_COATED_OSMIUM;XIRECS;9993.0;6
493260;;;INTARIAN_PEPPER_ROOT;XIRECS;21481.0;6
495586;;;INTARIAN_PEPPER_ROOT;XIRECS;21502.0;4
495653;;;ASH_COATED_OSMIUM;XIRECS;9999.0;6
497260;;;ASH_COATED_OSMIUM;XIRECS;10001.0;5
504929;;;ASH_COATED_OSMIUM;XIRECS;10000.0;8
506494;;;INTARIAN_PEPPER_ROOT;XIRECS;21499.0;4
508535;;;ASH_COATED_OSMIUM;XIRECS;9991.0;2
508612;;;ASH_COATED_OSMIUM;XIRECS;9990.0;6
511674;;;INTARIAN_PEPPER_ROOT;XIRECS;21505.0;4
511923;;;INTARIAN_PEPPER_ROOT;XIRECS;21521.0;3
513594;;;ASH_COATED_OSMIUM;XIRECS;10011.0;6
517184;;;ASH_COATED_OSMIUM;XIRECS;9990.0;6
517190;;;INTARIAN_PEPPER_ROOT;XIRECS;21525.0;4
518162;;;INTARIAN_PEPPER_ROOT;XIRECS;21511.0;4
518829;;;INTARIAN_PEPPER_ROOT;XIRECS;21523.0;5
519138;;;ASH_COATED_OSMIUM;XIRECS;10002.0;6
519358;;;ASH_COATED_OSMIUM;XIRECS;9985.0;2
519828;;;ASH_COATED_OSMIUM;XIRECS;9987.0;5
520349;;;INTARIAN_PEPPER_ROOT;XIRECS;21514.0;7
521933;;;INTARIAN_PEPPER_ROOT;XIRECS;21527.0;5
524704;;;ASH_COATED_OSMIUM;XIRECS;9992.0;2
524752;;;INTARIAN_PEPPER_ROOT;XIRECS;21521.0;5
524828;;;INTARIAN_PEPPER_ROOT;XIRECS;21519.0;6
524915;;;INTARIAN_PEPPER_ROOT;XIRECS;21517.0;4
526628;;;ASH_COATED_OSMIUM;XIRECS;10009.0;5
526664;;;ASH_COATED_OSMIUM;XIRECS;9993.0;5
528047;;;INTARIAN_PEPPER_ROOT;XIRECS;21536.0;4
528212;;;ASH_COATED_OSMIUM;XIRECS;9994.0;6
530517;;;ASH_COATED_OSMIUM;XIRECS;9989.0;9
531953;;;ASH_COATED_OSMIUM;XIRECS;9987.0;3
532505;;;ASH_COATED_OSMIUM;XIRECS;9992.0;2
533142;;;ASH_COATED_OSMIUM;XIRECS;10010.0;2
533936;;;INTARIAN_PEPPER_ROOT;XIRECS;21540.0;3
537982;;;ASH_COATED_OSMIUM;XIRECS;10002.0;4
538199;;;ASH_COATED_OSMIUM;XIRECS;10006.0;9
541499;;;ASH_COATED_OSMIUM;XIRECS;9990.0;4
541587;;;INTARIAN_PEPPER_ROOT;XIRECS;21534.0;7
542368;;;ASH_COATED_OSMIUM;XIRECS;9986.0;6
548076;;;INTARIAN_PEPPER_ROOT;XIRECS;21555.0;3
549042;;;ASH_COATED_OSMIUM;XIRECS;10002.0;3
549180;;;INTARIAN_PEPPER_ROOT;XIRECS;21556.0;7
550815;;;INTARIAN_PEPPER_ROOT;XIRECS;21541.0;3
551000;;;ASH_COATED_OSMIUM;XIRECS;9991.0;5
551505;;;ASH_COATED_OSMIUM;XIRECS;10005.0;3
552499;;;INTARIAN_PEPPER_ROOT;XIRECS;21545.0;5
554440;;;INTARIAN_PEPPER_ROOT;XIRECS;21555.0;3
554657;;;ASH_COATED_OSMIUM;XIRECS;9985.0;3
554758;;;INTARIAN_PEPPER_ROOT;XIRECS;21548.0;5
556976;;;INTARIAN_PEPPER_ROOT;XIRECS;21564.0;5
557384;;;INTARIAN_PEPPER_ROOT;XIRECS;21561.0;6
558036;;;ASH_COATED_OSMIUM;XIRECS;10001.0;9
559383;;;INTARIAN_PEPPER_ROOT;XIRECS;21549.0;6
559954;;;ASH_COATED_OSMIUM;XIRECS;9983.0;3
560128;;;INTARIAN_PEPPER_ROOT;XIRECS;21555.0;5
561416;;;ASH_COATED_OSMIUM;XIRECS;9978.0;9
564488;;;ASH_COATED_OSMIUM;XIRECS;9998.0;6
565570;;;ASH_COATED_OSMIUM;XIRECS;9978.0;4
565687;;;INTARIAN_PEPPER_ROOT;XIRECS;21572.0;4
566034;;;INTARIAN_PEPPER_ROOT;XIRECS;21558.0;7
567314;;;ASH_COATED_OSMIUM;XIRECS;9999.0;5
567585;;;ASH_COATED_OSMIUM;XIRECS;9994.0;5
567930;;;ASH_COATED_OSMIUM;XIRECS;9984.0;4
568277;;;ASH_COATED_OSMIUM;XIRECS;9994.0;4
568340;;;ASH_COATED_OSMIUM;XIRECS;9978.0;2
569708;;;ASH_COATED_OSMIUM;XIRECS;9983.0;8
569965;;;INTARIAN_PEPPER_ROOT;XIRECS;21578.0;3
570318;;;ASH_COATED_OSMIUM;XIRECS;9986.0;5
571091;;;INTARIAN_PEPPER_ROOT;XIRECS;21580.0;3
571256;;;ASH_COATED_OSMIUM;XIRECS;9982.0;10
571814;;;ASH_COATED_OSMIUM;XIRECS;9998.0;5
577130;;;INTARIAN_PEPPER_ROOT;XIRECS;21583.0;4
578281;;;ASH_COATED_OSMIUM;XIRECS;10004.0;2
578833;;;INTARIAN_PEPPER_ROOT;XIRECS;21571.0;7
579518;;;ASH_COATED_OSMIUM;XIRECS;10005.0;3
582120;;;INTARIAN_PEPPER_ROOT;XIRECS;21574.0;8
582159;;;ASH_COATED_OSMIUM;XIRECS;10006.0;3
582354;;;ASH_COATED_OSMIUM;XIRECS;9990.0;6
582821;;;INTARIAN_PEPPER_ROOT;XIRECS;21591.0;5
583966;;;ASH_COATED_OSMIUM;XIRECS;9998.0;6
586643;;;ASH_COATED_OSMIUM;XIRECS;9995.0;3
586894;;;ASH_COATED_OSMIUM;XIRECS;9991.0;2
587426;;;ASH_COATED_OSMIUM;XIRECS;9999.0;5
591946;;;ASH_COATED_OSMIUM;XIRECS;9998.0;5
594987;;;ASH_COATED_OSMIUM;XIRECS;9984.0;3
595243;;;INTARIAN_PEPPER_ROOT;XIRECS;21592.0;6
595372;;;ASH_COATED_OSMIUM;XIRECS;10000.0;9
596488;;;INTARIAN_PEPPER_ROOT;XIRECS;21592.0;5
599667;;;INTARIAN_PEPPER_ROOT;XIRECS;21592.0;7
601197;;;ASH_COATED_OSMIUM;XIRECS;10006.0;7
601278;;;ASH_COATED_OSMIUM;XIRECS;9989.0;6
603738;;;INTARIAN_PEPPER_ROOT;XIRECS;21610.0;6
605096;;;ASH_COATED_OSMIUM;XIRECS;9985.0;6
607729;;;INTARIAN_PEPPER_ROOT;XIRECS;21607.0;7
609764;;;ASH_COATED_OSMIUM;XIRECS;9987.0;3
610362;;;ASH_COATED_OSMIUM;XIRECS;10009.0;6
610727;;;INTARIAN_PEPPER_ROOT;XIRECS;21617.0;4
612617;;;ASH_COATED_OSMIUM;XIRECS;10014.0;3
613143;;;INTARIAN_PEPPER_ROOT;XIRECS;21622.0;4
614008;;;ASH_COATED_OSMIUM;XIRECS;9993.0;6
614910;;;ASH_COATED_OSMIUM;XIRECS;9994.0;4
617323;;;INTARIAN_PEPPER_ROOT;XIRECS;21609.0;4
618412;;;INTARIAN_PEPPER_ROOT;XIRECS;21626.0;6
620429;;;ASH_COATED_OSMIUM;XIRECS;10006.0;4
621067;;;ASH_COATED_OSMIUM;XIRECS;9996.0;5
623499;;;INTARIAN_PEPPER_ROOT;XIRECS;21630.0;3
625229;;;ASH_COATED_OSMIUM;XIRECS;10014.0;10
627405;;;ASH_COATED_OSMIUM;XIRECS;10015.0;3
627856;;;INTARIAN_PEPPER_ROOT;XIRECS;21634.0;7
628886;;;ASH_COATED_OSMIUM;XIRECS;10011.0;6
630970;;;ASH_COATED_OSMIUM;XIRECS;10001.0;5
633201;;;INTARIAN_PEPPER_ROOT;XIRECS;21626.0;3
635371;;;ASH_COATED_OSMIUM;XIRECS;9994.0;8
637057;;;INTARIAN_PEPPER_ROOT;XIRECS;21630.0;7
638474;;;INTARIAN_PEPPER_ROOT;XIRECS;21646.0;7
639354;;;ASH_COATED_OSMIUM;XIRECS;9997.0;2
639633;;;INTARIAN_PEPPER_ROOT;XIRECS;21630.0;5
639714;;;INTARIAN_PEPPER_ROOT;XIRECS;21632.0;6
639762;;;ASH_COATED_OSMIUM;XIRECS;10009.0;6
640527;;;ASH_COATED_OSMIUM;XIRECS;10007.0;9
640782;;;ASH_COATED_OSMIUM;XIRECS;10013.0;5
640906;;;ASH_COATED_OSMIUM;XIRECS;9991.0;4
642804;;;INTARIAN_PEPPER_ROOT;XIRECS;21642.0;6
643281;;;ASH_COATED_OSMIUM;XIRECS;9999.0;6
645364;;;INTARIAN_PEPPER_ROOT;XIRECS;21652.0;7
646162;;;INTARIAN_PEPPER_ROOT;XIRECS;21654.0;7
647831;;;ASH_COATED_OSMIUM;XIRECS;10011.0;2
650240;;;INTARIAN_PEPPER_ROOT;XIRECS;21643.0;5
652145;;;ASH_COATED_OSMIUM;XIRECS;9996.0;8
652471;;;ASH_COATED_OSMIUM;XIRECS;10007.0;4
654030;;;INTARIAN_PEPPER_ROOT;XIRECS;21646.0;3
657569;;;ASH_COATED_OSMIUM;XIRECS;9995.0;6
657745;;;ASH_COATED_OSMIUM;XIRECS;9990.0;3
658388;;;ASH_COATED_OSMIUM;XIRECS;9986.0;3
659270;;;INTARIAN_PEPPER_ROOT;XIRECS;21667.0;5
659667;;;ASH_COATED_OSMIUM;XIRECS;9991.0;5
660083;;;ASH_COATED_OSMIUM;XIRECS;10004.0;3
660712;;;INTARIAN_PEPPER_ROOT;XIRECS;21667.0;3
660765;;;INTARIAN_PEPPER_ROOT;XIRECS;21653.0;4
661883;;;ASH_COATED_OSMIUM;XIRECS;9992.0;10
665594;;;ASH_COATED_OSMIUM;XIRECS;9986.0;5
666080;;;ASH_COATED_OSMIUM;XIRECS;10003.0;4
666839;;;ASH_COATED_OSMIUM;XIRECS;9989.0;5
668615;;;INTARIAN_PEPPER_ROOT;XIRECS;21675.0;5
668786;;;INTARIAN_PEPPER_ROOT;XIRECS;21661.0;7
670623;;;ASH_COATED_OSMIUM;XIRECS;10011.0;6
670658;;;INTARIAN_PEPPER_ROOT;XIRECS;21674.0;8
671297;;;ASH_COATED_OSMIUM;XIRECS;9989.0;2
671351;;;INTARIAN_PEPPER_ROOT;XIRECS;21674.0;5
672045;;;INTARIAN_PEPPER_ROOT;XIRECS;21683.0;6
676953;;;ASH_COATED_OSMIUM;XIRECS;9993.0;5
677392;;;ASH_COATED_OSMIUM;XIRECS;10004.0;2
678702;;;ASH_COATED_OSMIUM;XIRECS;10000.0;5
680447;;;ASH_COATED_OSMIUM;XIRECS;10009.0;6
681699;;;INTARIAN_PEPPER_ROOT;XIRECS;21677.0;6
683086;;;ASH_COATED_OSMIUM;XIRECS;9984.0;4
684526;;;INTARIAN_PEPPER_ROOT;XIRECS;21693.0;4
685490;;;ASH_COATED_OSMIUM;XIRECS;9990.0;3
689038;;;INTARIAN_PEPPER_ROOT;XIRECS;21694.0;7
689686;;;ASH_COATED_OSMIUM;XIRECS;10000.0;7
689978;;;ASH_COATED_OSMIUM;XIRECS;10005.0;2
691816;;;INTARIAN_PEPPER_ROOT;XIRECS;21688.0;4
692922;;;ASH_COATED_OSMIUM;XIRECS;9988.0;3
693233;;;INTARIAN_PEPPER_ROOT;XIRECS;21687.0;6
694065;;;INTARIAN_PEPPER_ROOT;XIRECS;21683.0;3
694414;;;ASH_COATED_OSMIUM;XIRECS;9991.0;5
695188;;;ASH_COATED_OSMIUM;XIRECS;9991.0;7
696018;;;ASH_COATED_OSMIUM;XIRECS;10007.0;6
696326;;;INTARIAN_PEPPER_ROOT;XIRECS;21698.0;7
699305;;;ASH_COATED_OSMIUM;XIRECS;10004.0;5
699538;;;ASH_COATED_OSMIUM;XIRECS;10000.0;6
700253;;;ASH_COATED_OSMIUM;XIRECS;10008.0;6
701193;;;INTARIAN_PEPPER_ROOT;XIRECS;21711.0;6
702226;;;INTARIAN_PEPPER_ROOT;XIRECS;21691.0;4
702902;;;ASH_COATED_OSMIUM;XIRECS;9994.0;10
704506;;;INTARIAN_PEPPER_ROOT;XIRECS;21697.0;5
705139;;;INTARIAN_PEPPER_ROOT;XIRECS;21701.0;6
709456;;;ASH_COATED_OSMIUM;XIRECS;10006.0;4
710328;;;ASH_COATED_OSMIUM;XIRECS;10010.0;6
710377;;;ASH_COATED_OSMIUM;XIRECS;9994.0;8
711031;;;ASH_COATED_OSMIUM;XIRECS;9989.0;8
711644;;;INTARIAN_PEPPER_ROOT;XIRECS;21716.0;7
712243;;;ASH_COATED_OSMIUM;XIRECS;9989.0;2
712786;;;INTARIAN_PEPPER_ROOT;XIRECS;21718.0;3
715107;;;INTARIAN_PEPPER_ROOT;XIRECS;21722.0;6
715517;;;INTARIAN_PEPPER_ROOT;XIRECS;21725.0;4
717438;;;ASH_COATED_OSMIUM;XIRECS;9990.0;10
719092;;;ASH_COATED_OSMIUM;XIRECS;9990.0;3
719115;;;ASH_COATED_OSMIUM;XIRECS;10006.0;2
719718;;;INTARIAN_PEPPER_ROOT;XIRECS;21708.0;6
720832;;;INTARIAN_PEPPER_ROOT;XIRECS;21731.0;7
723634;;;ASH_COATED_OSMIUM;XIRECS;9986.0;3
725332;;;INTARIAN_PEPPER_ROOT;XIRECS;21732.0;7
725404;;;ASH_COATED_OSMIUM;XIRECS;9982.0;5
728263;;;INTARIAN_PEPPER_ROOT;XIRECS;21721.0;3
728451;;;ASH_COATED_OSMIUM;XIRECS;9991.0;6
729651;;;ASH_COATED_OSMIUM;XIRECS;10002.0;3
731339;;;INTARIAN_PEPPER_ROOT;XIRECS;21725.0;4
733533;;;ASH_COATED_OSMIUM;XIRECS;10005.0;5
735196;;;ASH_COATED_OSMIUM;XIRECS;10003.0;2
735831;;;INTARIAN_PEPPER_ROOT;XIRECS;21729.0;7
736057;;;INTARIAN_PEPPER_ROOT;XIRECS;21745.0;3
737233;;;INTARIAN_PEPPER_ROOT;XIRECS;21733.0;4
738357;;;INTARIAN_PEPPER_ROOT;XIRECS;21729.0;6
738431;;;ASH_COATED_OSMIUM;XIRECS;9987.0;6
741943;;;INTARIAN_PEPPER_ROOT;XIRECS;21733.0;3
742050;;;INTARIAN_PEPPER_ROOT;XIRECS;21734.0;6
743432;;;ASH_COATED_OSMIUM;XIRECS;9996.0;7
743910;;;INTARIAN_PEPPER_ROOT;XIRECS;21753.0;7
744230;;;INTARIAN_PEPPER_ROOT;XIRECS;21747.0;6
744492;;;INTARIAN_PEPPER_ROOT;XIRECS;21736.0;6
745075;;;ASH_COATED_OSMIUM;XIRECS;10007.0;6
745119;;;INTARIAN_PEPPER_ROOT;XIRECS;21739.0;7
745152;;;INTARIAN_PEPPER_ROOT;XIRECS;21750.0;3
745183;;;INTARIAN_PEPPER_ROOT;XIRECS;21739.0;6
745354;;;ASH_COATED_OSMIUM;XIRECS;9990.0;3
745652;;;INTARIAN_PEPPER_ROOT;XIRECS;21748.0;7
747945;;;INTARIAN_PEPPER_ROOT;XIRECS;21755.0;5
748299;;;INTARIAN_PEPPER_ROOT;XIRECS;21751.0;7
749225;;;ASH_COATED_OSMIUM;XIRECS;9991.0;6
753779;;;ASH_COATED_OSMIUM;XIRECS;10012.0;5
755242;;;ASH_COATED_OSMIUM;XIRECS;10013.0;6
755661;;;INTARIAN_PEPPER_ROOT;XIRECS;21762.0;4
757108;;;INTARIAN_PEPPER_ROOT;XIRECS;21751.0;7
759216;;;ASH_COATED_OSMIUM;XIRECS;9991.0;8
759367;;;ASH_COATED_OSMIUM;XIRECS;9989.0;6
760611;;;INTARIAN_PEPPER_ROOT;XIRECS;21754.0;6
761023;;;ASH_COATED_OSMIUM;XIRECS;10013.0;3
761300;;;ASH_COATED_OSMIUM;XIRECS;9991.0;9
762864;;;INTARIAN_PEPPER_ROOT;XIRECS;21759.0;6
762997;;;ASH_COATED_OSMIUM;XIRECS;9990.0;6
763729;;;INTARIAN_PEPPER_ROOT;XIRECS;21755.0;4
763827;;;ASH_COATED_OSMIUM;XIRECS;10010.0;6
763868;;;ASH_COATED_OSMIUM;XIRECS;9994.0;4
766389;;;INTARIAN_PEPPER_ROOT;XIRECS;21760.0;6
766497;;;INTARIAN_PEPPER_ROOT;XIRECS;21771.0;5
767614;;;ASH_COATED_OSMIUM;XIRECS;10009.0;10
768044;;;INTARIAN_PEPPER_ROOT;XIRECS;21772.0;4
768491;;;ASH_COATED_OSMIUM;XIRECS;10008.0;5
770092;;;ASH_COATED_OSMIUM;XIRECS;9990.0;5
770292;;;INTARIAN_PEPPER_ROOT;XIRECS;21764.0;5
771150;;;INTARIAN_PEPPER_ROOT;XIRECS;21765.0;4
771250;;;ASH_COATED_OSMIUM;XIRECS;10014.0;6
771354;;;ASH_COATED_OSMIUM;XIRECS;9997.0;3
772229;;;INTARIAN_PEPPER_ROOT;XIRECS;21778.0;7
772784;;;INTARIAN_PEPPER_ROOT;XIRECS;21771.0;7
773814;;;ASH_COATED_OSMIUM;XIRECS;10016.0;4
780126;;;ASH_COATED_OSMIUM;XIRECS;10010.0;5
782424;;;INTARIAN_PEPPER_ROOT;XIRECS;21793.0;4
783164;;;ASH_COATED_OSMIUM;XIRECS;9994.0;8
783316;;;INTARIAN_PEPPER_ROOT;XIRECS;21771.0;7
784899;;;ASH_COATED_OSMIUM;XIRECS;10009.0;4
785519;;;ASH_COATED_OSMIUM;XIRECS;9997.0;7
785627;;;INTARIAN_PEPPER_ROOT;XIRECS;21771.0;3
786187;;;ASH_COATED_OSMIUM;XIRECS;10008.0;5
786352;;;INTARIAN_PEPPER_ROOT;XIRECS;21781.0;5
786596;;;ASH_COATED_OSMIUM;XIRECS;9997.0;5
788323;;;ASH_COATED_OSMIUM;XIRECS;10006.0;5
789652;;;ASH_COATED_OSMIUM;XIRECS;10008.0;2
790857;;;INTARIAN_PEPPER_ROOT;XIRECS;21797.0;7
791006;;;ASH_COATED_OSMIUM;XIRECS;9983.0;3
793732;;;ASH_COATED_OSMIUM;XIRECS;10007.0;6
793864;;;INTARIAN_PEPPER_ROOT;XIRECS;21802.0;6
793921;;;ASH_COATED_OSMIUM;XIRECS;9988.0;4
795994;;;ASH_COATED_OSMIUM;XIRECS;9991.0;4
797424;;;ASH_COATED_OSMIUM;XIRECS;9999.0;2
801479;;;INTARIAN_PEPPER_ROOT;XIRECS;21796.0;5
803584;;;ASH_COATED_OSMIUM;XIRECS;10001.0;7
803668;;;INTARIAN_PEPPER_ROOT;XIRECS;21811.0;7
803754;;;INTARIAN_PEPPER_ROOT;XIRECS;21795.0;4
805665;;;INTARIAN_PEPPER_ROOT;XIRECS;21800.0;5
806501;;;INTARIAN_PEPPER_ROOT;XIRECS;21798.0;3
807897;;;ASH_COATED_OSMIUM;XIRECS;10004.0;6
807915;;;INTARIAN_PEPPER_ROOT;XIRECS;21810.0;7
809900;;;INTARIAN_PEPPER_ROOT;XIRECS;21805.0;3
810514;;;INTARIAN_PEPPER_ROOT;XIRECS;21800.0;6
811066;;;INTARIAN_PEPPER_ROOT;XIRECS;21801.0;6
811912;;;ASH_COATED_OSMIUM;XIRECS;9988.0;4
813665;;;ASH_COATED_OSMIUM;XIRECS;9992.0;5
814753;;;INTARIAN_PEPPER_ROOT;XIRECS;21821.0;7
815987;;;INTARIAN_PEPPER_ROOT;XIRECS;21809.0;7
817693;;;INTARIAN_PEPPER_ROOT;XIRECS;21811.0;3
818544;;;ASH_COATED_OSMIUM;XIRECS;9989.0;3
819427;;;INTARIAN_PEPPER_ROOT;XIRECS;21820.0;7
819496;;;ASH_COATED_OSMIUM;XIRECS;9994.0;4
819542;;;ASH_COATED_OSMIUM;XIRECS;10013.0;3
820310;;;INTARIAN_PEPPER_ROOT;XIRECS;21826.0;5
821089;;;INTARIAN_PEPPER_ROOT;XIRECS;21822.0;3
821309;;;ASH_COATED_OSMIUM;XIRECS;10013.0;2
823526;;;INTARIAN_PEPPER_ROOT;XIRECS;21829.0;5
824070;;;ASH_COATED_OSMIUM;XIRECS;10007.0;7
825392;;;INTARIAN_PEPPER_ROOT;XIRECS;21822.0;5
826168;;;ASH_COATED_OSMIUM;XIRECS;9995.0;5
826206;;;INTARIAN_PEPPER_ROOT;XIRECS;21830.0;3
826540;;;ASH_COATED_OSMIUM;XIRECS;10009.0;5
826655;;;ASH_COATED_OSMIUM;XIRECS;10010.0;3
827301;;;ASH_COATED_OSMIUM;XIRECS;10001.0;9
832667;;;ASH_COATED_OSMIUM;XIRECS;9987.0;3
833925;;;ASH_COATED_OSMIUM;XIRECS;10004.0;4
837777;;;ASH_COATED_OSMIUM;XIRECS;9993.0;3
837868;;;ASH_COATED_OSMIUM;XIRECS;10009.0;3
839082;;;INTARIAN_PEPPER_ROOT;XIRECS;21832.0;7
840385;;;ASH_COATED_OSMIUM;XIRECS;9996.0;3
840666;;;ASH_COATED_OSMIUM;XIRECS;9995.0;4
842022;;;ASH_COATED_OSMIUM;XIRECS;10010.0;9
842463;;;INTARIAN_PEPPER_ROOT;XIRECS;21846.0;6
842841;;;ASH_COATED_OSMIUM;XIRECS;10013.0;7
844207;;;INTARIAN_PEPPER_ROOT;XIRECS;21844.0;3
844394;;;INTARIAN_PEPPER_ROOT;XIRECS;21837.0;7
846147;;;ASH_COATED_OSMIUM;XIRECS;9999.0;6
847264;;;ASH_COATED_OSMIUM;XIRECS;10008.0;5
850151;;;ASH_COATED_OSMIUM;XIRECS;9996.0;5
851922;;;ASH_COATED_OSMIUM;XIRECS;9996.0;3
852495;;;INTARIAN_PEPPER_ROOT;XIRECS;21861.0;3
855064;;;INTARIAN_PEPPER_ROOT;XIRECS;21851.0;6
857098;;;ASH_COATED_OSMIUM;XIRECS;9994.0;3
857482;;;ASH_COATED_OSMIUM;XIRECS;10018.0;9
861738;;;ASH_COATED_OSMIUM;XIRECS;10011.0;5
865812;;;ASH_COATED_OSMIUM;XIRECS;10002.0;5
868524;;;INTARIAN_PEPPER_ROOT;XIRECS;21874.0;4
871501;;;INTARIAN_PEPPER_ROOT;XIRECS;21863.0;4
871654;;;ASH_COATED_OSMIUM;XIRECS;10001.0;2
872790;;;INTARIAN_PEPPER_ROOT;XIRECS;21879.0;6
874074;;;ASH_COATED_OSMIUM;XIRECS;9995.0;5
876890;;;INTARIAN_PEPPER_ROOT;XIRECS;21871.0;5
877983;;;ASH_COATED_OSMIUM;XIRECS;10001.0;6
878155;;;INTARIAN_PEPPER_ROOT;XIRECS;21885.0;7
879085;;;INTARIAN_PEPPER_ROOT;XIRECS;21887.0;6
881752;;;INTARIAN_PEPPER_ROOT;XIRECS;21888.0;3
883014;;;INTARIAN_PEPPER_ROOT;XIRECS;21877.0;5
883874;;;ASH_COATED_OSMIUM;XIRECS;9993.0;6
887690;;;ASH_COATED_OSMIUM;XIRECS;10006.0;9
888165;;;INTARIAN_PEPPER_ROOT;XIRECS;21894.0;5
888474;;;INTARIAN_PEPPER_ROOT;XIRECS;21896.0;6
889264;;;ASH_COATED_OSMIUM;XIRECS;9993.0;7
890000;;;ASH_COATED_OSMIUM;XIRECS;9991.0;6
891093;;;INTARIAN_PEPPER_ROOT;XIRECS;21885.0;6
892779;;;ASH_COATED_OSMIUM;XIRECS;10002.0;4
893043;;;INTARIAN_PEPPER_ROOT;XIRECS;21899.0;7
895418;;;ASH_COATED_OSMIUM;XIRECS;9984.0;5
896540;;;ASH_COATED_OSMIUM;XIRECS;10003.0;4
898102;;;ASH_COATED_OSMIUM;XIRECS;10006.0;4
899694;;;INTARIAN_PEPPER_ROOT;XIRECS;21907.0;7
900181;;;INTARIAN_PEPPER_ROOT;XIRECS;21909.0;8
901506;;;ASH_COATED_OSMIUM;XIRECS;10000.0;2
902440;;;INTARIAN_PEPPER_ROOT;XIRECS;21896.0;7
904361;;;ASH_COATED_OSMIUM;XIRECS;10000.0;7
905961;;;ASH_COATED_OSMIUM;XIRECS;10005.0;5
906031;;;ASH_COATED_OSMIUM;XIRECS;9983.0;3
906754;;;ASH_COATED_OSMIUM;XIRECS;9989.0;3
907015;;;ASH_COATED_OSMIUM;XIRECS;10005.0;3
907241;;;ASH_COATED_OSMIUM;XIRECS;10001.0;5
907689;;;INTARIAN_PEPPER_ROOT;XIRECS;21910.0;3
913798;;;ASH_COATED_OSMIUM;XIRECS;10004.0;6
914178;;;INTARIAN_PEPPER_ROOT;XIRECS;21907.0;4
914297;;;ASH_COATED_OSMIUM;XIRECS;9996.0;6
914623;;;ASH_COATED_OSMIUM;XIRECS;10004.0;6
916331;;;INTARIAN_PEPPER_ROOT;XIRECS;21928.0;3
916522;;;ASH_COATED_OSMIUM;XIRECS;9989.0;2
917167;;;INTARIAN_PEPPER_ROOT;XIRECS;21922.0;3
917456;;;ASH_COATED_OSMIUM;XIRECS;9982.0;3
919251;;;ASH_COATED_OSMIUM;XIRECS;9982.0;4
919721;;;ASH_COATED_OSMIUM;XIRECS;9987.0;10
920379;;;INTARIAN_PEPPER_ROOT;XIRECS;21926.0;7
921654;;;INTARIAN_PEPPER_ROOT;XIRECS;21925.0;6
921909;;;INTARIAN_PEPPER_ROOT;XIRECS;21929.0;5
923672;;;ASH_COATED_OSMIUM;XIRECS;10005.0;5
924449;;;INTARIAN_PEPPER_ROOT;XIRECS;21928.0;7
925038;;;INTARIAN_PEPPER_ROOT;XIRECS;21928.0;4
925278;;;ASH_COATED_OSMIUM;XIRECS;9986.0;3
928746;;;ASH_COATED_OSMIUM;XIRECS;9998.0;10
930790;;;INTARIAN_PEPPER_ROOT;XIRECS;21937.0;6
931190;;;INTARIAN_PEPPER_ROOT;XIRECS;21922.0;4
932851;;;ASH_COATED_OSMIUM;XIRECS;10007.0;5
934189;;;ASH_COATED_OSMIUM;XIRECS;10006.0;6
939475;;;ASH_COATED_OSMIUM;XIRECS;9988.0;2
940247;;;ASH_COATED_OSMIUM;XIRECS;9982.0;9
942116;;;ASH_COATED_OSMIUM;XIRECS;10007.0;9
942891;;;INTARIAN_PEPPER_ROOT;XIRECS;21954.0;5
944326;;;INTARIAN_PEPPER_ROOT;XIRECS;21951.0;7
945113;;;ASH_COATED_OSMIUM;XIRECS;9989.0;8
946226;;;ASH_COATED_OSMIUM;XIRECS;10009.0;5
948595;;;ASH_COATED_OSMIUM;XIRECS;10011.0;10
948698;;;ASH_COATED_OSMIUM;XIRECS;10016.0;5
948739;;;ASH_COATED_OSMIUM;XIRECS;10017.0;2
949774;;;ASH_COATED_OSMIUM;XIRECS;10008.0;4
949989;;;ASH_COATED_OSMIUM;XIRECS;9993.0;5
952284;;;ASH_COATED_OSMIUM;XIRECS;9997.0;3
957707;;;INTARIAN_PEPPER_ROOT;XIRECS;21949.0;3
958567;;;ASH_COATED_OSMIUM;XIRECS;9988.0;3
958920;;;INTARIAN_PEPPER_ROOT;XIRECS;21952.0;7
959601;;;ASH_COATED_OSMIUM;XIRECS;9995.0;2
960882;;;ASH_COATED_OSMIUM;XIRECS;9995.0;4
963839;;;INTARIAN_PEPPER_ROOT;XIRECS;21959.0;6
967341;;;INTARIAN_PEPPER_ROOT;XIRECS;21962.0;7
967834;;;INTARIAN_PEPPER_ROOT;XIRECS;21960.0;3
967895;;;ASH_COATED_OSMIUM;XIRECS;9997.0;3
969115;;;INTARIAN_PEPPER_ROOT;XIRECS;21977.0;5
970983;;;INTARIAN_PEPPER_ROOT;XIRECS;21965.0;4
971901;;;INTARIAN_PEPPER_ROOT;XIRECS;21966.0;5
973623;;;INTARIAN_PEPPER_ROOT;XIRECS;21975.0;6
973748;;;INTARIAN_PEPPER_ROOT;XIRECS;21981.0;4
977748;;;INTARIAN_PEPPER_ROOT;XIRECS;21983.0;7
977971;;;ASH_COATED_OSMIUM;XIRECS;10007.0;5
983089;;;ASH_COATED_OSMIUM;XIRECS;9995.0;5
984140;;;INTARIAN_PEPPER_ROOT;XIRECS;21975.0;3
985051;;;ASH_COATED_OSMIUM;XIRECS;10014.0;4
985332;;;ASH_COATED_OSMIUM;XIRECS;9999.0;9
987550;;;ASH_COATED_OSMIUM;XIRECS;10009.0;6
988734;;;INTARIAN_PEPPER_ROOT;XIRECS;21995.0;3
989328;;;INTARIAN_PEPPER_ROOT;XIRECS;21994.0;4
991724;;;ASH_COATED_OSMIUM;XIRECS;10001.0;9
992340;;;ASH_COATED_OSMIUM;XIRECS;10004.0;10
992553;;;INTARIAN_PEPPER_ROOT;XIRECS;22003.0;6
993420;;;ASH_COATED_OSMIUM;XIRECS;10004.0;4
993645;;;ASH_COATED_OSMIUM;XIRECS;10003.0;6
994326;;;INTARIAN_PEPPER_ROOT;XIRECS;21998.0;6
994621;;;ASH_COATED_OSMIUM;XIRECS;10021.0;5
998312;;;INTARIAN_PEPPER_ROOT;XIRECS;22006.0;3
998472;;;ASH_COATED_OSMIUM;XIRECS;10002.0;6
998821;;;INTARIAN_PEPPER_ROOT;XIRECS;21991.0;4
999813;;;ASH_COATED_OSMIUM;XIRECS;10015.0;6
999815;;;ASH_COATED_OSMIUM;XIRECS;10015.0;9
999829;;;ASH_COATED_OSMIUM;XIRECS;9996.0;4