timestamp;buyer;seller;symbol;currency;price;quantity
1321;;;INTARIAN_PEPPER_ROOT;XIRECS;59996.0;6
2165;;;INTARIAN_PEPPER_ROOT;XIRECS;60009.0;6
3232;;;INTARIAN_PEPPER_ROOT;XIRECS;60008.0;3
3823;;;INTARIAN_PEPPER_ROOT;XIRECS;60010.0;4
6406;;;ASH_COATED_OSMIUM;XIRECS;10012.0;4
8897;;;INTARIAN_PEPPER_ROOT;XIRECS;60004.0;7
9514;;;INTARIAN_PEPPER_ROOT;XIRECS;60014.0;6
10547;;;INTARIAN_PEPPER_ROOT;XIRECS;60007.0;7
10614;;;ASH_COATED_OSMIUM;XIRECS;10001.0;8
11170;;;ASH_COATED_OSMIUM;XIRECS;10005.0;8
11539;;;INTARIAN_PEPPER_ROOT;XIRECS;60001.0;3
11665;;;INTARIAN_PEPPER_ROOT;XIRECS;60015.0;5
12612;;;ASH_COATED_OSMIUM;XIRECS;10000.0;9
12896;;;ASH_COATED_OSMIUM;XIRECS;9983.0;3
13735;;;ASH_COATED_OSMIUM;XIRECS;10018.0;5
15982;;;INTARIAN_PEPPER_ROOT;XIRECS;60011.0;5
16989;;;ASH_COATED_OSMIUM;XIRECS;10004.0;10
18202;;;INTARIAN_PEPPER_ROOT;XIRECS;60022.0;4
21111;;;ASH_COATED_OSMIUM;XIRECS;9991.0;4
23754;;;ASH_COATED_OSMIUM;XIRECS;10012.0;10
24417;;;ASH_COATED_OSMIUM;XIRECS;10008.0;6
24425;;;ASH_COATED_OSMIUM;XIRECS;10008.0;10
29163;;;INTARIAN_PEPPER_ROOT;XIRECS;60035.0;6
30101;;;ASH_COATED_OSMIUM;XIRECS;10016.0;6
33549;;;INTARIAN_PEPPER_ROOT;XIRECS;60040.0;6
34649;;;INTARIAN_PEPPER_ROOT;XIRECS;60039.0;3
36793;;;ASH_COATED_OSMIUM;XIRECS;10010.0;5
37164;;;ASH_COATED_OSMIUM;XIRECS;10007.0;6
37499;;;ASH_COATED_OSMIUM;XIRECS;9982.0;5
38887;;;INTARIAN_PEPPER_ROOT;XIRECS;60033.0;6
40188;;;ASH_COATED_OSMIUM;XIRECS;9987.0;2
40438;;;ASH_COATED_OSMIUM;XIRECS;10010.0;8
43437;;;INTARIAN_PEPPER_ROOT;XIRECS;60032.0;4
43584;;;ASH_COATED_OSMIUM;XIRECS;10010.0;4
44323;;;ASH_COATED_OSMIUM;XIRECS;10012.0;6
44916;;;ASH_COATED_OSMIUM;XIRECS;9996.0;8
46709;;;ASH_COATED_OSMIUM;XIRECS;9990.0;4
48224;;;INTARIAN_PEPPER_ROOT;XIRECS;60055.0;5
49666;;;ASH_COATED_OSMIUM;XIRECS;10004.0;2
50092;;;ASH_COATED_OSMIUM;XIRECS;9996.0;7
50932;;;ASH_COATED_OSMIUM;XIRECS;9983.0;7
50934;;;INTARIAN_PEPPER_ROOT;XIRECS;60054.0;6
51209;;;INTARIAN_PEPPER_ROOT;XIRECS;60051.0;3
51758;;;ASH_COATED_OSMIUM;XIRECS;9984.0;5
52003;;;ASH_COATED_OSMIUM;XIRECS;10008.0;5
52728;;;INTARIAN_PEPPER_ROOT;XIRECS;60047.0;6
53625;;;ASH_COATED_OSMIUM;XIRECS;9992.0;5
55361;;;INTARIAN_PEPPER_ROOT;XIRECS;60049.0;5
55897;;;INTARIAN_PEPPER_ROOT;XIRECS;60049.0;7
56190;;;ASH_COATED_OSMIUM;XIRECS;9986.0;8
56545;;;ASH_COATED_OSMIUM;XIRECS;9988.0;4
56954;;;INTARIAN_PEPPER_ROOT;XIRECS;60067.0;6
62220;;;ASH_COATED_OSMIUM;XIRECS;9985.0;3
62788;;;ASH_COATED_OSMIUM;XIRECS;9994.0;5
63288;;;INTARIAN_PEPPER_ROOT;XIRECS;60054.0;3
63938;;;INTARIAN_PEPPER_ROOT;XIRECS;60062.0;5
64841;;;INTARIAN_PEPPER_ROOT;XIRECS;60058.0;7
64901;;;ASH_COATED_OSMIUM;XIRECS;10011.0;8
67481;;;ASH_COATED_OSMIUM;XIRECS;9996.0;5
71490;;;ASH_COATED_OSMIUM;XIRECS;9991.0;5
73526;;;INTARIAN_PEPPER_ROOT;XIRECS;60076.0;4
77865;;;ASH_COATED_OSMIUM;XIRECS;9987.0;3
78271;;;INTARIAN_PEPPER_ROOT;XIRECS;60083.0;6
78540;;;INTARIAN_PEPPER_ROOT;XIRECS;60070.0;7
80870;;;ASH_COATED_OSMIUM;XIRECS;10014.0;5
83604;;;INTARIAN_PEPPER_ROOT;XIRECS;60092.0;5
86214;;;INTARIAN_PEPPER_ROOT;XIRECS;60089.0;6
86331;;;INTARIAN_PEPPER_ROOT;XIRECS;60083.0;4
87209;;;INTARIAN_PEPPER_ROOT;XIRECS;60080.0;6
90198;;;INTARIAN_PEPPER_ROOT;XIRECS;60098.0;3
90911;;;ASH_COATED_OSMIUM;XIRECS;10008.0;4
93015;;;ASH_COATED_OSMIUM;XIRECS;9988.0;3
93503;;;ASH_COATED_OSMIUM;XIRECS;9992.0;5
94809;;;ASH_COATED_OSMIUM;XIRECS;10000.0;6
95013;;;ASH_COATED_OSMIUM;XIRECS;10006.0;5
95083;;;INTARIAN_PEPPER_ROOT;XIRECS;60090.0;4
95400;;;ASH_COATED_OSMIUM;XIRECS;9988.0;8
96045;;;ASH_COATED_OSMIUM;XIRECS;10002.0;3
96552;;;ASH_COATED_OSMIUM;XIRECS;9985.0;3
97426;;;INTARIAN_PEPPER_ROOT;XIRECS;60091.0;6
99014;;;INTARIAN_PEPPER_ROOT;XIRECS;60104.0;5
100649;;;INTARIAN_PEPPER_ROOT;XIRECS;60106.0;4
100747;;;ASH_COATED_OSMIUM;XIRECS;10012.0;5
103549;;;ASH_COATED_OSMIUM;XIRECS;10009.0;4
103820;;;ASH_COATED_OSMIUM;XIRECS;10001.0;2
104432;;;ASH_COATED_OSMIUM;XIRECS;10012.0;9
105300;;;INTARIAN_PEPPER_ROOT;XIRECS;60103.0;6
106082;;;INTARIAN_PEPPER_ROOT;XIRECS;60101.0;5
107547;;;ASH_COATED_OSMIUM;XIRECS;9996.0;3
111909;;;INTARIAN_PEPPER_ROOT;XIRECS;60121.0;8
111956;;;INTARIAN_PEPPER_ROOT;XIRECS;60121.0;8
112831;;;ASH_COATED_OSMIUM;XIRECS;10003.0;3
113246;;;INTARIAN_PEPPER_ROOT;XIRECS;60113.0;6
114998;;;ASH_COATED_OSMIUM;XIRECS;9986.0;5
115629;;;ASH_COATED_OSMIUM;XIRECS;10013.0;3
117685;;;ASH_COATED_OSMIUM;XIRECS;10003.0;6
117701;;;ASH_COATED_OSMIUM;XIRECS;9989.0;4
119667;;;ASH_COATED_OSMIUM;XIRECS;10003.0;8
119873;;;INTARIAN_PEPPER_ROOT;XIRECS;60113.0;6
120854;;;ASH_COATED_OSMIUM;XIRECS;9989.0;9
120915;;;INTARIAN_PEPPER_ROOT;XIRECS;60116.0;6
121628;;;ASH_COATED_OSMIUM;XIRECS;9982.0;6
122440;;;INTARIAN_PEPPER_ROOT;XIRECS;60117.0;3
122965;;;ASH_COATED_OSMIUM;XIRECS;9987.0;4
123145;;;ASH_COATED_OSMIUM;XIRECS;10009.0;3
125194;;;ASH_COATED_OSMIUM;XIRECS;10004.0;9
128571;;;ASH_COATED_OSMIUM;XIRECS;10011.0;5
128938;;;ASH_COATED_OSMIUM;XIRECS;9997.0;9
131447;;;INTARIAN_PEPPER_ROOT;XIRECS;60140.0;6
132844;;;ASH_COATED_OSMIUM;XIRECS;10007.0;4
132922;;;INTARIAN_PEPPER_ROOT;XIRECS;60125.0;6
133171;;;INTARIAN_PEPPER_ROOT;XIRECS;60128.0;3
133577;;;ASH_COATED_OSMIUM;XIRECS;10010.0;6
133900;;;ASH_COATED_OSMIUM;XIRECS;9984.0;2
136696;;;ASH_COATED_OSMIUM;XIRECS;9996.0;9
141873;;;ASH_COATED_OSMIUM;XIRECS;10011.0;7
141978;;;ASH_COATED_OSMIUM;XIRECS;10010.0;3
142400;;;ASH_COATED_OSMIUM;XIRECS;9995.0;8
143804;;;INTARIAN_PEPPER_ROOT;XIRECS;60136.0;3
144047;;;ASH_COATED_OSMIUM;XIRECS;10008.0;5
144838;;;INTARIAN_PEPPER_ROOT;XIRECS;60139.0;3
146981;;;INTARIAN_PEPPER_ROOT;XIRECS;60142.0;7
149455;;;ASH_COATED_OSMIUM;XIRECS;9998.0;5
150037;;;INTARIAN_PEPPER_ROOT;XIRECS;60156.0;8
150208;;;INTARIAN_PEPPER_ROOT;XIRECS;60144.0;7
152136;;;INTARIAN_PEPPER_ROOT;XIRECS;60143.0;4
152504;;;ASH_COATED_OSMIUM;XIRECS;10007.0;3
152722;;;INTARIAN_PEPPER_ROOT;XIRECS;60159.0;3
155205;;;INTARIAN_PEPPER_ROOT;XIRECS;60162.0;3
155528;;;ASH_COATED_OSMIUM;XIRECS;9973.0;4
157210;;;ASH_COATED_OSMIUM;XIRECS;9996.0;3
158421;;;ASH_COATED_OSMIUM;XIRECS;10007.0;8
158451;;;ASH_COATED_OSMIUM;XIRECS;10007.0;8
158975;;;ASH_COATED_OSMIUM;XIRECS;9997.0;7
159147;;;INTARIAN_PEPPER_ROOT;XIRECS;60166.0;4
160893;;;INTARIAN_PEPPER_ROOT;XIRECS;60169.0;6
165582;;;ASH_COATED_OSMIUM;XIRECS;9995.0;6
166740;;;ASH_COATED_OSMIUM;XIRECS;9987.0;7
167493;;;INTARIAN_PEPPER_ROOT;XIRECS;60163.0;6
167757;;;ASH_COATED_OSMIUM;XIRECS;10010.0;6
168875;;;ASH_COATED_OSMIUM;XIRECS;10016.0;7
170744;;;ASH_COATED_OSMIUM;XIRECS;9984.0;4
172027;;;ASH_COATED_OSMIUM;XIRECS;9982.0;2
172639;;;INTARIAN_PEPPER_ROOT;XIRECS;60180.0;6
173548;;;ASH_COATED_OSMIUM;XIRECS;10011.0;10
173914;;;INTARIAN_PEPPER_ROOT;XIRECS;60184.0;8
174204;;;ASH_COATED_OSMIUM;XIRECS;9998.0;7
174493;;;ASH_COATED_OSMIUM;XIRECS;10009.0;3
178833;;;INTARIAN_PEPPER_ROOT;XIRECS;60182.0;3
181038;;;INTARIAN_PEPPER_ROOT;XIRECS;60176.0;3
183620;;;INTARIAN_PEPPER_ROOT;XIRECS;60185.0;6
184340;;;ASH_COATED_OSMIUM;XIRECS;9988.0;4
186197;;;INTARIAN_PEPPER_ROOT;XIRECS;60179.0;3
187403;;;INTARIAN_PEPPER_ROOT;XIRECS;60179.0;7
188474;;;INTARIAN_PEPPER_ROOT;XIRECS;60185.0;4
188541;;;ASH_COATED_OSMIUM;XIRECS;10006.0;5
190984;;;INTARIAN_PEPPER_ROOT;XIRECS;60198.0;4
191267;;;ASH_COATED_OSMIUM;XIRECS;9987.0;3
192179;;;ASH_COATED_OSMIUM;XIRECS;9990.0;2
193087;;;INTARIAN_PEPPER_ROOT;XIRECS;60200.0;3
196753;;;INTARIAN_PEPPER_ROOT;XIRECS;60201.0;6
197133;;;ASH_COATED_OSMIUM;XIRECS;9991.0;5
200631;;;INTARIAN_PEPPER_ROOT;XIRECS;60209.0;6
200963;;;ASH_COATED_OSMIUM;XIRECS;10005.0;6
202344;;;ASH_COATED_OSMIUM;XIRECS;9995.0;4
203649;;;INTARIAN_PEPPER_ROOT;XIRECS;60197.0;7
203751;;;INTARIAN_PEPPER_ROOT;XIRECS;60196.0;3
204433;;;ASH_COATED_OSMIUM;XIRECS;10026.0;4
204894;;;INTARIAN_PEPPER_ROOT;XIRECS;60207.0;4
208440;;;ASH_COATED_OSMIUM;XIRECS;9983.0;3
212313;;;ASH_COATED_OSMIUM;XIRECS;10005.0;7
212833;;;INTARIAN_PEPPER_ROOT;XIRECS;60220.0;6
213050;;;ASH_COATED_OSMIUM;XIRECS;9985.0;8
213461;;;INTARIAN_PEPPER_ROOT;XIRECS;60221.0;5
214081;;;INTARIAN_PEPPER_ROOT;XIRECS;60218.0;6
216131;;;ASH_COATED_OSMIUM;XIRECS;10003.0;10
216192;;;INTARIAN_PEPPER_ROOT;XIRECS;60210.0;5
217970;;;INTARIAN_PEPPER_ROOT;XIRECS;60210.0;3
218118;;;INTARIAN_PEPPER_ROOT;XIRECS;60219.0;3
223502;;;ASH_COATED_OSMIUM;XIRECS;10017.0;3
224239;;;ASH_COATED_OSMIUM;XIRECS;10014.0;2
226926;;;ASH_COATED_OSMIUM;XIRECS;9991.0;4
227188;;;ASH_COATED_OSMIUM;XIRECS;9985.0;3
227389;;;INTARIAN_PEPPER_ROOT;XIRECS;60237.0;5
229844;;;INTARIAN_PEPPER_ROOT;XIRECS;60234.0;3
230274;;;ASH_COATED_OSMIUM;XIRECS;10014.0;3
232572;;;ASH_COATED_OSMIUM;XIRECS;10006.0;7
233338;;;ASH_COATED_OSMIUM;XIRECS;9996.0;8
233976;;;ASH_COATED_OSMIUM;XIRECS;9993.0;3
237257;;;INTARIAN_PEPPER_ROOT;XIRECS;60243.0;4
237850;;;INTARIAN_PEPPER_ROOT;XIRECS;60243.0;7
237956;;;INTARIAN_PEPPER_ROOT;XIRECS;60244.0;3
238074;;;INTARIAN_PEPPER_ROOT;XIRECS;60232.0;5
240117;;;ASH_COATED_OSMIUM;XIRECS;10008.0;6
240443;;;INTARIAN_PEPPER_ROOT;XIRECS;60239.0;7
248078;;;INTARIAN_PEPPER_ROOT;XIRECS;60255.0;5
255057;;;INTARIAN_PEPPER_ROOT;XIRECS;60258.0;4
255156;;;ASH_COATED_OSMIUM;XIRECS;9981.0;5
255801;;;ASH_COATED_OSMIUM;XIRECS;9990.0;6
256052;;;INTARIAN_PEPPER_ROOT;XIRECS;60248.0;5
256213;;;INTARIAN_PEPPER_ROOT;XIRECS;60265.0;7
257990;;;INTARIAN_PEPPER_ROOT;XIRECS;60249.0;8
258254;;;ASH_COATED_OSMIUM;XIRECS;9992.0;5
259314;;;INTARIAN_PEPPER_ROOT;XIRECS;60249.0;5
263146;;;INTARIAN_PEPPER_ROOT;XIRECS;60257.0;3
264304;;;ASH_COATED_OSMIUM;XIRECS;10009.0;4
264526;;;INTARIAN_PEPPER_ROOT;XIRECS;60270.0;4
265631;;;ASH_COATED_OSMIUM;XIRECS;9996.0;9
266699;;;ASH_COATED_OSMIUM;XIRECS;9996.0;7
267078;;;ASH_COATED_OSMIUM;XIRECS;9989.0;6
268221;;;INTARIAN_PEPPER_ROOT;XIRECS;60258.0;5
271241;;;INTARIAN_PEPPER_ROOT;XIRECS;60277.0;6
271304;;;ASH_COATED_OSMIUM;XIRECS;10002.0;5
271401;;;ASH_COATED_OSMIUM;XIRECS;9996.0;4
271624;;;ASH_COATED_OSMIUM;XIRECS;9978.0;4
271958;;;ASH_COATED_OSMIUM;XIRECS;9994.0;9
272214;;;ASH_COATED_OSMIUM;XIRECS;9988.0;6
272949;;;ASH_COATED_OSMIUM;XIRECS;10014.0;4
273004;;;ASH_COATED_OSMIUM;XIRECS;9990.0;10
274138;;;ASH_COATED_OSMIUM;XIRECS;10011.0;7
274749;;;ASH_COATED_OSMIUM;XIRECS;10014.0;5
276558;;;INTARIAN_PEPPER_ROOT;XIRECS;60280.0;5
279164;;;INTARIAN_PEPPER_ROOT;XIRECS;60289.0;3
279982;;;ASH_COATED_OSMIUM;XIRECS;10012.0;4
280424;;;INTARIAN_PEPPER_ROOT;XIRECS;60290.0;5
282527;;;INTARIAN_PEPPER_ROOT;XIRECS;60290.0;3
283930;;;INTARIAN_PEPPER_ROOT;XIRECS;60271.0;5
287130;;;INTARIAN_PEPPER_ROOT;XIRECS;60276.0;5
287653;;;ASH_COATED_OSMIUM;XIRECS;10004.0;3
289535;;;ASH_COATED_OSMIUM;XIRECS;9995.0;5
289874;;;INTARIAN_PEPPER_ROOT;XIRECS;60296.0;6
291670;;;ASH_COATED_OSMIUM;XIRECS;10011.0;4
292120;;;INTARIAN_PEPPER_ROOT;XIRECS;60303.0;3
292784;;;ASH_COATED_OSMIUM;XIRECS;9999.0;8
292800;;;INTARIAN_PEPPER_ROOT;XIRECS;60288.0;3
292893;;;ASH_COATED_OSMIUM;XIRECS;9984.0;5
293262;;;INTARIAN_PEPPER_ROOT;XIRECS;60283.0;4
293929;;;INTARIAN_PEPPER_ROOT;XIRECS;60301.0;5
294415;;;INTARIAN_PEPPER_ROOT;XIRECS;60289.0;6
294435;;;ASH_COATED_OSMIUM;XIRECS;10005.0;3
297954;;;ASH_COATED_OSMIUM;XIRECS;10021.0;4
298534;;;ASH_COATED_OSMIUM;XIRECS;9995.0;7
301888;;;INTARIAN_PEPPER_ROOT;XIRECS;60293.0;6
304302;;;INTARIAN_PEPPER_ROOT;XIRECS;60316.0;7
306489;;;INTARIAN_PEPPER_ROOT;XIRECS;60298.0;5
310586;;;ASH_COATED_OSMIUM;XIRECS;10001.0;4
312452;;;ASH_COATED_OSMIUM;XIRECS;10016.0;6
314223;;;ASH_COATED_OSMIUM;XIRECS;9997.0;9
314557;;;INTARIAN_PEPPER_ROOT;XIRECS;60316.0;7
315107;;;ASH_COATED_OSMIUM;XIRECS;10015.0;4
315431;;;ASH_COATED_OSMIUM;XIRECS;9997.0;5
321050;;;ASH_COATED_OSMIUM;XIRECS;9991.0;2
322571;;;ASH_COATED_OSMIUM;XIRECS;9998.0;4
326166;;;ASH_COATED_OSMIUM;XIRECS;9998.0;3
326969;;;ASH_COATED_OSMIUM;XIRECS;10011.0;6
327661;;;INTARIAN_PEPPER_ROOT;XIRECS;60318.0;4
330390;;;INTARIAN_PEPPER_ROOT;XIRECS;60337.0;6
331763;;;ASH_COATED_OSMIUM;XIRECS;10001.0;6
331815;;;INTARIAN_PEPPER_ROOT;XIRECS;60328.0;3
331856;;;INTARIAN_PEPPER_ROOT;XIRECS;60328.0;5
334851;;;INTARIAN_PEPPER_ROOT;XIRECS;60340.0;3
334897;;;INTARIAN_PEPPER_ROOT;XIRECS;60340.0;5
335038;;;ASH_COATED_OSMIUM;XIRECS;10012.0;9
335959;;;ASH_COATED_OSMIUM;XIRECS;10006.0;3
338300;;;ASH_COATED_OSMIUM;XIRECS;9987.0;10
338772;;;ASH_COATED_OSMIUM;XIRECS;9993.0;6
342680;;;ASH_COATED_OSMIUM;XIRECS;9994.0;5
347917;;;INTARIAN_PEPPER_ROOT;XIRECS;60356.0;6
349457;;;INTARIAN_PEPPER_ROOT;XIRECS;60343.0;5
350118;;;ASH_COATED_OSMIUM;XIRECS;9995.0;6
352952;;;ASH_COATED_OSMIUM;XIRECS;10006.0;6
353708;;;INTARIAN_PEPPER_ROOT;XIRECS;60346.0;5
354444;;;INTARIAN_PEPPER_ROOT;XIRECS;60365.0;4
354780;;;INTARIAN_PEPPER_ROOT;XIRECS;60347.0;4
356676;;;ASH_COATED_OSMIUM;XIRECS;10007.0;6
357155;;;INTARIAN_PEPPER_ROOT;XIRECS;60359.0;7
358235;;;ASH_COATED_OSMIUM;XIRECS;9992.0;5
358422;;;ASH_COATED_OSMIUM;XIRECS;9994.0;10
360908;;;INTARIAN_PEPPER_ROOT;XIRECS;60372.0;5
365032;;;INTARIAN_PEPPER_ROOT;XIRECS;60355.0;3
366711;;;INTARIAN_PEPPER_ROOT;XIRECS;60356.0;3
367467;;;INTARIAN_PEPPER_ROOT;XIRECS;60377.0;6
368257;;;ASH_COATED_OSMIUM;XIRECS;9993.0;6
369509;;;ASH_COATED_OSMIUM;XIRECS;10015.0;6
370430;;;ASH_COATED_OSMIUM;XIRECS;9994.0;8
371940;;;INTARIAN_PEPPER_ROOT;XIRECS;60382.0;2
379351;;;ASH_COATED_OSMIUM;XIRECS;10003.0;6
381299;;;ASH_COATED_OSMIUM;XIRECS;9990.0;2
381723;;;ASH_COATED_OSMIUM;XIRECS;9997.0;3
382839;;;ASH_COATED_OSMIUM;XIRECS;9995.0;6
383185;;;INTARIAN_PEPPER_ROOT;XIRECS;60387.0;6
383275;;;ASH_COATED_OSMIUM;XIRECS;9993.0;2
383331;;;ASH_COATED_OSMIUM;XIRECS;10017.0;5
383760;;;ASH_COATED_OSMIUM;XIRECS;9983.0;5
385184;;;INTARIAN_PEPPER_ROOT;XIRECS;60383.0;5
385412;;;ASH_COATED_OSMIUM;XIRECS;9987.0;6
387219;;;INTARIAN_PEPPER_ROOT;XIRECS;60380.0;6
388391;;;ASH_COATED_OSMIUM;XIRECS;10004.0;3
393133;;;INTARIAN_PEPPER_ROOT;XIRECS;60386.0;8
394262;;;ASH_COATED_OSMIUM;XIRECS;9997.0;8
394951;;;ASH_COATED_OSMIUM;XIRECS;10007.0;3
396434;;;ASH_COATED_OSMIUM;XIRECS;9995.0;3
397062;;;INTARIAN_PEPPER_ROOT;XIRECS;60404.0;7
397481;;;INTARIAN_PEPPER_ROOT;XIRECS;60392.0;8
399076;;;ASH_COATED_OSMIUM;XIRECS;9995.0;2
399778;;;INTARIAN_PEPPER_ROOT;XIRECS;60398.0;6
400593;;;INTARIAN_PEPPER_ROOT;XIRECS;60406.0;7
400698;;;ASH_COATED_OSMIUM;XIRECS;9990.0;4
401094;;;ASH_COATED_OSMIUM;XIRECS;9984.0;4
401640;;;INTARIAN_PEPPER_ROOT;XIRECS;60397.0;7
407044;;;ASH_COATED_OSMIUM;XIRECS;9996.0;2
408893;;;ASH_COATED_OSMIUM;XIRECS;10001.0;9
409380;;;INTARIAN_PEPPER_ROOT;XIRECS;60402.0;6
410241;;;INTARIAN_PEPPER_ROOT;XIRECS;60401.0;3
412101;;;ASH_COATED_OSMIUM;XIRECS;9991.0;5
413325;;;ASH_COATED_OSMIUM;XIRECS;9989.0;10
413795;;;INTARIAN_PEPPER_ROOT;XIRECS;60407.0;6
414660;;;INTARIAN_PEPPER_ROOT;XIRECS;60410.0;4
415562;;;ASH_COATED_OSMIUM;XIRECS;9988.0;5
415971;;;ASH_COATED_OSMIUM;XIRECS;10007.0;2
417132;;;ASH_COATED_OSMIUM;XIRECS;10002.0;4
418659;;;INTARIAN_PEPPER_ROOT;XIRECS;60411.0;5
419142;;;INTARIAN_PEPPER_ROOT;XIRECS;60412.0;3
419421;;;ASH_COATED_OSMIUM;XIRECS;9989.0;6
421997;;;ASH_COATED_OSMIUM;XIRECS;10003.0;6
423830;;;INTARIAN_PEPPER_ROOT;XIRECS;60433.0;6
424567;;;ASH_COATED_OSMIUM;XIRECS;10007.0;6
429206;;;INTARIAN_PEPPER_ROOT;XIRECS;60424.0;7
436917;;;ASH_COATED_OSMIUM;XIRECS;9989.0;2
436973;;;INTARIAN_PEPPER_ROOT;XIRECS;60445.0;4
437754;;;ASH_COATED_OSMIUM;XIRECS;9999.0;6
442001;;;ASH_COATED_OSMIUM;XIRECS;9996.0;2
443035;;;ASH_COATED_OSMIUM;XIRECS;10003.0;8
443132;;;ASH_COATED_OSMIUM;XIRECS;9987.0;3
443372;;;ASH_COATED_OSMIUM;XIRECS;9987.0;7
443660;;;INTARIAN_PEPPER_ROOT;XIRECS;60444.0;3
446174;;;ASH_COATED_OSMIUM;XIRECS;10005.0;4
447796;;;INTARIAN_PEPPER_ROOT;XIRECS;60453.0;6
451378;;;ASH_COATED_OSMIUM;XIRECS;9992.0;3
451671;;;ASH_COATED_OSMIUM;XIRECS;10001.0;4
452016;;;ASH_COATED_OSMIUM;XIRECS;9982.0;3
454721;;;ASH_COATED_OSMIUM;XIRECS;10008.0;8
454935;;;ASH_COATED_OSMIUM;XIRECS;9986.0;2
455052;;;INTARIAN_PEPPER_ROOT;XIRECS;60460.0;4
458985;;;ASH_COATED_OSMIUM;XIRECS;9995.0;5
461163;;;INTARIAN_PEPPER_ROOT;XIRECS;60452.0;6
463917;;;ASH_COATED_OSMIUM;XIRECS;9994.0;4
469158;;;ASH_COATED_OSMIUM;XIRECS;9992.0;5
474119;;;ASH_COATED_OSMIUM;XIRECS;10002.0;5
475580;;;INTARIAN_PEPPER_ROOT;XIRECS;60488.0;3
476043;;;ASH_COATED_OSMIUM;XIRECS;9997.0;4
478151;;;INTARIAN_PEPPER_ROOT;XIRECS;60490.0;7
478624;;;INTARIAN_PEPPER_ROOT;XIRECS;60487.0;6
479492;;;ASH_COATED_OSMIUM;XIRECS;10002.0;6
480253;;;INTARIAN_PEPPER_ROOT;XIRECS;60473.0;5
480728;;;ASH_COATED_OSMIUM;XIRECS;10004.0;3
482289;;;ASH_COATED_OSMIUM;XIRECS;10013.0;6
482545;;;INTARIAN_PEPPER_ROOT;XIRECS;60489.0;5
484032;;;INTARIAN_PEPPER_ROOT;XIRECS;60475.0;6
484770;;;INTARIAN_PEPPER_ROOT;XIRECS;60480.0;3
486119;;;ASH_COATED_OSMIUM;XIRECS;10000.0;5
486672;;;ASH_COATED_OSMIUM;XIRECS;9991.0;9
486928;;;ASH_COATED_OSMIUM;XIRECS;9988.0;6
487426;;;ASH_COATED_OSMIUM;XIRECS;9984.0;2
489629;;;INTARIAN_PEPPER_ROOT;XIRECS;60483.0;6
493354;;;ASH_COATED_OSMIUM;XIRECS;10000.0;5
496296;;;INTARIAN_PEPPER_ROOT;XIRECS;60504.0;3
496815;;;INTARIAN_PEPPER_ROOT;XIRECS;60490.0;4
497052;;;ASH_COATED_OSMIUM;XIRECS;10006.0;7
498589;;;ASH_COATED_OSMIUM;XIRECS;9997.0;9
499629;;;ASH_COATED_OSMIUM;XIRECS;9999.0;7
501514;;;ASH_COATED_OSMIUM;XIRECS;9993.0;2
503901;;;ASH_COATED_OSMIUM;XIRECS;9993.0;2
504522;;;INTARIAN_PEPPER_ROOT;XIRECS;60511.0;3
508810;;;INTARIAN_PEPPER_ROOT;XIRECS;60517.0;3
510350;;;ASH_COATED_OSMIUM;XIRECS;10000.0;7
511226;;;INTARIAN_PEPPER_ROOT;XIRECS;60521.0;7
511404;;;INTARIAN_PEPPER_ROOT;XIRECS;60504.0;7
511693;;;ASH_COATED_OSMIUM;XIRECS;9994.0;4
517748;;;INTARIAN_PEPPER_ROOT;XIRECS;60513.0;4
518440;;;ASH_COATED_OSMIUM;XIRECS;10016.0;3
519034;;;INTARIAN_PEPPER_ROOT;XIRECS;60510.0;3
523126;;;ASH_COATED_OSMIUM;XIRECS;10008.0;6
523351;;;ASH_COATED_OSMIUM;XIRECS;9998.0;7
524465;;;INTARIAN_PEPPER_ROOT;XIRECS;60523.0;5
525793;;;INTARIAN_PEPPER_ROOT;XIRECS;60533.0;5
527496;;;INTARIAN_PEPPER_ROOT;XIRECS;60537.0;5
527927;;;INTARIAN_PEPPER_ROOT;XIRECS;60521.0;4
530834;;;ASH_COATED_OSMIUM;XIRECS;9998.0;4
532979;;;ASH_COATED_OSMIUM;XIRECS;10010.0;10
533246;;;ASH_COATED_OSMIUM;XIRECS;9994.0;3
534172;;;INTARIAN_PEPPER_ROOT;XIRECS;60541.0;6
534809;;;ASH_COATED_OSMIUM;XIRECS;10001.0;5
536575;;;ASH_COATED_OSMIUM;XIRECS;10007.0;6
537140;;;INTARIAN_PEPPER_ROOT;XIRECS;60541.0;5
538387;;;ASH_COATED_OSMIUM;XIRECS;9991.0;7
540087;;;INTARIAN_PEPPER_ROOT;XIRECS;60534.0;5
542668;;;INTARIAN_PEPPER_ROOT;XIRECS;60531.0;4
543414;;;INTARIAN_PEPPER_ROOT;XIRECS;60550.0;5
544034;;;ASH_COATED_OSMIUM;XIRECS;10013.0;6
544114;;;ASH_COATED_OSMIUM;XIRECS;9992.0;3
544331;;;ASH_COATED_OSMIUM;XIRECS;9996.0;2
546491;;;ASH_COATED_OSMIUM;XIRECS;9990.0;6
551666;;;ASH_COATED_OSMIUM;XIRECS;10003.0;4
554176;;;ASH_COATED_OSMIUM;XIRECS;10013.0;6
554641;;;INTARIAN_PEPPER_ROOT;XIRECS;60562.0;8
554668;;;INTARIAN_PEPPER_ROOT;XIRECS;60550.0;5
555295;;;ASH_COATED_OSMIUM;XIRECS;10005.0;7
555667;;;INTARIAN_PEPPER_ROOT;XIRECS;60567.0;5
556134;;;ASH_COATED_OSMIUM;XIRECS;10010.0;6
556883;;;INTARIAN_PEPPER_ROOT;XIRECS;60548.0;5
557288;;;ASH_COATED_OSMIUM;XIRECS;9992.0;7
558787;;;ASH_COATED_OSMIUM;XIRECS;10010.0;6
558978;;;ASH_COATED_OSMIUM;XIRECS;9993.0;7
559356;;;ASH_COATED_OSMIUM;XIRECS;9984.0;2
561449;;;INTARIAN_PEPPER_ROOT;XIRECS;60553.0;4
561546;;;ASH_COATED_OSMIUM;XIRECS;10011.0;4
562686;;;ASH_COATED_OSMIUM;XIRECS;10012.0;8
563084;;;ASH_COATED_OSMIUM;XIRECS;10010.0;3
564717;;;INTARIAN_PEPPER_ROOT;XIRECS;60557.0;3
565325;;;ASH_COATED_OSMIUM;XIRECS;10010.0;9
565606;;;ASH_COATED_OSMIUM;XIRECS;9986.0;5
566400;;;INTARIAN_PEPPER_ROOT;XIRECS;60571.0;7
566714;;;INTARIAN_PEPPER_ROOT;XIRECS;60562.0;5
567235;;;ASH_COATED_OSMIUM;XIRECS;10006.0;6
567348;;;ASH_COATED_OSMIUM;XIRECS;10004.0;3
567920;;;INTARIAN_PEPPER_ROOT;XIRECS;60562.0;4
568625;;;ASH_COATED_OSMIUM;XIRECS;10007.0;8
569262;;;INTARIAN_PEPPER_ROOT;XIRECS;60562.0;4
573276;;;INTARIAN_PEPPER_ROOT;XIRECS;60562.0;3
573742;;;INTARIAN_PEPPER_ROOT;XIRECS;60576.0;7
579598;;;ASH_COATED_OSMIUM;XIRECS;10013.0;3
582285;;;ASH_COATED_OSMIUM;XIRECS;9996.0;3
582537;;;INTARIAN_PEPPER_ROOT;XIRECS;60592.0;5
582977;;;INTARIAN_PEPPER_ROOT;XIRECS;60588.0;5
584762;;;ASH_COATED_OSMIUM;XIRECS;9997.0;7
587055;;;ASH_COATED_OSMIUM;XIRECS;10004.0;6
587339;;;ASH_COATED_OSMIUM;XIRECS;10017.0;3
591034;;;ASH_COATED_OSMIUM;XIRECS;10005.0;9
591597;;;INTARIAN_PEPPER_ROOT;XIRECS;60600.0;6
591883;;;ASH_COATED_OSMIUM;XIRECS;10007.0;4
593256;;;ASH_COATED_OSMIUM;XIRECS;10015.0;2
594301;;;INTARIAN_PEPPER_ROOT;XIRECS;60586.0;4
596322;;;ASH_COATED_OSMIUM;XIRECS;9984.0;9
596570;;;INTARIAN_PEPPER_ROOT;XIRECS;60591.0;7
598867;;;ASH_COATED_OSMIUM;XIRECS;10002.0;5
599909;;;ASH_COATED_OSMIUM;XIRECS;9993.0;3
600893;;;INTARIAN_PEPPER_ROOT;XIRECS;60593.0;4
603270;;;ASH_COATED_OSMIUM;XIRECS;10012.0;4
604806;;;ASH_COATED_OSMIUM;XIRECS;9993.0;6
605225;;;INTARIAN_PEPPER_ROOT;XIRECS;60609.0;4
605652;;;INTARIAN_PEPPER_ROOT;XIRECS;60599.0;7
609864;;;ASH_COATED_OSMIUM;XIRECS;9997.0;2
610166;;;ASH_COATED_OSMIUM;XIRECS;9995.0;8
611206;;;INTARIAN_PEPPER_ROOT;XIRECS;60604.0;6
611536;;;ASH_COATED_OSMIUM;XIRECS;10008.0;4
611608;;;ASH_COATED_OSMIUM;XIRECS;9985.0;2
614030;;;ASH_COATED_OSMIUM;XIRECS;9995.0;4
614537;;;INTARIAN_PEPPER_ROOT;XIRECS;60605.0;5
615979;;;INTARIAN_PEPPER_ROOT;XIRECS;60608.0;6
618726;;;INTARIAN_PEPPER_ROOT;XIRECS;60624.0;7
620847;;;ASH_COATED_OSMIUM;XIRECS;9995.0;2
622444;;;INTARIAN_PEPPER_ROOT;XIRECS;60607.0;3
623944;;;INTARIAN_PEPPER_ROOT;XIRECS;60615.0;7
624103;;;INTARIAN_PEPPER_ROOT;XIRECS;60614.0;6
624227;;;INTARIAN_PEPPER_ROOT;XIRECS;60630.0;5
629033;;;ASH_COATED_OSMIUM;XIRECS;10014.0;5
631156;;;ASH_COATED_OSMIUM;XIRECS;10006.0;2
631674;;;ASH_COATED_OSMIUM;XIRECS;10015.0;6
633120;;;ASH_COATED_OSMIUM;XIRECS;10004.0;4
633377;;;INTARIAN_PEPPER_ROOT;XIRECS;60640.0;3
634999;;;ASH_COATED_OSMIUM;XIRECS;10005.0;5
636086;;;INTARIAN_PEPPER_ROOT;XIRECS;60643.0;7
636959;;;INTARIAN_PEPPER_ROOT;XIRECS;60629.0;7
637966;;;INTARIAN_PEPPER_ROOT;XIRECS;60629.0;3
639465;;;ASH_COATED_OSMIUM;XIRECS;10010.0;10
641071;;;INTARIAN_PEPPER_ROOT;XIRECS;60632.0;6
643049;;;ASH_COATED_OSMIUM;XIRECS;10008.0;4
643129;;;INTARIAN_PEPPER_ROOT;XIRECS;60636.0;5
643977;;;ASH_COATED_OSMIUM;XIRECS;10000.0;5
646037;;;ASH_COATED_OSMIUM;XIRECS;9986.0;10
646587;;;ASH_COATED_OSMIUM;XIRECS;10004.0;6
646707;;;INTARIAN_PEPPER_ROOT;XIRECS;60653.0;3
648612;;;ASH_COATED_OSMIUM;XIRECS;10002.0;6
649377;;;INTARIAN_PEPPER_ROOT;XIRECS;60656.0;5
649450;;;INTARIAN_PEPPER_ROOT;XIRECS;60658.0;7
649837;;;ASH_COATED_OSMIUM;XIRECS;9993.0;6
650277;;;INTARIAN_PEPPER_ROOT;XIRECS;60646.0;3
650958;;;ASH_COATED_OSMIUM;XIRECS;9999.0;4
651129;;;INTARIAN_PEPPER_ROOT;XIRECS;60656.0;8
651177;;;ASH_COATED_OSMIUM;XIRECS;10001.0;3
652426;;;ASH_COATED_OSMIUM;XIRECS;10000.0;2
653317;;;ASH_COATED_OSMIUM;XIRECS;9985.0;3
653694;;;INTARIAN_PEPPER_ROOT;XIRECS;60662.0;5
654211;;;INTARIAN_PEPPER_ROOT;XIRECS;60646.0;6
654790;;;ASH_COATED_OSMIUM;XIRECS;9981.0;5
654814;;;INTARIAN_PEPPER_ROOT;XIRECS;60660.0;6
657121;;;ASH_COATED_OSMIUM;XIRECS;9984.0;6
657262;;;ASH_COATED_OSMIUM;XIRECS;9999.0;6
657734;;;ASH_COATED_OSMIUM;XIRECS;9999.0;4
662038;;;ASH_COATED_OSMIUM;XIRECS;9980.0;2
662820;;;INTARIAN_PEPPER_ROOT;XIRECS;60656.0;3
664942;;;INTARIAN_PEPPER_ROOT;XIRECS;60673.0;7
665103;;;ASH_COATED_OSMIUM;XIRECS;9984.0;5
667851;;;ASH_COATED_OSMIUM;XIRECS;10016.0;4
668738;;;INTARIAN_PEPPER_ROOT;XIRECS;60671.0;5
669201;;;INTARIAN_PEPPER_ROOT;XIRECS;60672.0;7
671649;;;ASH_COATED_OSMIUM;XIRECS;9991.0;3
672997;;;INTARIAN_PEPPER_ROOT;XIRECS;60678.0;7
673253;;;INTARIAN_PEPPER_ROOT;XIRECS;60669.0;6
673910;;;INTARIAN_PEPPER_ROOT;XIRECS;60667.0;3
675290;;;INTARIAN_PEPPER_ROOT;XIRECS;60682.0;7
676392;;;ASH_COATED_OSMIUM;XIRECS;10007.0;8
680049;;;INTARIAN_PEPPER_ROOT;XIRECS;60685.0;3
684190;;;INTARIAN_PEPPER_ROOT;XIRECS;60676.0;8
684814;;;ASH_COATED_OSMIUM;XIRECS;10006.0;4
684902;;;ASH_COATED_OSMIUM;XIRECS;9989.0;6
687367;;;ASH_COATED_OSMIUM;XIRECS;9989.0;2
688398;;;ASH_COATED_OSMIUM;XIRECS;9981.0;6
692233;;;ASH_COATED_OSMIUM;XIRECS;10009.0;6
693460;;;ASH_COATED_OSMIUM;XIRECS;9979.0;6
694452;;;INTARIAN_PEPPER_ROOT;XIRECS;60687.0;3
695660;;;INTARIAN_PEPPER_ROOT;XIRECS;60702.0;3
696422;;;INTARIAN_PEPPER_ROOT;XIRECS;60700.0;5
697462;;;ASH_COATED_OSMIUM;XIRECS;10006.0;7
700482;;;INTARIAN_PEPPER_ROOT;XIRECS;60711.0;6
702353;;;INTARIAN_PEPPER_ROOT;XIRECS;60694.0;4
707446;;;INTARIAN_PEPPER_ROOT;XIRECS;60701.0;8
709017;;;ASH_COATED_OSMIUM;XIRECS;10008.0;3
711806;;;ASH_COATED_OSMIUM;XIRECS;9994.0;6
712471;;;INTARIAN_PEPPER_ROOT;XIRECS;60719.0;6
712614;;;ASH_COATED_OSMIUM;XIRECS;9995.0;6
712692;;;ASH_COATED_OSMIUM;XIRECS;9995.0;4
713895;;;INTARIAN_PEPPER_ROOT;XIRECS;60706.0;3
714304;;;ASH_COATED_OSMIUM;XIRECS;10013.0;7
715424;;;ASH_COATED_OSMIUM;XIRECS;10002.0;10
715744;;;ASH_COATED_OSMIUM;XIRECS;10014.0;5
716223;;;ASH_COATED_OSMIUM;XIRECS;9993.0;5
716235;;;ASH_COATED_OSMIUM;XIRECS;9993.0;3
719956;;;ASH_COATED_OSMIUM;XIRECS;10007.0;3
720625;;;INTARIAN_PEPPER_ROOT;XIRECS;60714.0;5
723216;;;ASH_COATED_OSMIUM;XIRECS;9984.0;8
724780;;;ASH_COATED_OSMIUM;XIRECS;10003.0;4
727099;;;ASH_COATED_OSMIUM;XIRECS;9994.0;10
727993;;;ASH_COATED_OSMIUM;XIRECS;9998.0;7
730454;;;INTARIAN_PEPPER_ROOT;XIRECS;60723.0;4
731104;;;ASH_COATED_OSMIUM;XIRECS;10008.0;5
732259;;;ASH_COATED_OSMIUM;XIRECS;9994.0;6
733370;;;ASH_COATED_OSMIUM;XIRECS;10018.0;2
735124;;;INTARIAN_PEPPER_ROOT;XIRECS;60737.0;7
737345;;;INTARIAN_PEPPER_ROOT;XIRECS;60747.0;5
739046;;;INTARIAN_PEPPER_ROOT;XIRECS;60743.0;3
739756;;;INTARIAN_PEPPER_ROOT;XIRECS;60746.0;4
742357;;;ASH_COATED_OSMIUM;XIRECS;10011.0;8
743463;;;ASH_COATED_OSMIUM;XIRECS;9990.0;5
744361;;;INTARIAN_PEPPER_ROOT;XIRECS;60742.0;6
746839;;;INTARIAN_PEPPER_ROOT;XIRECS;60754.0;5
747213;;;INTARIAN_PEPPER_ROOT;XIRECS;60741.0;6
747664;;;ASH_COATED_OSMIUM;XIRECS;10011.0;2
748548;;;INTARIAN_PEPPER_ROOT;XIRECS;60741.0;7
749058;;;INTARIAN_PEPPER_ROOT;XIRECS;60742.0;8
749388;;;ASH_COATED_OSMIUM;XIRECS;10009.0;3
750138;;;INTARIAN_PEPPER_ROOT;XIRECS;60760.0;7
750633;;;ASH_COATED_OSMIUM;XIRECS;9999.0;4
751556;;;INTARIAN_PEPPER_ROOT;XIRECS;60755.0;6
751611;;;INTARIAN_PEPPER_ROOT;XIRECS;60760.0;6
752183;;;ASH_COATED_OSMIUM;XIRECS;9996.0;3
752249;;;INTARIAN_PEPPER_ROOT;XIRECS;60746.0;6
752569;;;INTARIAN_PEPPER_ROOT;XIRECS;60745.0;7
752834;;;INTARIAN_PEPPER_ROOT;XIRECS;60761.0;6
752945;;;INTARIAN_PEPPER_ROOT;XIRECS;60748.0;7
756596;;;INTARIAN_PEPPER_ROOT;XIRECS;60769.0;8
756673;;;INTARIAN_PEPPER_ROOT;XIRECS;60764.0;5
759576;;;INTARIAN_PEPPER_ROOT;XIRECS;60752.0;7
761778;;;ASH_COATED_OSMIUM;XIRECS;9996.0;10
762399;;;ASH_COATED_OSMIUM;XIRECS;9990.0;2
764150;;;ASH_COATED_OSMIUM;XIRECS;9983.0;9
764251;;;ASH_COATED_OSMIUM;XIRECS;10003.0;6
766515;;;ASH_COATED_OSMIUM;XIRECS;10004.0;5
766756;;;INTARIAN_PEPPER_ROOT;XIRECS;60757.0;6
768594;;;INTARIAN_PEPPER_ROOT;XIRECS;60767.0;6
768630;;;ASH_COATED_OSMIUM;XIRECS;10006.0;6
768817;;;ASH_COATED_OSMIUM;XIRECS;9984.0;4
769518;;;ASH_COATED_OSMIUM;XIRECS;10013.0;2
770016;;;ASH_COATED_OSMIUM;XIRECS;10007.0;2
772098;;;INTARIAN_PEPPER_ROOT;XIRECS;60765.0;5
773778;;;ASH_COATED_OSMIUM;XIRECS;10009.0;4
774733;;;INTARIAN_PEPPER_ROOT;XIRECS;60770.0;3
776988;;;ASH_COATED_OSMIUM;XIRECS;9981.0;2
777693;;;INTARIAN_PEPPER_ROOT;XIRECS;60780.0;7
782497;;;INTARIAN_PEPPER_ROOT;XIRECS;60788.0;3
782650;;;ASH_COATED_OSMIUM;XIRECS;9983.0;8
786294;;;INTARIAN_PEPPER_ROOT;XIRECS;60781.0;6
786757;;;ASH_COATED_OSMIUM;XIRECS;9997.0;3
787498;;;INTARIAN_PEPPER_ROOT;XIRECS;60782.0;4
789677;;;ASH_COATED_OSMIUM;XIRECS;9992.0;5
790448;;;ASH_COATED_OSMIUM;XIRECS;10014.0;3
790616;;;ASH_COATED_OSMIUM;XIRECS;9987.0;4
791565;;;INTARIAN_PEPPER_ROOT;XIRECS;60797.0;8
795244;;;ASH_COATED_OSMIUM;XIRECS;9991.0;6
796516;;;INTARIAN_PEPPER_ROOT;XIRECS;60786.0;5
797431;;;ASH_COATED_OSMIUM;XIRECS;9987.0;4
798213;;;INTARIAN_PEPPER_ROOT;XIRECS;60789.0;8
799939;;;ASH_COATED_OSMIUM;XIRECS;10004.0;6
800533;;;ASH_COATED_OSMIUM;XIRECS;10000.0;5
801147;;;INTARIAN_PEPPER_ROOT;XIRECS;60795.0;4
803653;;;INTARIAN_PEPPER_ROOT;XIRECS;60807.0;4
804321;;;ASH_COATED_OSMIUM;XIRECS;9995.0;6
804496;;;INTARIAN_PEPPER_ROOT;XIRECS;60811.0;6
804947;;;ASH_COATED_OSMIUM;XIRECS;9991.0;7
807767;;;ASH_COATED_OSMIUM;XIRECS;9986.0;5
809538;;;INTARIAN_PEPPER_ROOT;XIRECS;60801.0;7
810625;;;INTARIAN_PEPPER_ROOT;XIRECS;60819.0;6
814990;;;INTARIAN_PEPPER_ROOT;XIRECS;60817.0;6
816958;;;ASH_COATED_OSMIUM;XIRECS;9991.0;6
817796;;;ASH_COATED_OSMIUM;XIRECS;10007.0;9
818865;;;ASH_COATED_OSMIUM;XIRECS;9993.0;4
819283;;;ASH_COATED_OSMIUM;XIRECS;9987.0;6
820771;;;INTARIAN_PEPPER_ROOT;XIRECS;60812.0;5
820967;;;INTARIAN_PEPPER_ROOT;XIRECS;60816.0;3
821871;;;ASH_COATED_OSMIUM;XIRECS;9996.0;2
822040;;;ASH_COATED_OSMIUM;XIRECS;9990.0;5
824510;;;INTARIAN_PEPPER_ROOT;XIRECS;60831.0;6
825671;;;ASH_COATED_OSMIUM;XIRECS;10016.0;3
826636;;;ASH_COATED_OSMIUM;XIRECS;9989.0;2
832866;;;ASH_COATED_OSMIUM;XIRECS;10012.0;7
833698;;;ASH_COATED_OSMIUM;XIRECS;10003.0;2
835128;;;ASH_COATED_OSMIUM;XIRECS;9985.0;4
836890;;;INTARIAN_PEPPER_ROOT;XIRECS;60834.0;6
837269;;;ASH_COATED_OSMIUM;XIRECS;9986.0;9
838547;;;INTARIAN_PEPPER_ROOT;XIRECS;60840.0;3
840124;;;ASH_COATED_OSMIUM;XIRECS;9984.0;5
840822;;;INTARIAN_PEPPER_ROOT;XIRECS;60833.0;3
841563;;;ASH_COATED_OSMIUM;XIRECS;10010.0;7
842478;;;ASH_COATED_OSMIUM;XIRECS;9993.0;9
842676;;;ASH_COATED_OSMIUM;XIRECS;10005.0;8
842782;;;INTARIAN_PEPPER_ROOT;XIRECS;60851.0;7
842799;;;INTARIAN_PEPPER_ROOT;XIRECS;60834.0;7
843795;;;ASH_COATED_OSMIUM;XIRECS;10009.0;3
843902;;;INTARIAN_PEPPER_ROOT;XIRECS;60849.0;5
846660;;;ASH_COATED_OSMIUM;XIRECS;9989.0;3
847243;;;INTARIAN_PEPPER_ROOT;XIRECS;60840.0;4
848683;;;ASH_COATED_OSMIUM;XIRECS;9993.0;10
850162;;;INTARIAN_PEPPER_ROOT;XIRECS;60854.0;5
851911;;;INTARIAN_PEPPER_ROOT;XIRECS;60845.0;3
852172;;;INTARIAN_PEPPER_ROOT;XIRECS;60855.0;6
853297;;;ASH_COATED_OSMIUM;XIRECS;10013.0;5
857927;;;ASH_COATED_OSMIUM;XIRECS;10008.0;5
863426;;;ASH_COATED_OSMIUM;XIRECS;10011.0;4
863576;;;ASH_COATED_OSMIUM;XIRECS;10017.0;4
865175;;;ASH_COATED_OSMIUM;XIRECS;9988.0;6
867509;;;ASH_COATED_OSMIUM;XIRECS;9988.0;4
868645;;;ASH_COATED_OSMIUM;XIRECS;9980.0;6
869915;;;INTARIAN_PEPPER_ROOT;XIRECS;60863.0;6
870075;;;ASH_COATED_OSMIUM;XIRECS;9996.0;4
870822;;;ASH_COATED_OSMIUM;XIRECS;9998.0;7
872724;;;ASH_COATED_OSMIUM;XIRECS;9993.0;2
873942;;;ASH_COATED_OSMIUM;XIRECS;10017.0;2
878791;;;ASH_COATED_OSMIUM;XIRECS;10008.0;7
879002;;;ASH_COATED_OSMIUM;XIRECS;9989.0;7
882713;;;INTARIAN_PEPPER_ROOT;XIRECS;60891.0;6
883511;;;INTARIAN_PEPPER_ROOT;XIRECS;60883.0;4
884864;;;ASH_COATED_OSMIUM;XIRECS;9993.0;7
885177;;;ASH_COATED_OSMIUM;XIRECS;10013.0;9
888239;;;ASH_COATED_OSMIUM;XIRECS;9994.0;6
889663;;;ASH_COATED_OSMIUM;XIRECS;9998.0;3
889815;;;ASH_COATED_OSMIUM;XIRECS;10007.0;9
890548;;;INTARIAN_PEPPER_ROOT;XIRECS;60880.0;5
891018;;;INTARIAN_PEPPER_ROOT;XIRECS;60897.0;5
892077;;;ASH_COATED_OSMIUM;XIRECS;9988.0;9
893892;;;INTARIAN_PEPPER_ROOT;XIRECS;60898.0;3
894952;;;ASH_COATED_OSMIUM;XIRECS;10013.0;3
895078;;;INTARIAN_PEPPER_ROOT;XIRECS;60905.0;7
895247;;;ASH_COATED_OSMIUM;XIRECS;9994.0;9
896295;;;ASH_COATED_OSMIUM;XIRECS;10009.0;6
898312;;;ASH_COATED_OSMIUM;XIRECS;10020.0;5
899497;;;INTARIAN_PEPPER_ROOT;XIRECS;60895.0;7
901810;;;INTARIAN_PEPPER_ROOT;XIRECS;60892.0;3
902707;;;ASH_COATED_OSMIUM;XIRECS;10010.0;2
902937;;;ASH_COATED_OSMIUM;XIRECS;9991.0;4
903608;;;INTARIAN_PEPPER_ROOT;XIRECS;60910.0;3
903847;;;INTARIAN_PEPPER_ROOT;XIRECS;60915.0;7
906280;;;INTARIAN_PEPPER_ROOT;XIRECS;60914.0;3
906666;;;ASH_COATED_OSMIUM;XIRECS;10012.0;5
906808;;;ASH_COATED_OSMIUM;XIRECS;10006.0;6
907686;;;INTARIAN_PEPPER_ROOT;XIRECS;60916.0;6
908052;;;INTARIAN_PEPPER_ROOT;XIRECS;60903.0;7
908785;;;ASH_COATED_OSMIUM;XIRECS;10013.0;5
910195;;;ASH_COATED_OSMIUM;XIRECS;10008.0;3
910213;;;ASH_COATED_OSMIUM;XIRECS;9996.0;9
911710;;;ASH_COATED_OSMIUM;XIRECS;10009.0;6
913332;;;INTARIAN_PEPPER_ROOT;XIRECS;60918.0;3
913408;;;INTARIAN_PEPPER_ROOT;XIRECS;60918.0;3
914521;;;INTARIAN_PEPPER_ROOT;XIRECS;60919.0;7
915076;;;ASH_COATED_OSMIUM;XIRECS;10000.0;8
916612;;;ASH_COATED_OSMIUM;XIRECS;10007.0;8
917337;;;ASH_COATED_OSMIUM;XIRECS;10011.0;3
917577;;;ASH_COATED_OSMIUM;XIRECS;9990.0;2
918547;;;INTARIAN_PEPPER_ROOT;XIRECS;60926.0;7
922079;;;ASH_COATED_OSMIUM;XIRECS;10014.0;4
925220;;;ASH_COATED_OSMIUM;XIRECS;10006.0;10
925346;;;ASH_COATED_OSMIUM;XIRECS;10008.0;2
927414;;;INTARIAN_PEPPER_ROOT;XIRECS;60920.0;6
927417;;;ASH_COATED_OSMIUM;XIRECS;9982.0;6
928214;;;ASH_COATED_OSMIUM;XIRECS;9990.0;6
930680;;;ASH_COATED_OSMIUM;XIRECS;10012.0;2
930758;;;INTARIAN_PEPPER_ROOT;XIRECS;60937.0;7
931649;;;INTARIAN_PEPPER_ROOT;XIRECS;60935.0;7
937011;;;ASH_COATED_OSMIUM;XIRECS;9994.0;2
939982;;;ASH_COATED_OSMIUM;XIRECS;9987.0;5
942692;;;ASH_COATED_OSMIUM;XIRECS;9987.0;3
942752;;;ASH_COATED_OSMIUM;XIRECS;10001.0;4
944566;;;INTARIAN_PEPPER_ROOT;XIRECS;60952.0;7
945592;;;INTARIAN_PEPPER_ROOT;XIRECS;60948.0;6
948037;;;ASH_COATED_OSMIUM;XIRECS;9981.0;4
948204;;;ASH_COATED_OSMIUM;XIRECS;9986.0;10
948647;;;INTARIAN_PEPPER_ROOT;XIRECS;60953.0;3
950958;;;INTARIAN_PEPPER_ROOT;XIRECS;60953.0;4
954288;;;ASH_COATED_OSMIUM;XIRECS;10015.0;7
956783;;;ASH_COATED_OSMIUM;XIRECS;10008.0;6
957149;;;ASH_COATED_OSMIUM;XIRECS;9994.0;4
958275;;;ASH_COATED_OSMIUM;XIRECS;9993.0;4
962154;;;INTARIAN_PEPPER_ROOT;XIRECS;60956.0;3
964295;;;ASH_COATED_OSMIUM;XIRECS;9984.0;2
965965;;;ASH_COATED_OSMIUM;XIRECS;9991.0;9
968378;;;ASH_COATED_OSMIUM;XIRECS;10006.0;6
969344;;;INTARIAN_PEPPER_ROOT;XIRECS;60961.0;6
970800;;;ASH_COATED_OSMIUM;XIRECS;9995.0;5
971106;;;INTARIAN_PEPPER_ROOT;XIRECS;60966.0;3
971218;;;ASH_COATED_OSMIUM;XIRECS;9996.0;6
975020;;;INTARIAN_PEPPER_ROOT;XIRECS;60968.0;5
976274;;;ASH_COATED_OSMIUM;XIRECS;9992.0;6
976334;;;ASH_COATED_OSMIUM;XIRECS;10013.0;6
979569;;;ASH_COATED_OSMIUM;XIRECS;9996.0;4
981474;;;INTARIAN_PEPPER_ROOT;XIRECS;60986.0;6
981647;;;ASH_COATED_OSMIUM;XIRECS;9997.0;3
981722;;;INTARIAN_PEPPER_ROOT;XIRECS;60988.0;7
982000;;;ASH_COATED_OSMIUM;XIRECS;10001.0;2
982836;;;INTARIAN_PEPPER_ROOT;XIRECS;60994.0;3
982859;;;INTARIAN_PEPPER_ROOT;XIRECS;60975.0;7
983831;;;ASH_COATED_OSMIUM;XIRECS;10011.0;2
983928;;;INTARIAN_PEPPER_ROOT;XIRECS;60989.0;4
984973;;;ASH_COATED_OSMIUM;XIRECS;9997.0;7
984995;;;ASH_COATED_OSMIUM;XIRECS;10004.0;2
985168;;;INTARIAN_PEPPER_ROOT;XIRECS;60975.0;5
987189;;;INTARIAN_PEPPER_ROOT;XIRECS;60979.0;3
988119;;;ASH_COATED_OSMIUM;XIRECS;10007.0;5
991798;;;INTARIAN_PEPPER_ROOT;XIRECS;60998.0;3
993266;;;INTARIAN_PEPPER_ROOT;XIRECS;60989.0;7
995875;;;ASH_COATED_OSMIUM;XIRECS;10013.0;6
996093;;;ASH_COATED_OSMIUM;XIRECS;9996.0;4
996399;;;ASH_COATED_OSMIUM;XIRECS;9999.0;3
997179;;;ASH_COATED_OSMIUM;XIRECS;10001.0;5
997566;;;INTARIAN_PEPPER_ROOT;XIRECS;61002.0;7
999868;;;ASH_COATED_OSMIUM;XIRECS;9995.0;7
999878;;;INTARIAN_PEPPER_ROOT;XIRECS;61006.0;5