timestamp;buyer;seller;symbol;currency;price;quantity
630;;;INTARIAN_PEPPER_ROOT;XIRECS;47007.0;7
2608;;;ASH_COATED_OSMIUM;XIRECS;10005.0;5
3116;;;INTARIAN_PEPPER_ROOT;XIRECS;47008.0;6
7074;;;ASH_COATED_OSMIUM;XIRECS;10009.0;6
8384;;;ASH_COATED_OSMIUM;XIRECS;9993.0;4
9790;;;ASH_COATED_OSMIUM;XIRECS;10008.0;10
10447;;;INTARIAN_PEPPER_ROOT;XIRECS;47018.0;7
11916;;;INTARIAN_PEPPER_ROOT;XIRECS;47016.0;8
12813;;;INTARIAN_PEPPER_ROOT;XIRECS;47005.0;7
13465;;;INTARIAN_PEPPER_ROOT;XIRECS;47004.0;7
14111;;;ASH_COATED_OSMIUM;XIRECS;10001.0;2
16055;;;ASH_COATED_OSMIUM;XIRECS;9981.0;3
18210;;;ASH_COATED_OSMIUM;XIRECS;10010.0;6
19149;;;INTARIAN_PEPPER_ROOT;XIRECS;47013.0;7
21429;;;INTARIAN_PEPPER_ROOT;XIRECS;47014.0;5
23020;;;ASH_COATED_OSMIUM;XIRECS;10007.0;2
23760;;;INTARIAN_PEPPER_ROOT;XIRECS;47029.0;6
25863;;;ASH_COATED_OSMIUM;XIRECS;10000.0;3
27129;;;INTARIAN_PEPPER_ROOT;XIRECS;47033.0;6
28346;;;ASH_COATED_OSMIUM;XIRECS;9981.0;2
30628;;;ASH_COATED_OSMIUM;XIRECS;9980.0;6
31214;;;ASH_COATED_OSMIUM;XIRECS;9977.0;7
33450;;;ASH_COATED_OSMIUM;XIRECS;9996.0;6
36028;;;ASH_COATED_OSMIUM;XIRECS;9988.0;2
38619;;;ASH_COATED_OSMIUM;XIRECS;10007.0;2
38822;;;INTARIAN_PEPPER_ROOT;XIRECS;47043.0;3
40485;;;INTARIAN_PEPPER_ROOT;XIRECS;47035.0;4
42598;;;INTARIAN_PEPPER_ROOT;XIRECS;47048.0;7
44152;;;ASH_COATED_OSMIUM;XIRECS;9991.0;2
44518;;;ASH_COATED_OSMIUM;XIRECS;9995.0;2
44819;;;INTARIAN_PEPPER_ROOT;XIRECS;47042.0;8
49348;;;ASH_COATED_OSMIUM;XIRECS;9990.0;6
49744;;;ASH_COATED_OSMIUM;XIRECS;9992.0;6
52720;;;ASH_COATED_OSMIUM;XIRECS;9983.0;6
54656;;;INTARIAN_PEPPER_ROOT;XIRECS;47052.0;3
55879;;;INTARIAN_PEPPER_ROOT;XIRECS;47046.0;6
57470;;;INTARIAN_PEPPER_ROOT;XIRECS;47060.0;5
60730;;;ASH_COATED_OSMIUM;XIRECS;10009.0;6
62209;;;INTARIAN_PEPPER_ROOT;XIRECS;47069.0;7
62278;;;INTARIAN_PEPPER_ROOT;XIRECS;47069.0;4
64154;;;INTARIAN_PEPPER_ROOT;XIRECS;47071.0;8
64240;;;ASH_COATED_OSMIUM;XIRECS;9990.0;8
64356;;;ASH_COATED_OSMIUM;XIRECS;9989.0;4
64660;;;INTARIAN_PEPPER_ROOT;XIRECS;47072.0;4
67759;;;ASH_COATED_OSMIUM;XIRECS;10010.0;3
71219;;;ASH_COATED_OSMIUM;XIRECS;9981.0;2
71569;;;INTARIAN_PEPPER_ROOT;XIRECS;47083.0;4
71578;;;ASH_COATED_OSMIUM;XIRECS;9997.0;6
72568;;;ASH_COATED_OSMIUM;XIRECS;9981.0;7
76070;;;INTARIAN_PEPPER_ROOT;XIRECS;47082.0;3
76208;;;INTARIAN_PEPPER_ROOT;XIRECS;47068.0;3
76935;;;INTARIAN_PEPPER_ROOT;XIRECS;47070.0;5
78345;;;INTARIAN_PEPPER_ROOT;XIRECS;47068.0;3
78929;;;ASH_COATED_OSMIUM;XIRECS;10006.0;4
79988;;;INTARIAN_PEPPER_ROOT;XIRECS;47085.0;3
80274;;;ASH_COATED_OSMIUM;XIRECS;9993.0;6
81019;;;ASH_COATED_OSMIUM;XIRECS;10002.0;9
85641;;;ASH_COATED_OSMIUM;XIRECS;10006.0;5
88718;;;INTARIAN_PEPPER_ROOT;XIRECS;47098.0;3
88764;;;INTARIAN_PEPPER_ROOT;XIRECS;47098.0;6
89093;;;ASH_COATED_OSMIUM;XIRECS;10004.0;2
89778;;;ASH_COATED_OSMIUM;XIRECS;9991.0;6
90619;;;ASH_COATED_OSMIUM;XIRECS;9990.0;4
91564;;;INTARIAN_PEPPER_ROOT;XIRECS;47100.0;5
92276;;;ASH_COATED_OSMIUM;XIRECS;9992.0;2
92382;;;ASH_COATED_OSMIUM;XIRECS;9991.0;6
93341;;;INTARIAN_PEPPER_ROOT;XIRECS;47104.0;7
95062;;;ASH_COATED_OSMIUM;XIRECS;10017.0;3
95358;;;INTARIAN_PEPPER_ROOT;XIRECS;47088.0;5
100709;;;ASH_COATED_OSMIUM;XIRECS;9987.0;5
103155;;;ASH_COATED_OSMIUM;XIRECS;9990.0;6
104039;;;INTARIAN_PEPPER_ROOT;XIRECS;47108.0;3
104834;;;INTARIAN_PEPPER_ROOT;XIRECS;47101.0;6
106888;;;INTARIAN_PEPPER_ROOT;XIRECS;47098.0;5
108291;;;INTARIAN_PEPPER_ROOT;XIRECS;47100.0;4
111891;;;ASH_COATED_OSMIUM;XIRECS;10008.0;5
112409;;;ASH_COATED_OSMIUM;XIRECS;10012.0;5
112628;;;ASH_COATED_OSMIUM;XIRECS;9996.0;4
113876;;;ASH_COATED_OSMIUM;XIRECS;9998.0;9
116040;;;INTARIAN_PEPPER_ROOT;XIRECS;47115.0;3
118366;;;ASH_COATED_OSMIUM;XIRECS;10014.0;6
119945;;;ASH_COATED_OSMIUM;XIRECS;10008.0;9
120939;;;ASH_COATED_OSMIUM;XIRECS;9993.0;5
121131;;;INTARIAN_PEPPER_ROOT;XIRECS;47119.0;6
121272;;;INTARIAN_PEPPER_ROOT;XIRECS;47128.0;6
123380;;;INTARIAN_PEPPER_ROOT;XIRECS;47131.0;4
123464;;;ASH_COATED_OSMIUM;XIRECS;10011.0;3
124276;;;ASH_COATED_OSMIUM;XIRECS;9986.0;4
127760;;;INTARIAN_PEPPER_ROOT;XIRECS;47123.0;6
129841;;;ASH_COATED_OSMIUM;XIRECS;10002.0;4
130101;;;ASH_COATED_OSMIUM;XIRECS;9991.0;3
131013;;;INTARIAN_PEPPER_ROOT;XIRECS;47138.0;7
134685;;;INTARIAN_PEPPER_ROOT;XIRECS;47139.0;4
134824;;;ASH_COATED_OSMIUM;XIRECS;10009.0;5
135630;;;INTARIAN_PEPPER_ROOT;XIRECS;47141.0;5
137032;;;ASH_COATED_OSMIUM;XIRECS;10002.0;2
141566;;;ASH_COATED_OSMIUM;XIRECS;10007.0;7
146459;;;INTARIAN_PEPPER_ROOT;XIRECS;47140.0;5
146728;;;INTARIAN_PEPPER_ROOT;XIRECS;47156.0;6
146870;;;INTARIAN_PEPPER_ROOT;XIRECS;47147.0;6
147286;;;ASH_COATED_OSMIUM;XIRECS;10005.0;8
149176;;;ASH_COATED_OSMIUM;XIRECS;9986.0;2
149333;;;INTARIAN_PEPPER_ROOT;XIRECS;47156.0;4
149802;;;INTARIAN_PEPPER_ROOT;XIRECS;47143.0;5
150089;;;INTARIAN_PEPPER_ROOT;XIRECS;47144.0;3
154328;;;INTARIAN_PEPPER_ROOT;XIRECS;47145.0;3
154867;;;INTARIAN_PEPPER_ROOT;XIRECS;47148.0;5
155733;;;ASH_COATED_OSMIUM;XIRECS;10005.0;9
156831;;;ASH_COATED_OSMIUM;XIRECS;10006.0;8
156916;;;ASH_COATED_OSMIUM;XIRECS;10006.0;8
157388;;;ASH_COATED_OSMIUM;XIRECS;10009.0;8
158002;;;INTARIAN_PEPPER_ROOT;XIRECS;47167.0;7
159133;;;INTARIAN_PEPPER_ROOT;XIRECS;47164.0;6
159710;;;INTARIAN_PEPPER_ROOT;XIRECS;47167.0;5
161077;;;ASH_COATED_OSMIUM;XIRECS;9991.0;6
162757;;;INTARIAN_PEPPER_ROOT;XIRECS;47151.0;5
164349;;;INTARIAN_PEPPER_ROOT;XIRECS;47171.0;6
165277;;;ASH_COATED_OSMIUM;XIRECS;9991.0;3
166954;;;ASH_COATED_OSMIUM;XIRECS;10011.0;3
168169;;;INTARIAN_PEPPER_ROOT;XIRECS;47174.0;3
170178;;;INTARIAN_PEPPER_ROOT;XIRECS;47164.0;4
170675;;;INTARIAN_PEPPER_ROOT;XIRECS;47179.0;4
172489;;;ASH_COATED_OSMIUM;XIRECS;9993.0;3
175152;;;INTARIAN_PEPPER_ROOT;XIRECS;47183.0;6
175237;;;ASH_COATED_OSMIUM;XIRECS;10002.0;6
175713;;;ASH_COATED_OSMIUM;XIRECS;10018.0;2
177421;;;ASH_COATED_OSMIUM;XIRECS;9984.0;6
178397;;;ASH_COATED_OSMIUM;XIRECS;10011.0;8
178772;;;ASH_COATED_OSMIUM;XIRECS;9996.0;5
178879;;;ASH_COATED_OSMIUM;XIRECS;9993.0;6
179690;;;ASH_COATED_OSMIUM;XIRECS;9991.0;3
179802;;;INTARIAN_PEPPER_ROOT;XIRECS;47193.0;4
181069;;;ASH_COATED_OSMIUM;XIRECS;10018.0;9
181287;;;ASH_COATED_OSMIUM;XIRECS;10000.0;5
183856;;;ASH_COATED_OSMIUM;XIRECS;10011.0;8
185948;;;INTARIAN_PEPPER_ROOT;XIRECS;47183.0;4
194241;;;ASH_COATED_OSMIUM;XIRECS;10012.0;7
194668;;;ASH_COATED_OSMIUM;XIRECS;10003.0;3
194801;;;ASH_COATED_OSMIUM;XIRECS;10002.0;6
197348;;;ASH_COATED_OSMIUM;XIRECS;10005.0;2
201504;;;ASH_COATED_OSMIUM;XIRECS;9984.0;7
204446;;;INTARIAN_PEPPER_ROOT;XIRECS;47196.0;7
206422;;;ASH_COATED_OSMIUM;XIRECS;10003.0;7
207370;;;INTARIAN_PEPPER_ROOT;XIRECS;47199.0;6
209103;;;INTARIAN_PEPPER_ROOT;XIRECS;47204.0;3
210021;;;ASH_COATED_OSMIUM;XIRECS;10005.0;8
210803;;;ASH_COATED_OSMIUM;XIRECS;10016.0;5
210955;;;ASH_COATED_OSMIUM;XIRECS;10019.0;4
211789;;;ASH_COATED_OSMIUM;XIRECS;9987.0;6
212739;;;ASH_COATED_OSMIUM;XIRECS;10003.0;5
215278;;;ASH_COATED_OSMIUM;XIRECS;10010.0;4
215469;;;ASH_COATED_OSMIUM;XIRECS;10010.0;4
216835;;;INTARIAN_PEPPER_ROOT;XIRECS;47208.0;6
217483;;;ASH_COATED_OSMIUM;XIRECS;10010.0;6
217846;;;ASH_COATED_OSMIUM;XIRECS;9988.0;3
218184;;;INTARIAN_PEPPER_ROOT;XIRECS;47222.0;7
218419;;;ASH_COATED_OSMIUM;XIRECS;10011.0;6
218912;;;ASH_COATED_OSMIUM;XIRECS;10012.0;6
220098;;;ASH_COATED_OSMIUM;XIRECS;10008.0;5
220509;;;INTARIAN_PEPPER_ROOT;XIRECS;47213.0;5
220604;;;ASH_COATED_OSMIUM;XIRECS;9992.0;6
222029;;;INTARIAN_PEPPER_ROOT;XIRECS;47232.0;5
222080;;;INTARIAN_PEPPER_ROOT;XIRECS;47216.0;3
222557;;;ASH_COATED_OSMIUM;XIRECS;9983.0;5
222690;;;ASH_COATED_OSMIUM;XIRECS;9989.0;9
223130;;;INTARIAN_PEPPER_ROOT;XIRECS;47216.0;3
225925;;;INTARIAN_PEPPER_ROOT;XIRECS;47227.0;5
228235;;;ASH_COATED_OSMIUM;XIRECS;9980.0;3
229182;;;ASH_COATED_OSMIUM;XIRECS;9992.0;8
229562;;;ASH_COATED_OSMIUM;XIRECS;9996.0;9
229732;;;INTARIAN_PEPPER_ROOT;XIRECS;47238.0;7
233453;;;ASH_COATED_OSMIUM;XIRECS;10008.0;10
234062;;;ASH_COATED_OSMIUM;XIRECS;10014.0;5
234523;;;ASH_COATED_OSMIUM;XIRECS;10008.0;6
235579;;;ASH_COATED_OSMIUM;XIRECS;9983.0;2
238377;;;ASH_COATED_OSMIUM;XIRECS;9991.0;3
238610;;;INTARIAN_PEPPER_ROOT;XIRECS;47247.0;8
240091;;;ASH_COATED_OSMIUM;XIRECS;10013.0;2
240677;;;INTARIAN_PEPPER_ROOT;XIRECS;47244.0;6
243599;;;INTARIAN_PEPPER_ROOT;XIRECS;47250.0;3
245277;;;INTARIAN_PEPPER_ROOT;XIRECS;47255.0;6
245742;;;ASH_COATED_OSMIUM;XIRECS;10007.0;7
247326;;;INTARIAN_PEPPER_ROOT;XIRECS;47241.0;3
249949;;;INTARIAN_PEPPER_ROOT;XIRECS;47244.0;4
249961;;;ASH_COATED_OSMIUM;XIRECS;9999.0;6
251834;;;INTARIAN_PEPPER_ROOT;XIRECS;47262.0;7
252368;;;ASH_COATED_OSMIUM;XIRECS;10010.0;9
252849;;;ASH_COATED_OSMIUM;XIRECS;10006.0;6
256537;;;INTARIAN_PEPPER_ROOT;XIRECS;47263.0;6
257397;;;INTARIAN_PEPPER_ROOT;XIRECS;47252.0;7
258827;;;INTARIAN_PEPPER_ROOT;XIRECS;47252.0;6
259149;;;ASH_COATED_OSMIUM;XIRECS;10010.0;5
259278;;;INTARIAN_PEPPER_ROOT;XIRECS;47272.0;3
260248;;;INTARIAN_PEPPER_ROOT;XIRECS;47252.0;6
260669;;;ASH_COATED_OSMIUM;XIRECS;10003.0;4
260874;;;INTARIAN_PEPPER_ROOT;XIRECS;47267.0;6
261347;;;ASH_COATED_OSMIUM;XIRECS;9985.0;8
262563;;;ASH_COATED_OSMIUM;XIRECS;10003.0;5
263949;;;INTARIAN_PEPPER_ROOT;XIRECS;47262.0;4
264946;;;INTARIAN_PEPPER_ROOT;XIRECS;47260.0;4
265708;;;INTARIAN_PEPPER_ROOT;XIRECS;47273.0;3
268283;;;INTARIAN_PEPPER_ROOT;XIRECS;47256.0;5
269929;;;INTARIAN_PEPPER_ROOT;XIRECS;47279.0;5
270128;;;INTARIAN_PEPPER_ROOT;XIRECS;47261.0;3
270383;;;INTARIAN_PEPPER_ROOT;XIRECS;47278.0;3
272439;;;ASH_COATED_OSMIUM;XIRECS;9984.0;6
272537;;;INTARIAN_PEPPER_ROOT;XIRECS;47280.0;6
280042;;;ASH_COATED_OSMIUM;XIRECS;9988.0;10
280956;;;ASH_COATED_OSMIUM;XIRECS;9991.0;10
283353;;;ASH_COATED_OSMIUM;XIRECS;10003.0;5
286699;;;ASH_COATED_OSMIUM;XIRECS;9993.0;6
287258;;;ASH_COATED_OSMIUM;XIRECS;10002.0;9
290317;;;INTARIAN_PEPPER_ROOT;XIRECS;47285.0;4
290850;;;ASH_COATED_OSMIUM;XIRECS;9990.0;6
290987;;;INTARIAN_PEPPER_ROOT;XIRECS;47283.0;3
291267;;;ASH_COATED_OSMIUM;XIRECS;10010.0;2
291964;;;ASH_COATED_OSMIUM;XIRECS;10004.0;6
293248;;;ASH_COATED_OSMIUM;XIRECS;9990.0;6
293960;;;ASH_COATED_OSMIUM;XIRECS;9985.0;3
294219;;;INTARIAN_PEPPER_ROOT;XIRECS;47286.0;3
294457;;;INTARIAN_PEPPER_ROOT;XIRECS;47291.0;5
295630;;;ASH_COATED_OSMIUM;XIRECS;10015.0;4
297607;;;ASH_COATED_OSMIUM;XIRECS;9993.0;6
299835;;;INTARIAN_PEPPER_ROOT;XIRECS;47292.0;8
300304;;;INTARIAN_PEPPER_ROOT;XIRECS;47298.0;6
301462;;;ASH_COATED_OSMIUM;XIRECS;9995.0;3
302218;;;ASH_COATED_OSMIUM;XIRECS;10005.0;4
304031;;;ASH_COATED_OSMIUM;XIRECS;9994.0;6
304232;;;ASH_COATED_OSMIUM;XIRECS;10006.0;4
305764;;;ASH_COATED_OSMIUM;XIRECS;9992.0;5
306920;;;INTARIAN_PEPPER_ROOT;XIRECS;47301.0;6
307136;;;ASH_COATED_OSMIUM;XIRECS;10015.0;5
308137;;;ASH_COATED_OSMIUM;XIRECS;10016.0;5
311628;;;ASH_COATED_OSMIUM;XIRECS;9998.0;5
313485;;;INTARIAN_PEPPER_ROOT;XIRECS;47320.0;6
313500;;;INTARIAN_PEPPER_ROOT;XIRECS;47317.0;3
314979;;;INTARIAN_PEPPER_ROOT;XIRECS;47312.0;6
316792;;;ASH_COATED_OSMIUM;XIRECS;9987.0;7
316847;;;INTARIAN_PEPPER_ROOT;XIRECS;47311.0;6
317448;;;ASH_COATED_OSMIUM;XIRECS;10005.0;6
318350;;;INTARIAN_PEPPER_ROOT;XIRECS;47325.0;5
319134;;;INTARIAN_PEPPER_ROOT;XIRECS;47311.0;3
319244;;;INTARIAN_PEPPER_ROOT;XIRECS;47315.0;7
321335;;;INTARIAN_PEPPER_ROOT;XIRECS;47325.0;3
321507;;;INTARIAN_PEPPER_ROOT;XIRECS;47325.0;3
322734;;;INTARIAN_PEPPER_ROOT;XIRECS;47316.0;4
322945;;;ASH_COATED_OSMIUM;XIRECS;10012.0;2
323223;;;INTARIAN_PEPPER_ROOT;XIRECS;47316.0;4
324272;;;ASH_COATED_OSMIUM;XIRECS;9988.0;6
324294;;;INTARIAN_PEPPER_ROOT;XIRECS;47318.0;7
324654;;;ASH_COATED_OSMIUM;XIRECS;10015.0;4
329520;;;ASH_COATED_OSMIUM;XIRECS;10006.0;2
333116;;;ASH_COATED_OSMIUM;XIRECS;9993.0;6
333323;;;ASH_COATED_OSMIUM;XIRECS;9997.0;3
339373;;;INTARIAN_PEPPER_ROOT;XIRECS;47331.0;5
346111;;;ASH_COATED_OSMIUM;XIRECS;10005.0;4
346342;;;INTARIAN_PEPPER_ROOT;XIRECS;47341.0;8
349040;;;ASH_COATED_OSMIUM;XIRECS;9986.0;5
349447;;;ASH_COATED_OSMIUM;XIRECS;9992.0;3
352796;;;ASH_COATED_OSMIUM;XIRECS;10005.0;3
355716;;;ASH_COATED_OSMIUM;XIRECS;9982.0;5
356116;;;ASH_COATED_OSMIUM;XIRECS;9995.0;6
356949;;;ASH_COATED_OSMIUM;XIRECS;10010.0;10
357273;;;ASH_COATED_OSMIUM;XIRECS;9987.0;3
357568;;;ASH_COATED_OSMIUM;XIRECS;9992.0;7
358391;;;INTARIAN_PEPPER_ROOT;XIRECS;47354.0;5
359456;;;ASH_COATED_OSMIUM;XIRECS;9991.0;5
359746;;;ASH_COATED_OSMIUM;XIRECS;10011.0;4
359774;;;INTARIAN_PEPPER_ROOT;XIRECS;47352.0;7
361159;;;INTARIAN_PEPPER_ROOT;XIRECS;47366.0;3
363376;;;ASH_COATED_OSMIUM;XIRECS;9991.0;6
364258;;;ASH_COATED_OSMIUM;XIRECS;9994.0;5
364375;;;ASH_COATED_OSMIUM;XIRECS;9997.0;6
366776;;;INTARIAN_PEPPER_ROOT;XIRECS;47360.0;7
366956;;;ASH_COATED_OSMIUM;XIRECS;9988.0;5
367650;;;ASH_COATED_OSMIUM;XIRECS;9995.0;3
369199;;;ASH_COATED_OSMIUM;XIRECS;9994.0;5
371735;;;INTARIAN_PEPPER_ROOT;XIRECS;47360.0;4
373138;;;ASH_COATED_OSMIUM;XIRECS;9990.0;9
374965;;;ASH_COATED_OSMIUM;XIRECS;10012.0;6
375846;;;INTARIAN_PEPPER_ROOT;XIRECS;47384.0;3
377016;;;ASH_COATED_OSMIUM;XIRECS;10003.0;8
377783;;;INTARIAN_PEPPER_ROOT;XIRECS;47370.0;4
379356;;;ASH_COATED_OSMIUM;XIRECS;9991.0;5
379859;;;ASH_COATED_OSMIUM;XIRECS;10001.0;4
382038;;;INTARIAN_PEPPER_ROOT;XIRECS;47393.0;6
383003;;;ASH_COATED_OSMIUM;XIRECS;9995.0;2
383020;;;INTARIAN_PEPPER_ROOT;XIRECS;47374.0;7
384508;;;INTARIAN_PEPPER_ROOT;XIRECS;47387.0;6
386256;;;ASH_COATED_OSMIUM;XIRECS;10012.0;8
386450;;;ASH_COATED_OSMIUM;XIRECS;9992.0;4
387189;;;ASH_COATED_OSMIUM;XIRECS;10011.0;3
388733;;;ASH_COATED_OSMIUM;XIRECS;10009.0;6
393453;;;INTARIAN_PEPPER_ROOT;XIRECS;47389.0;8
394159;;;ASH_COATED_OSMIUM;XIRECS;10010.0;5
394368;;;ASH_COATED_OSMIUM;XIRECS;9991.0;3
395178;;;ASH_COATED_OSMIUM;XIRECS;9990.0;7
396502;;;ASH_COATED_OSMIUM;XIRECS;10003.0;5
398267;;;INTARIAN_PEPPER_ROOT;XIRECS;47388.0;5
400925;;;ASH_COATED_OSMIUM;XIRECS;10013.0;5
401323;;;ASH_COATED_OSMIUM;XIRECS;10006.0;2
402190;;;ASH_COATED_OSMIUM;XIRECS;9982.0;7
402403;;;ASH_COATED_OSMIUM;XIRECS;9985.0;3
403227;;;ASH_COATED_OSMIUM;XIRECS;9981.0;6
404734;;;INTARIAN_PEPPER_ROOT;XIRECS;47399.0;3
405908;;;INTARIAN_PEPPER_ROOT;XIRECS;47404.0;5
408794;;;INTARIAN_PEPPER_ROOT;XIRECS;47401.0;6
408797;;;ASH_COATED_OSMIUM;XIRECS;10005.0;8
410410;;;ASH_COATED_OSMIUM;XIRECS;10008.0;8
411889;;;ASH_COATED_OSMIUM;XIRECS;10012.0;6
412228;;;ASH_COATED_OSMIUM;XIRECS;9990.0;6
413404;;;ASH_COATED_OSMIUM;XIRECS;9986.0;8
414687;;;INTARIAN_PEPPER_ROOT;XIRECS;47419.0;4
415092;;;ASH_COATED_OSMIUM;XIRECS;9989.0;10
416705;;;ASH_COATED_OSMIUM;XIRECS;9987.0;3
418417;;;INTARIAN_PEPPER_ROOT;XIRECS;47424.0;4
418912;;;INTARIAN_PEPPER_ROOT;XIRECS;47424.0;3
419240;;;INTARIAN_PEPPER_ROOT;XIRECS;47430.0;3
419790;;;ASH_COATED_OSMIUM;XIRECS;10008.0;10
419863;;;ASH_COATED_OSMIUM;XIRECS;9995.0;4
423043;;;INTARIAN_PEPPER_ROOT;XIRECS;47428.0;5
425324;;;ASH_COATED_OSMIUM;XIRECS;9991.0;3
428071;;;ASH_COATED_OSMIUM;XIRECS;9987.0;6
429392;;;ASH_COATED_OSMIUM;XIRECS;9991.0;2
430040;;;INTARIAN_PEPPER_ROOT;XIRECS;47437.0;7
430332;;;ASH_COATED_OSMIUM;XIRECS;10012.0;2
431626;;;ASH_COATED_OSMIUM;XIRECS;9994.0;6
431890;;;INTARIAN_PEPPER_ROOT;XIRECS;47440.0;3
432029;;;ASH_COATED_OSMIUM;XIRECS;10004.0;4
435154;;;ASH_COATED_OSMIUM;XIRECS;10017.0;10
435966;;;ASH_COATED_OSMIUM;XIRECS;9993.0;9
436045;;;ASH_COATED_OSMIUM;XIRECS;9995.0;4
436427;;;INTARIAN_PEPPER_ROOT;XIRECS;47428.0;4
437056;;;ASH_COATED_OSMIUM;XIRECS;9993.0;3
437275;;;ASH_COATED_OSMIUM;XIRECS;9988.0;3
437384;;;INTARIAN_PEPPER_ROOT;XIRECS;47429.0;5
439550;;;ASH_COATED_OSMIUM;XIRECS;10017.0;10
440590;;;ASH_COATED_OSMIUM;XIRECS;9977.0;10
441836;;;INTARIAN_PEPPER_ROOT;XIRECS;47448.0;7
442557;;;ASH_COATED_OSMIUM;XIRECS;10000.0;3
443518;;;INTARIAN_PEPPER_ROOT;XIRECS;47449.0;7
446081;;;INTARIAN_PEPPER_ROOT;XIRECS;47452.0;7
447189;;;INTARIAN_PEPPER_ROOT;XIRECS;47453.0;7
448821;;;ASH_COATED_OSMIUM;XIRECS;9985.0;6
451194;;;ASH_COATED_OSMIUM;XIRECS;10018.0;3
453199;;;ASH_COATED_OSMIUM;XIRECS;9996.0;9
453953;;;ASH_COATED_OSMIUM;XIRECS;9990.0;4
454507;;;ASH_COATED_OSMIUM;XIRECS;9999.0;7
454958;;;ASH_COATED_OSMIUM;XIRECS;10002.0;4
457252;;;ASH_COATED_OSMIUM;XIRECS;10012.0;10
457496;;;ASH_COATED_OSMIUM;XIRECS;10004.0;3
458243;;;INTARIAN_PEPPER_ROOT;XIRECS;47448.0;7
458401;;;ASH_COATED_OSMIUM;XIRECS;10013.0;5
459781;;;INTARIAN_PEPPER_ROOT;XIRECS;47461.0;5
459909;;;ASH_COATED_OSMIUM;XIRECS;9995.0;5
464438;;;INTARIAN_PEPPER_ROOT;XIRECS;47456.0;8
464612;;;ASH_COATED_OSMIUM;XIRECS;9985.0;8
464804;;;ASH_COATED_OSMIUM;XIRECS;10005.0;3
465185;;;ASH_COATED_OSMIUM;XIRECS;9989.0;3
466671;;;ASH_COATED_OSMIUM;XIRECS;10003.0;9
467857;;;INTARIAN_PEPPER_ROOT;XIRECS;47472.0;6
469456;;;INTARIAN_PEPPER_ROOT;XIRECS;47463.0;5
469570;;;ASH_COATED_OSMIUM;XIRECS;10007.0;4
473623;;;ASH_COATED_OSMIUM;XIRECS;9996.0;5
473729;;;ASH_COATED_OSMIUM;XIRECS;10002.0;4
473887;;;ASH_COATED_OSMIUM;XIRECS;10004.0;7
475021;;;ASH_COATED_OSMIUM;XIRECS;10007.0;4
475229;;;ASH_COATED_OSMIUM;XIRECS;10001.0;3
475335;;;ASH_COATED_OSMIUM;XIRECS;9998.0;4
476165;;;INTARIAN_PEPPER_ROOT;XIRECS;47469.0;5
480569;;;INTARIAN_PEPPER_ROOT;XIRECS;47487.0;5
480581;;;ASH_COATED_OSMIUM;XIRECS;9989.0;5
482661;;;INTARIAN_PEPPER_ROOT;XIRECS;47488.0;6
484867;;;INTARIAN_PEPPER_ROOT;XIRECS;47493.0;4
485577;;;ASH_COATED_OSMIUM;XIRECS;10009.0;5
485938;;;ASH_COATED_OSMIUM;XIRECS;9999.0;3
486104;;;INTARIAN_PEPPER_ROOT;XIRECS;47479.0;4
486618;;;INTARIAN_PEPPER_ROOT;XIRECS;47480.0;6
486954;;;ASH_COATED_OSMIUM;XIRECS;9983.0;5
487735;;;ASH_COATED_OSMIUM;XIRECS;10013.0;7
490757;;;ASH_COATED_OSMIUM;XIRECS;9987.0;3
491095;;;ASH_COATED_OSMIUM;XIRECS;10010.0;2
492118;;;ASH_COATED_OSMIUM;XIRECS;9992.0;3
494561;;;INTARIAN_PEPPER_ROOT;XIRECS;47489.0;7
494716;;;ASH_COATED_OSMIUM;XIRECS;9994.0;5
495986;;;ASH_COATED_OSMIUM;XIRECS;9985.0;8
496701;;;ASH_COATED_OSMIUM;XIRECS;10012.0;4
497026;;;INTARIAN_PEPPER_ROOT;XIRECS;47491.0;3
497310;;;ASH_COATED_OSMIUM;XIRECS;10001.0;6
498587;;;INTARIAN_PEPPER_ROOT;XIRECS;47492.0;8
500114;;;ASH_COATED_OSMIUM;XIRECS;9989.0;7
501018;;;INTARIAN_PEPPER_ROOT;XIRECS;47511.0;7
501193;;;ASH_COATED_OSMIUM;XIRECS;9993.0;9
501333;;;ASH_COATED_OSMIUM;XIRECS;9984.0;2
501705;;;ASH_COATED_OSMIUM;XIRECS;10010.0;2
502465;;;ASH_COATED_OSMIUM;XIRECS;10014.0;3
502820;;;ASH_COATED_OSMIUM;XIRECS;10008.0;6
503895;;;INTARIAN_PEPPER_ROOT;XIRECS;47496.0;3
506333;;;ASH_COATED_OSMIUM;XIRECS;10018.0;2
506452;;;ASH_COATED_OSMIUM;XIRECS;10008.0;6
507550;;;INTARIAN_PEPPER_ROOT;XIRECS;47501.0;3
509848;;;ASH_COATED_OSMIUM;XIRECS;10004.0;2
511067;;;INTARIAN_PEPPER_ROOT;XIRECS;47519.0;4
511936;;;INTARIAN_PEPPER_ROOT;XIRECS;47520.0;6
511958;;;ASH_COATED_OSMIUM;XIRECS;10008.0;3
512139;;;ASH_COATED_OSMIUM;XIRECS;10007.0;2
512729;;;INTARIAN_PEPPER_ROOT;XIRECS;47520.0;3
513414;;;ASH_COATED_OSMIUM;XIRECS;9998.0;8
514718;;;ASH_COATED_OSMIUM;XIRECS;9991.0;5
515117;;;ASH_COATED_OSMIUM;XIRECS;9991.0;4
515665;;;ASH_COATED_OSMIUM;XIRECS;10011.0;5
517502;;;ASH_COATED_OSMIUM;XIRECS;10004.0;6
517802;;;ASH_COATED_OSMIUM;XIRECS;10001.0;2
521601;;;ASH_COATED_OSMIUM;XIRECS;9989.0;4
526781;;;INTARIAN_PEPPER_ROOT;XIRECS;47517.0;3
527419;;;ASH_COATED_OSMIUM;XIRECS;9991.0;3
528796;;;ASH_COATED_OSMIUM;XIRECS;9997.0;2
529855;;;INTARIAN_PEPPER_ROOT;XIRECS;47534.0;5
531417;;;ASH_COATED_OSMIUM;XIRECS;10000.0;5
532527;;;ASH_COATED_OSMIUM;XIRECS;10005.0;6
533032;;;ASH_COATED_OSMIUM;XIRECS;10006.0;6
536189;;;INTARIAN_PEPPER_ROOT;XIRECS;47528.0;5
537276;;;INTARIAN_PEPPER_ROOT;XIRECS;47527.0;6
538774;;;ASH_COATED_OSMIUM;XIRECS;9989.0;2
541441;;;INTARIAN_PEPPER_ROOT;XIRECS;47547.0;6
542002;;;ASH_COATED_OSMIUM;XIRECS;10002.0;2
542035;;;INTARIAN_PEPPER_ROOT;XIRECS;47549.0;8
547602;;;ASH_COATED_OSMIUM;XIRECS;9994.0;9
547727;;;ASH_COATED_OSMIUM;XIRECS;10010.0;3
549594;;;INTARIAN_PEPPER_ROOT;XIRECS;47543.0;7
552054;;;INTARIAN_PEPPER_ROOT;XIRECS;47558.0;7
559044;;;ASH_COATED_OSMIUM;XIRECS;9992.0;3
559903;;;INTARIAN_PEPPER_ROOT;XIRECS;47552.0;6
560736;;;INTARIAN_PEPPER_ROOT;XIRECS;47552.0;6
561124;;;INTARIAN_PEPPER_ROOT;XIRECS;47569.0;5
562021;;;INTARIAN_PEPPER_ROOT;XIRECS;47567.0;5
565088;;;INTARIAN_PEPPER_ROOT;XIRECS;47560.0;3
567267;;;INTARIAN_PEPPER_ROOT;XIRECS;47579.0;6
572114;;;ASH_COATED_OSMIUM;XIRECS;10004.0;4
572344;;;INTARIAN_PEPPER_ROOT;XIRECS;47565.0;3
576465;;;ASH_COATED_OSMIUM;XIRECS;10008.0;5
578625;;;ASH_COATED_OSMIUM;XIRECS;9988.0;5
582488;;;ASH_COATED_OSMIUM;XIRECS;10009.0;3
583729;;;INTARIAN_PEPPER_ROOT;XIRECS;47577.0;6
584469;;;ASH_COATED_OSMIUM;XIRECS;10016.0;5
584704;;;ASH_COATED_OSMIUM;XIRECS;10000.0;7
585333;;;ASH_COATED_OSMIUM;XIRECS;10005.0;4
586028;;;INTARIAN_PEPPER_ROOT;XIRECS;47579.0;3
587273;;;ASH_COATED_OSMIUM;XIRECS;10006.0;5
588049;;;ASH_COATED_OSMIUM;XIRECS;10004.0;2
588872;;;ASH_COATED_OSMIUM;XIRECS;9986.0;6
589156;;;INTARIAN_PEPPER_ROOT;XIRECS;47586.0;4
589892;;;INTARIAN_PEPPER_ROOT;XIRECS;47582.0;5
590608;;;INTARIAN_PEPPER_ROOT;XIRECS;47594.0;3
591753;;;ASH_COATED_OSMIUM;XIRECS;9995.0;4
592697;;;ASH_COATED_OSMIUM;XIRECS;10015.0;8
593356;;;INTARIAN_PEPPER_ROOT;XIRECS;47599.0;6
593474;;;ASH_COATED_OSMIUM;XIRECS;10006.0;6
598254;;;INTARIAN_PEPPER_ROOT;XIRECS;47594.0;7
598714;;;ASH_COATED_OSMIUM;XIRECS;10010.0;2
600267;;;INTARIAN_PEPPER_ROOT;XIRECS;47607.0;3
600570;;;INTARIAN_PEPPER_ROOT;XIRECS;47608.0;3
601094;;;ASH_COATED_OSMIUM;XIRECS;10011.0;4
601772;;;INTARIAN_PEPPER_ROOT;XIRECS;47591.0;7
604786;;;ASH_COATED_OSMIUM;XIRECS;10000.0;7
605777;;;INTARIAN_PEPPER_ROOT;XIRECS;47598.0;6
607462;;;ASH_COATED_OSMIUM;XIRECS;10014.0;6
608438;;;ASH_COATED_OSMIUM;XIRECS;10007.0;6
608823;;;ASH_COATED_OSMIUM;XIRECS;10000.0;6
609825;;;INTARIAN_PEPPER_ROOT;XIRECS;47618.0;5
612211;;;ASH_COATED_OSMIUM;XIRECS;10006.0;10
612580;;;ASH_COATED_OSMIUM;XIRECS;10002.0;5
614250;;;INTARIAN_PEPPER_ROOT;XIRECS;47617.0;7
615520;;;ASH_COATED_OSMIUM;XIRECS;9990.0;3
615938;;;ASH_COATED_OSMIUM;XIRECS;9995.0;5
616976;;;ASH_COATED_OSMIUM;XIRECS;10000.0;2
617106;;;ASH_COATED_OSMIUM;XIRECS;9999.0;10
617973;;;ASH_COATED_OSMIUM;XIRECS;9996.0;6
622484;;;ASH_COATED_OSMIUM;XIRECS;10012.0;7
622623;;;ASH_COATED_OSMIUM;XIRECS;9989.0;4
623473;;;ASH_COATED_OSMIUM;XIRECS;10004.0;7
625393;;;ASH_COATED_OSMIUM;XIRECS;9993.0;4
626403;;;INTARIAN_PEPPER_ROOT;XIRECS;47626.0;5
628355;;;ASH_COATED_OSMIUM;XIRECS;10008.0;9
631209;;;ASH_COATED_OSMIUM;XIRECS;10008.0;10
635193;;;ASH_COATED_OSMIUM;XIRECS;9999.0;4
638087;;;ASH_COATED_OSMIUM;XIRECS;10009.0;2
639414;;;INTARIAN_PEPPER_ROOT;XIRECS;47633.0;6
640515;;;INTARIAN_PEPPER_ROOT;XIRECS;47649.0;4
641992;;;ASH_COATED_OSMIUM;XIRECS;9999.0;7
642688;;;ASH_COATED_OSMIUM;XIRECS;9995.0;5
644685;;;INTARIAN_PEPPER_ROOT;XIRECS;47641.0;8
645246;;;INTARIAN_PEPPER_ROOT;XIRECS;47650.0;4
648783;;;ASH_COATED_OSMIUM;XIRECS;9994.0;8
649080;;;ASH_COATED_OSMIUM;XIRECS;9991.0;8
651380;;;INTARIAN_PEPPER_ROOT;XIRECS;47658.0;5
652611;;;ASH_COATED_OSMIUM;XIRECS;9995.0;3
653459;;;INTARIAN_PEPPER_ROOT;XIRECS;47663.0;4
653810;;;ASH_COATED_OSMIUM;XIRECS;10000.0;4
655614;;;ASH_COATED_OSMIUM;XIRECS;10000.0;6
656951;;;INTARIAN_PEPPER_ROOT;XIRECS;47657.0;6
660393;;;INTARIAN_PEPPER_ROOT;XIRECS;47649.0;6
660581;;;ASH_COATED_OSMIUM;XIRECS;10008.0;7
662066;;;INTARIAN_PEPPER_ROOT;XIRECS;47655.0;7
663167;;;INTARIAN_PEPPER_ROOT;XIRECS;47669.0;5
665356;;;ASH_COATED_OSMIUM;XIRECS;9983.0;2
667162;;;INTARIAN_PEPPER_ROOT;XIRECS;47674.0;4
669482;;;ASH_COATED_OSMIUM;XIRECS;10013.0;10
671642;;;ASH_COATED_OSMIUM;XIRECS;9996.0;10
672501;;;INTARIAN_PEPPER_ROOT;XIRECS;47667.0;7
674430;;;INTARIAN_PEPPER_ROOT;XIRECS;47670.0;4
675087;;;ASH_COATED_OSMIUM;XIRECS;10004.0;6
675390;;;INTARIAN_PEPPER_ROOT;XIRECS;47681.0;5
676889;;;ASH_COATED_OSMIUM;XIRECS;9990.0;4
677077;;;ASH_COATED_OSMIUM;XIRECS;9984.0;2
677703;;;INTARIAN_PEPPER_ROOT;XIRECS;47670.0;3
678579;;;ASH_COATED_OSMIUM;XIRECS;10006.0;6
679206;;;INTARIAN_PEPPER_ROOT;XIRECS;47683.0;7
679603;;;ASH_COATED_OSMIUM;XIRECS;10012.0;5
679895;;;ASH_COATED_OSMIUM;XIRECS;10008.0;8
680814;;;ASH_COATED_OSMIUM;XIRECS;9998.0;5
681271;;;ASH_COATED_OSMIUM;XIRECS;10009.0;6
683114;;;ASH_COATED_OSMIUM;XIRECS;9987.0;4
683455;;;ASH_COATED_OSMIUM;XIRECS;9982.0;4
684018;;;INTARIAN_PEPPER_ROOT;XIRECS;47690.0;7
684601;;;ASH_COATED_OSMIUM;XIRECS;10004.0;4
684727;;;ASH_COATED_OSMIUM;XIRECS;10007.0;6
685813;;;ASH_COATED_OSMIUM;XIRECS;9997.0;10
687245;;;ASH_COATED_OSMIUM;XIRECS;9996.0;4
687251;;;ASH_COATED_OSMIUM;XIRECS;10012.0;8
687315;;;ASH_COATED_OSMIUM;XIRECS;9995.0;3
687801;;;ASH_COATED_OSMIUM;XIRECS;9998.0;6
688340;;;ASH_COATED_OSMIUM;XIRECS;9995.0;3
689269;;;INTARIAN_PEPPER_ROOT;XIRECS;47692.0;7
689730;;;INTARIAN_PEPPER_ROOT;XIRECS;47684.0;6
689790;;;ASH_COATED_OSMIUM;XIRECS;9993.0;5
691668;;;INTARIAN_PEPPER_ROOT;XIRECS;47699.0;7
693391;;;ASH_COATED_OSMIUM;XIRECS;9989.0;6
693857;;;ASH_COATED_OSMIUM;XIRECS;9986.0;2
694965;;;INTARIAN_PEPPER_ROOT;XIRECS;47702.0;4
696833;;;INTARIAN_PEPPER_ROOT;XIRECS;47693.0;3
697046;;;INTARIAN_PEPPER_ROOT;XIRECS;47688.0;6
697300;;;ASH_COATED_OSMIUM;XIRECS;9997.0;5
698108;;;ASH_COATED_OSMIUM;XIRECS;9991.0;6
699912;;;INTARIAN_PEPPER_ROOT;XIRECS;47705.0;6
700135;;;ASH_COATED_OSMIUM;XIRECS;10009.0;8
702056;;;ASH_COATED_OSMIUM;XIRECS;9991.0;6
702640;;;INTARIAN_PEPPER_ROOT;XIRECS;47707.0;7
704950;;;ASH_COATED_OSMIUM;XIRECS;9995.0;2
705432;;;ASH_COATED_OSMIUM;XIRECS;9992.0;9
707588;;;ASH_COATED_OSMIUM;XIRECS;9994.0;4
707670;;;ASH_COATED_OSMIUM;XIRECS;9995.0;2
708449;;;ASH_COATED_OSMIUM;XIRECS;9987.0;2
708553;;;ASH_COATED_OSMIUM;XIRECS;9993.0;7
710185;;;INTARIAN_PEPPER_ROOT;XIRECS;47717.0;7
710397;;;ASH_COATED_OSMIUM;XIRECS;10016.0;7
710438;;;INTARIAN_PEPPER_ROOT;XIRECS;47720.0;6
711976;;;INTARIAN_PEPPER_ROOT;XIRECS;47704.0;5
712611;;;ASH_COATED_OSMIUM;XIRECS;9999.0;4
713716;;;INTARIAN_PEPPER_ROOT;XIRECS;47706.0;5
716035;;;ASH_COATED_OSMIUM;XIRECS;10000.0;9
716476;;;ASH_COATED_OSMIUM;XIRECS;9995.0;6
723529;;;INTARIAN_PEPPER_ROOT;XIRECS;47713.0;7
726225;;;ASH_COATED_OSMIUM;XIRECS;9998.0;6
726638;;;INTARIAN_PEPPER_ROOT;XIRECS;47733.0;5
727096;;;ASH_COATED_OSMIUM;XIRECS;10005.0;5
727707;;;ASH_COATED_OSMIUM;XIRECS;9997.0;6
728998;;;ASH_COATED_OSMIUM;XIRECS;9986.0;9
731800;;;ASH_COATED_OSMIUM;XIRECS;9994.0;5
731954;;;INTARIAN_PEPPER_ROOT;XIRECS;47729.0;4
731975;;;INTARIAN_PEPPER_ROOT;XIRECS;47740.0;7
737037;;;INTARIAN_PEPPER_ROOT;XIRECS;47744.0;6
737473;;;ASH_COATED_OSMIUM;XIRECS;9999.0;6
742235;;;INTARIAN_PEPPER_ROOT;XIRECS;47747.0;6
745335;;;ASH_COATED_OSMIUM;XIRECS;9989.0;4
746092;;;ASH_COATED_OSMIUM;XIRECS;10005.0;3
748349;;;ASH_COATED_OSMIUM;XIRECS;9985.0;3
748484;;;ASH_COATED_OSMIUM;XIRECS;9984.0;6
750918;;;ASH_COATED_OSMIUM;XIRECS;10001.0;2
751660;;;ASH_COATED_OSMIUM;XIRECS;9999.0;9
751774;;;ASH_COATED_OSMIUM;XIRECS;9994.0;5
751808;;;INTARIAN_PEPPER_ROOT;XIRECS;47761.0;3
752027;;;ASH_COATED_OSMIUM;XIRECS;9993.0;3
752205;;;INTARIAN_PEPPER_ROOT;XIRECS;47748.0;4
752287;;;ASH_COATED_OSMIUM;XIRECS;9985.0;2
752950;;;ASH_COATED_OSMIUM;XIRECS;9992.0;9
755686;;;ASH_COATED_OSMIUM;XIRECS;9994.0;8
757680;;;ASH_COATED_OSMIUM;XIRECS;10010.0;5
757721;;;INTARIAN_PEPPER_ROOT;XIRECS;47751.0;3
757975;;;ASH_COATED_OSMIUM;XIRECS;9996.0;2
758807;;;ASH_COATED_OSMIUM;XIRECS;10009.0;7
763860;;;ASH_COATED_OSMIUM;XIRECS;10003.0;2
767287;;;INTARIAN_PEPPER_ROOT;XIRECS;47761.0;5
768010;;;INTARIAN_PEPPER_ROOT;XIRECS;47773.0;5
768259;;;INTARIAN_PEPPER_ROOT;XIRECS;47773.0;5
768367;;;ASH_COATED_OSMIUM;XIRECS;9992.0;4
769508;;;INTARIAN_PEPPER_ROOT;XIRECS;47780.0;6
774083;;;ASH_COATED_OSMIUM;XIRECS;10010.0;9
774451;;;ASH_COATED_OSMIUM;XIRECS;9989.0;9
779319;;;ASH_COATED_OSMIUM;XIRECS;10012.0;6
782741;;;INTARIAN_PEPPER_ROOT;XIRECS;47786.0;5
783030;;;INTARIAN_PEPPER_ROOT;XIRECS;47790.0;3
784479;;;ASH_COATED_OSMIUM;XIRECS;10016.0;5
784862;;;ASH_COATED_OSMIUM;XIRECS;9986.0;6
785221;;;ASH_COATED_OSMIUM;XIRECS;10000.0;7
787636;;;ASH_COATED_OSMIUM;XIRECS;9993.0;7
788635;;;ASH_COATED_OSMIUM;XIRECS;9998.0;3
788755;;;ASH_COATED_OSMIUM;XIRECS;10015.0;2
789800;;;INTARIAN_PEPPER_ROOT;XIRECS;47781.0;5
790761;;;ASH_COATED_OSMIUM;XIRECS;9998.0;5
790910;;;ASH_COATED_OSMIUM;XIRECS;9983.0;3
795506;;;ASH_COATED_OSMIUM;XIRECS;9997.0;2
795674;;;INTARIAN_PEPPER_ROOT;XIRECS;47802.0;4
795901;;;INTARIAN_PEPPER_ROOT;XIRECS;47805.0;7
796993;;;INTARIAN_PEPPER_ROOT;XIRECS;47798.0;5
800987;;;ASH_COATED_OSMIUM;XIRECS;10007.0;4
802971;;;ASH_COATED_OSMIUM;XIRECS;10000.0;6
804144;;;ASH_COATED_OSMIUM;XIRECS;9990.0;8
804160;;;ASH_COATED_OSMIUM;XIRECS;10006.0;10
806276;;;INTARIAN_PEPPER_ROOT;XIRECS;47814.0;7
806501;;;ASH_COATED_OSMIUM;XIRECS;10012.0;9
806726;;;ASH_COATED_OSMIUM;XIRECS;10010.0;4
807955;;;ASH_COATED_OSMIUM;XIRECS;9989.0;7
811072;;;INTARIAN_PEPPER_ROOT;XIRECS;47807.0;7
813243;;;INTARIAN_PEPPER_ROOT;XIRECS;47811.0;3
813583;;;ASH_COATED_OSMIUM;XIRECS;9996.0;6
814437;;;ASH_COATED_OSMIUM;XIRECS;9997.0;5
814523;;;ASH_COATED_OSMIUM;XIRECS;10011.0;8
816632;;;ASH_COATED_OSMIUM;XIRECS;9994.0;2
816905;;;ASH_COATED_OSMIUM;XIRECS;10004.0;3
817075;;;INTARIAN_PEPPER_ROOT;XIRECS;47824.0;4
817500;;;ASH_COATED_OSMIUM;XIRECS;9993.0;3
820112;;;ASH_COATED_OSMIUM;XIRECS;10000.0;2
822617;;;ASH_COATED_OSMIUM;XIRECS;10017.0;9
825882;;;ASH_COATED_OSMIUM;XIRECS;10010.0;10
826449;;;ASH_COATED_OSMIUM;XIRECS;10012.0;5
826997;;;ASH_COATED_OSMIUM;XIRECS;10008.0;4
827986;;;INTARIAN_PEPPER_ROOT;XIRECS;47825.0;3
831771;;;INTARIAN_PEPPER_ROOT;XIRECS;47836.0;4
834822;;;ASH_COATED_OSMIUM;XIRECS;9993.0;5
835563;;;ASH_COATED_OSMIUM;XIRECS;10014.0;4
835736;;;ASH_COATED_OSMIUM;XIRECS;10007.0;8
836074;;;ASH_COATED_OSMIUM;XIRECS;10006.0;7
836403;;;ASH_COATED_OSMIUM;XIRECS;9988.0;5
842831;;;ASH_COATED_OSMIUM;XIRECS;9987.0;6
843219;;;ASH_COATED_OSMIUM;XIRECS;10008.0;6
843751;;;ASH_COATED_OSMIUM;XIRECS;10005.0;3
843872;;;INTARIAN_PEPPER_ROOT;XIRECS;47837.0;6
849511;;;ASH_COATED_OSMIUM;XIRECS;10015.0;9
849540;;;INTARIAN_PEPPER_ROOT;XIRECS;47845.0;6
849720;;;INTARIAN_PEPPER_ROOT;XIRECS;47842.0;5
849906;;;ASH_COATED_OSMIUM;XIRECS;10010.0;3
850917;;;ASH_COATED_OSMIUM;XIRECS;9990.0;5
852803;;;ASH_COATED_OSMIUM;XIRECS;9997.0;6
853227;;;ASH_COATED_OSMIUM;XIRECS;9995.0;9
854917;;;INTARIAN_PEPPER_ROOT;XIRECS;47862.0;6
855487;;;ASH_COATED_OSMIUM;XIRECS;9996.0;3
857066;;;INTARIAN_PEPPER_ROOT;XIRECS;47865.0;3
857601;;;ASH_COATED_OSMIUM;XIRECS;9989.0;4
858019;;;INTARIAN_PEPPER_ROOT;XIRECS;47866.0;6
862813;;;ASH_COATED_OSMIUM;XIRECS;10007.0;2
865235;;;INTARIAN_PEPPER_ROOT;XIRECS;47858.0;3
866806;;;ASH_COATED_OSMIUM;XIRECS;10011.0;2
868979;;;INTARIAN_PEPPER_ROOT;XIRECS;47874.0;3
870370;;;ASH_COATED_OSMIUM;XIRECS;9990.0;5
871161;;;ASH_COATED_OSMIUM;XIRECS;10006.0;5
871397;;;INTARIAN_PEPPER_ROOT;XIRECS;47882.0;4
872133;;;INTARIAN_PEPPER_ROOT;XIRECS;47877.0;3
873049;;;ASH_COATED_OSMIUM;XIRECS;10018.0;4
873999;;;INTARIAN_PEPPER_ROOT;XIRECS;47880.0;7
875381;;;ASH_COATED_OSMIUM;XIRECS;9983.0;4
875672;;;ASH_COATED_OSMIUM;XIRECS;9997.0;10
877416;;;ASH_COATED_OSMIUM;XIRECS;9995.0;6
880038;;;INTARIAN_PEPPER_ROOT;XIRECS;47870.0;3
880894;;;ASH_COATED_OSMIUM;XIRECS;10006.0;4
883327;;;ASH_COATED_OSMIUM;XIRECS;10000.0;5
883667;;;INTARIAN_PEPPER_ROOT;XIRECS;47872.0;6
886477;;;ASH_COATED_OSMIUM;XIRECS;10003.0;4
887601;;;ASH_COATED_OSMIUM;XIRECS;9985.0;6
888128;;;ASH_COATED_OSMIUM;XIRECS;9985.0;7
888886;;;ASH_COATED_OSMIUM;XIRECS;9993.0;5
890074;;;ASH_COATED_OSMIUM;XIRECS;9991.0;5
892175;;;INTARIAN_PEPPER_ROOT;XIRECS;47890.0;4
893841;;;ASH_COATED_OSMIUM;XIRECS;10013.0;6
896007;;;ASH_COATED_OSMIUM;XIRECS;9986.0;6
898824;;;INTARIAN_PEPPER_ROOT;XIRECS;47901.0;3
899269;;;INTARIAN_PEPPER_ROOT;XIRECS;47909.0;4
901746;;;ASH_COATED_OSMIUM;XIRECS;10004.0;10
901877;;;ASH_COATED_OSMIUM;XIRECS;9979.0;10
901911;;;INTARIAN_PEPPER_ROOT;XIRECS;47895.0;4
902855;;;INTARIAN_PEPPER_ROOT;XIRECS;47895.0;4
904339;;;INTARIAN_PEPPER_ROOT;XIRECS;47904.0;4
904358;;;INTARIAN_PEPPER_ROOT;XIRECS;47904.0;4
904948;;;ASH_COATED_OSMIUM;XIRECS;10012.0;10
908652;;;ASH_COATED_OSMIUM;XIRECS;9996.0;3
909592;;;ASH_COATED_OSMIUM;XIRECS;9987.0;6
910406;;;INTARIAN_PEPPER_ROOT;XIRECS;47907.0;6
910627;;;INTARIAN_PEPPER_ROOT;XIRECS;47917.0;4
910908;;;ASH_COATED_OSMIUM;XIRECS;10012.0;3
915444;;;INTARIAN_PEPPER_ROOT;XIRECS;47905.0;4
915964;;;ASH_COATED_OSMIUM;XIRECS;9990.0;7
916436;;;ASH_COATED_OSMIUM;XIRECS;10004.0;10
916800;;;ASH_COATED_OSMIUM;XIRECS;10007.0;6
921019;;;INTARIAN_PEPPER_ROOT;XIRECS;47926.0;7
922229;;;ASH_COATED_OSMIUM;XIRECS;9992.0;4
922442;;;ASH_COATED_OSMIUM;XIRECS;9988.0;6
922791;;;ASH_COATED_OSMIUM;XIRECS;9998.0;2
924682;;;INTARIAN_PEPPER_ROOT;XIRECS;47932.0;6
925306;;;ASH_COATED_OSMIUM;XIRECS;9997.0;6
925310;;;ASH_COATED_OSMIUM;XIRECS;10013.0;3
927881;;;INTARIAN_PEPPER_ROOT;XIRECS;47923.0;8
928851;;;ASH_COATED_OSMIUM;XIRECS;9988.0;5
931523;;;ASH_COATED_OSMIUM;XIRECS;9996.0;5
932475;;;ASH_COATED_OSMIUM;XIRECS;9996.0;6
935352;;;INTARIAN_PEPPER_ROOT;XIRECS;47929.0;4
935377;;;INTARIAN_PEPPER_ROOT;XIRECS;47944.0;3
935694;;;INTARIAN_PEPPER_ROOT;XIRECS;47931.0;7
937170;;;ASH_COATED_OSMIUM;XIRECS;10011.0;5
937828;;;ASH_COATED_OSMIUM;XIRECS;10001.0;8
938080;;;ASH_COATED_OSMIUM;XIRECS;9998.0;6
939830;;;INTARIAN_PEPPER_ROOT;XIRECS;47931.0;6
940152;;;INTARIAN_PEPPER_ROOT;XIRECS;47930.0;7
942930;;;ASH_COATED_OSMIUM;XIRECS;10011.0;4
943815;;;ASH_COATED_OSMIUM;XIRECS;9991.0;3
944373;;;INTARIAN_PEPPER_ROOT;XIRECS;47948.0;7
946415;;;ASH_COATED_OSMIUM;XIRECS;10011.0;3
947084;;;INTARIAN_PEPPER_ROOT;XIRECS;47951.0;3
947174;;;ASH_COATED_OSMIUM;XIRECS;9990.0;6
950778;;;ASH_COATED_OSMIUM;XIRECS;10011.0;4
951099;;;INTARIAN_PEPPER_ROOT;XIRECS;47944.0;3
951154;;;INTARIAN_PEPPER_ROOT;XIRECS;47958.0;5
952631;;;INTARIAN_PEPPER_ROOT;XIRECS;47958.0;6
955010;;;INTARIAN_PEPPER_ROOT;XIRECS;47963.0;6
955081;;;INTARIAN_PEPPER_ROOT;XIRECS;47963.0;6
955353;;;ASH_COATED_OSMIUM;XIRECS;10009.0;3
955655;;;INTARIAN_PEPPER_ROOT;XIRECS;47951.0;7
955960;;;ASH_COATED_OSMIUM;XIRECS;9978.0;5
957898;;;ASH_COATED_OSMIUM;XIRECS;9990.0;6
962677;;;INTARIAN_PEPPER_ROOT;XIRECS;47967.0;7
963101;;;INTARIAN_PEPPER_ROOT;XIRECS;47958.0;7
964740;;;ASH_COATED_OSMIUM;XIRECS;10012.0;10
965725;;;ASH_COATED_OSMIUM;XIRECS;10005.0;7
966272;;;INTARIAN_PEPPER_ROOT;XIRECS;47955.0;5
966428;;;INTARIAN_PEPPER_ROOT;XIRECS;47962.0;3
966761;;;INTARIAN_PEPPER_ROOT;XIRECS;47971.0;5
967439;;;INTARIAN_PEPPER_ROOT;XIRECS;47973.0;6
969714;;;INTARIAN_PEPPER_ROOT;XIRECS;47961.0;4
969719;;;INTARIAN_PEPPER_ROOT;XIRECS;47973.0;6
970153;;;INTARIAN_PEPPER_ROOT;XIRECS;47976.0;6
971677;;;ASH_COATED_OSMIUM;XIRECS;10005.0;6
971929;;;ASH_COATED_OSMIUM;XIRECS;9989.0;8
972044;;;ASH_COATED_OSMIUM;XIRECS;9995.0;9
972740;;;ASH_COATED_OSMIUM;XIRECS;9978.0;3
974407;;;ASH_COATED_OSMIUM;XIRECS;9989.0;3
974951;;;INTARIAN_PEPPER_ROOT;XIRECS;47969.0;5
975533;;;ASH_COATED_OSMIUM;XIRECS;9980.0;5
976078;;;INTARIAN_PEPPER_ROOT;XIRECS;47975.0;5
978344;;;ASH_COATED_OSMIUM;XIRECS;10011.0;5
978392;;;INTARIAN_PEPPER_ROOT;XIRECS;47984.0;7
981064;;;ASH_COATED_OSMIUM;XIRECS;10007.0;5
982437;;;INTARIAN_PEPPER_ROOT;XIRECS;47990.0;6
983270;;;ASH_COATED_OSMIUM;XIRECS;10013.0;5
985597;;;ASH_COATED_OSMIUM;XIRECS;9987.0;6
985938;;;ASH_COATED_OSMIUM;XIRECS;9992.0;8
986244;;;ASH_COATED_OSMIUM;XIRECS;9994.0;10
986646;;;ASH_COATED_OSMIUM;XIRECS;10017.0;3
986674;;;INTARIAN_PEPPER_ROOT;XIRECS;47979.0;7
986997;;;INTARIAN_PEPPER_ROOT;XIRECS;47978.0;5
989640;;;ASH_COATED_OSMIUM;XIRECS;10006.0;9
990025;;;INTARIAN_PEPPER_ROOT;XIRECS;47982.0;3
990412;;;ASH_COATED_OSMIUM;XIRECS;9990.0;8
992474;;;INTARIAN_PEPPER_ROOT;XIRECS;47996.0;7
994095;;;ASH_COATED_OSMIUM;XIRECS;9996.0;3
994413;;;ASH_COATED_OSMIUM;XIRECS;10023.0;6
994466;;;ASH_COATED_OSMIUM;XIRECS;10023.0;2
996395;;;INTARIAN_PEPPER_ROOT;XIRECS;48002.0;3
996578;;;INTARIAN_PEPPER_ROOT;XIRECS;47987.0;6
997402;;;ASH_COATED_OSMIUM;XIRECS;10009.0;4
997697;;;INTARIAN_PEPPER_ROOT;XIRECS;48004.0;5