timestamp;buyer;seller;symbol;currency;price;quantity
830;;;ASH_COATED_OSMIUM;XIRECS;10009.0;2
2813;;;INTARIAN_PEPPER_ROOT;XIRECS;25996.0;5
3905;;;ASH_COATED_OSMIUM;XIRECS;9988.0;2
4475;;;INTARIAN_PEPPER_ROOT;XIRECS;25991.0;4
5562;;;INTARIAN_PEPPER_ROOT;XIRECS;26013.0;4
5595;;;ASH_COATED_OSMIUM;XIRECS;9990.0;4
6045;;;INTARIAN_PEPPER_ROOT;XIRECS;25997.0;6
6127;;;INTARIAN_PEPPER_ROOT;XIRECS;25996.0;6
8461;;;INTARIAN_PEPPER_ROOT;XIRECS;26003.0;8
9392;;;ASH_COATED_OSMIUM;XIRECS;10003.0;2
12746;;;ASH_COATED_OSMIUM;XIRECS;9985.0;9
17362;;;INTARIAN_PEPPER_ROOT;XIRECS;26025.0;7
19005;;;INTARIAN_PEPPER_ROOT;XIRECS;26018.0;7
19555;;;INTARIAN_PEPPER_ROOT;XIRECS;26030.0;4
20155;;;ASH_COATED_OSMIUM;XIRECS;10002.0;9
20206;;;INTARIAN_PEPPER_ROOT;XIRECS;26025.0;3
20936;;;ASH_COATED_OSMIUM;XIRECS;9985.0;2
22413;;;ASH_COATED_OSMIUM;XIRECS;10007.0;5
24049;;;INTARIAN_PEPPER_ROOT;XIRECS;26019.0;7
28701;;;ASH_COATED_OSMIUM;XIRECS;9994.0;6
29134;;;INTARIAN_PEPPER_ROOT;XIRECS;26034.0;4
29656;;;INTARIAN_PEPPER_ROOT;XIRECS;26039.0;6
29857;;;ASH_COATED_OSMIUM;XIRECS;9993.0;7
32114;;;ASH_COATED_OSMIUM;XIRECS;9995.0;6
32291;;;ASH_COATED_OSMIUM;XIRECS;9996.0;10
34071;;;ASH_COATED_OSMIUM;XIRECS;9993.0;9
35434;;;INTARIAN_PEPPER_ROOT;XIRECS;26043.0;4
35857;;;INTARIAN_PEPPER_ROOT;XIRECS;26045.0;4
39559;;;INTARIAN_PEPPER_ROOT;XIRECS;26032.0;3
40375;;;INTARIAN_PEPPER_ROOT;XIRECS;26052.0;7
42836;;;INTARIAN_PEPPER_ROOT;XIRECS;26036.0;4
43155;;;ASH_COATED_OSMIUM;XIRECS;9992.0;4
43229;;;ASH_COATED_OSMIUM;XIRECS;10013.0;4
44589;;;ASH_COATED_OSMIUM;XIRECS;9999.0;5
46211;;;ASH_COATED_OSMIUM;XIRECS;10006.0;5
46379;;;ASH_COATED_OSMIUM;XIRECS;10006.0;3
47448;;;ASH_COATED_OSMIUM;XIRECS;10010.0;3
50971;;;ASH_COATED_OSMIUM;XIRECS;9988.0;7
51618;;;INTARIAN_PEPPER_ROOT;XIRECS;26044.0;7
54530;;;INTARIAN_PEPPER_ROOT;XIRECS;26060.0;3
55951;;;INTARIAN_PEPPER_ROOT;XIRECS;26047.0;5
56296;;;INTARIAN_PEPPER_ROOT;XIRECS;26048.0;5
56552;;;ASH_COATED_OSMIUM;XIRECS;9987.0;4
59942;;;ASH_COATED_OSMIUM;XIRECS;10008.0;6
59981;;;ASH_COATED_OSMIUM;XIRECS;10008.0;5
60448;;;INTARIAN_PEPPER_ROOT;XIRECS;26069.0;7
60687;;;INTARIAN_PEPPER_ROOT;XIRECS;26055.0;6
60975;;;INTARIAN_PEPPER_ROOT;XIRECS;26069.0;6
62759;;;ASH_COATED_OSMIUM;XIRECS;9991.0;4
68667;;;ASH_COATED_OSMIUM;XIRECS;9994.0;4
68710;;;ASH_COATED_OSMIUM;XIRECS;10000.0;3
69624;;;ASH_COATED_OSMIUM;XIRECS;9998.0;3
69996;;;ASH_COATED_OSMIUM;XIRECS;9998.0;4
74893;;;INTARIAN_PEPPER_ROOT;XIRECS;26079.0;4
75511;;;ASH_COATED_OSMIUM;XIRECS;9986.0;4
75744;;;ASH_COATED_OSMIUM;XIRECS;10005.0;9
76249;;;INTARIAN_PEPPER_ROOT;XIRECS;26070.0;4
76979;;;INTARIAN_PEPPER_ROOT;XIRECS;26070.0;4
77033;;;INTARIAN_PEPPER_ROOT;XIRECS;26067.0;4
79917;;;INTARIAN_PEPPER_ROOT;XIRECS;26087.0;6
80079;;;ASH_COATED_OSMIUM;XIRECS;10002.0;2
80365;;;INTARIAN_PEPPER_ROOT;XIRECS;26087.0;7
83749;;;ASH_COATED_OSMIUM;XIRECS;10003.0;4
83975;;;ASH_COATED_OSMIUM;XIRECS;10003.0;5
84572;;;INTARIAN_PEPPER_ROOT;XIRECS;26079.0;4
85472;;;ASH_COATED_OSMIUM;XIRECS;9985.0;8
86273;;;INTARIAN_PEPPER_ROOT;XIRECS;26094.0;5
87412;;;INTARIAN_PEPPER_ROOT;XIRECS;26096.0;3
87925;;;ASH_COATED_OSMIUM;XIRECS;10001.0;5
88034;;;INTARIAN_PEPPER_ROOT;XIRECS;26078.0;5
91184;;;INTARIAN_PEPPER_ROOT;XIRECS;26085.0;4
92227;;;INTARIAN_PEPPER_ROOT;XIRECS;26087.0;4
92903;;;INTARIAN_PEPPER_ROOT;XIRECS;26102.0;4
93101;;;ASH_COATED_OSMIUM;XIRECS;9991.0;7
94594;;;INTARIAN_PEPPER_ROOT;XIRECS;26089.0;7
94829;;;ASH_COATED_OSMIUM;XIRECS;10006.0;5
96820;;;INTARIAN_PEPPER_ROOT;XIRECS;26089.0;6
97229;;;INTARIAN_PEPPER_ROOT;XIRECS;26090.0;4
97538;;;INTARIAN_PEPPER_ROOT;XIRECS;26093.0;3
101228;;;ASH_COATED_OSMIUM;XIRECS;9989.0;5
101255;;;ASH_COATED_OSMIUM;XIRECS;10008.0;2
102694;;;INTARIAN_PEPPER_ROOT;XIRECS;26092.0;7
103513;;;ASH_COATED_OSMIUM;XIRECS;9997.0;7
104457;;;ASH_COATED_OSMIUM;XIRECS;10010.0;6
105551;;;INTARIAN_PEPPER_ROOT;XIRECS;26109.0;6
105636;;;ASH_COATED_OSMIUM;XIRECS;9992.0;3
106067;;;INTARIAN_PEPPER_ROOT;XIRECS;26103.0;6
107859;;;INTARIAN_PEPPER_ROOT;XIRECS;26112.0;7
111904;;;INTARIAN_PEPPER_ROOT;XIRECS;26104.0;7
112102;;;INTARIAN_PEPPER_ROOT;XIRECS;26103.0;6
114984;;;INTARIAN_PEPPER_ROOT;XIRECS;26109.0;5
117164;;;ASH_COATED_OSMIUM;XIRECS;9998.0;2
120163;;;ASH_COATED_OSMIUM;XIRECS;10014.0;7
121103;;;ASH_COATED_OSMIUM;XIRECS;9992.0;5
130238;;;INTARIAN_PEPPER_ROOT;XIRECS;26134.0;5
131941;;;INTARIAN_PEPPER_ROOT;XIRECS;26127.0;6
132203;;;ASH_COATED_OSMIUM;XIRECS;10007.0;7
133762;;;ASH_COATED_OSMIUM;XIRECS;9988.0;2
133867;;;INTARIAN_PEPPER_ROOT;XIRECS;26141.0;3
133997;;;ASH_COATED_OSMIUM;XIRECS;10007.0;8
134709;;;ASH_COATED_OSMIUM;XIRECS;9995.0;5
138416;;;ASH_COATED_OSMIUM;XIRECS;9993.0;3
139259;;;INTARIAN_PEPPER_ROOT;XIRECS;26137.0;6
143095;;;INTARIAN_PEPPER_ROOT;XIRECS;26137.0;3
144233;;;ASH_COATED_OSMIUM;XIRECS;10009.0;2
145705;;;INTARIAN_PEPPER_ROOT;XIRECS;26153.0;4
145778;;;INTARIAN_PEPPER_ROOT;XIRECS;26153.0;4
146059;;;INTARIAN_PEPPER_ROOT;XIRECS;26138.0;3
148430;;;ASH_COATED_OSMIUM;XIRECS;9989.0;4
149833;;;ASH_COATED_OSMIUM;XIRECS;10005.0;8
150607;;;ASH_COATED_OSMIUM;XIRECS;9995.0;5
151605;;;INTARIAN_PEPPER_ROOT;XIRECS;26161.0;5
153668;;;ASH_COATED_OSMIUM;XIRECS;10014.0;5
156407;;;ASH_COATED_OSMIUM;XIRECS;9991.0;9
162313;;;ASH_COATED_OSMIUM;XIRECS;10013.0;5
166946;;;INTARIAN_PEPPER_ROOT;XIRECS;26159.0;7
171800;;;ASH_COATED_OSMIUM;XIRECS;9993.0;4
174175;;;INTARIAN_PEPPER_ROOT;XIRECS;26165.0;4
174333;;;ASH_COATED_OSMIUM;XIRECS;10001.0;10
176416;;;INTARIAN_PEPPER_ROOT;XIRECS;26186.0;6
178621;;;ASH_COATED_OSMIUM;XIRECS;10001.0;6
179345;;;INTARIAN_PEPPER_ROOT;XIRECS;26183.0;7
179626;;;ASH_COATED_OSMIUM;XIRECS;9986.0;2
181648;;;ASH_COATED_OSMIUM;XIRECS;9986.0;4
185488;;;INTARIAN_PEPPER_ROOT;XIRECS;26178.0;4
186461;;;ASH_COATED_OSMIUM;XIRECS;9991.0;8
186575;;;ASH_COATED_OSMIUM;XIRECS;10001.0;2
187922;;;ASH_COATED_OSMIUM;XIRECS;10000.0;6
188184;;;ASH_COATED_OSMIUM;XIRECS;10005.0;9
190453;;;ASH_COATED_OSMIUM;XIRECS;9994.0;2
191953;;;INTARIAN_PEPPER_ROOT;XIRECS;26186.0;3
192074;;;ASH_COATED_OSMIUM;XIRECS;10004.0;4
194754;;;INTARIAN_PEPPER_ROOT;XIRECS;26204.0;8
197047;;;ASH_COATED_OSMIUM;XIRECS;10004.0;6
197358;;;INTARIAN_PEPPER_ROOT;XIRECS;26189.0;8
199724;;;ASH_COATED_OSMIUM;XIRECS;9988.0;3
203573;;;INTARIAN_PEPPER_ROOT;XIRECS;26199.0;5
204418;;;INTARIAN_PEPPER_ROOT;XIRECS;26210.0;4
204897;;;ASH_COATED_OSMIUM;XIRECS;10005.0;2
206322;;;ASH_COATED_OSMIUM;XIRECS;10006.0;5
206636;;;ASH_COATED_OSMIUM;XIRECS;9987.0;2
209947;;;ASH_COATED_OSMIUM;XIRECS;9986.0;5
216360;;;INTARIAN_PEPPER_ROOT;XIRECS;26208.0;3
218014;;;ASH_COATED_OSMIUM;XIRECS;10014.0;5
220691;;;ASH_COATED_OSMIUM;XIRECS;9991.0;5
222659;;;ASH_COATED_OSMIUM;XIRECS;10017.0;5
223350;;;ASH_COATED_OSMIUM;XIRECS;10017.0;8
223466;;;INTARIAN_PEPPER_ROOT;XIRECS;26227.0;4
224414;;;ASH_COATED_OSMIUM;XIRECS;10014.0;5
224975;;;ASH_COATED_OSMIUM;XIRECS;9999.0;5
225335;;;ASH_COATED_OSMIUM;XIRECS;10013.0;6
225841;;;ASH_COATED_OSMIUM;XIRECS;10015.0;8
225980;;;ASH_COATED_OSMIUM;XIRECS;9993.0;7
226776;;;ASH_COATED_OSMIUM;XIRECS;10017.0;6
227170;;;ASH_COATED_OSMIUM;XIRECS;10013.0;5
228651;;;ASH_COATED_OSMIUM;XIRECS;9998.0;5
230757;;;INTARIAN_PEPPER_ROOT;XIRECS;26235.0;5
232701;;;ASH_COATED_OSMIUM;XIRECS;10012.0;5
238323;;;INTARIAN_PEPPER_ROOT;XIRECS;26231.0;5
239668;;;ASH_COATED_OSMIUM;XIRECS;10012.0;9
244954;;;INTARIAN_PEPPER_ROOT;XIRECS;26251.0;3
245586;;;ASH_COATED_OSMIUM;XIRECS;10011.0;6
247224;;;INTARIAN_PEPPER_ROOT;XIRECS;26238.0;7
248189;;;ASH_COATED_OSMIUM;XIRECS;9999.0;8
249257;;;INTARIAN_PEPPER_ROOT;XIRECS;26238.0;6
251428;;;INTARIAN_PEPPER_ROOT;XIRECS;26259.0;6
253254;;;INTARIAN_PEPPER_ROOT;XIRECS;26259.0;7
254016;;;INTARIAN_PEPPER_ROOT;XIRECS;26259.0;4
254567;;;ASH_COATED_OSMIUM;XIRECS;9993.0;4
254904;;;ASH_COATED_OSMIUM;XIRECS;10008.0;3
257748;;;ASH_COATED_OSMIUM;XIRECS;9990.0;6
258359;;;ASH_COATED_OSMIUM;XIRECS;10007.0;2
258699;;;ASH_COATED_OSMIUM;XIRECS;10011.0;6
261838;;;INTARIAN_PEPPER_ROOT;XIRECS;26254.0;3
262381;;;INTARIAN_PEPPER_ROOT;XIRECS;26268.0;6
265872;;;INTARIAN_PEPPER_ROOT;XIRECS;26258.0;6
266646;;;INTARIAN_PEPPER_ROOT;XIRECS;26270.0;5
266757;;;INTARIAN_PEPPER_ROOT;XIRECS;26273.0;6
268106;;;ASH_COATED_OSMIUM;XIRECS;10007.0;5
268497;;;ASH_COATED_OSMIUM;XIRECS;10006.0;5
269231;;;ASH_COATED_OSMIUM;XIRECS;9989.0;6
273237;;;ASH_COATED_OSMIUM;XIRECS;10007.0;6
273973;;;ASH_COATED_OSMIUM;XIRECS;9991.0;5
274922;;;ASH_COATED_OSMIUM;XIRECS;9990.0;5
276054;;;ASH_COATED_OSMIUM;XIRECS;9991.0;10
276106;;;INTARIAN_PEPPER_ROOT;XIRECS;26276.0;6
276764;;;INTARIAN_PEPPER_ROOT;XIRECS;26270.0;7
277037;;;ASH_COATED_OSMIUM;XIRECS;10008.0;2
278786;;;INTARIAN_PEPPER_ROOT;XIRECS;26270.0;7
279079;;;INTARIAN_PEPPER_ROOT;XIRECS;26285.0;4
280052;;;INTARIAN_PEPPER_ROOT;XIRECS;26272.0;4
280489;;;ASH_COATED_OSMIUM;XIRECS;10005.0;8
284347;;;ASH_COATED_OSMIUM;XIRECS;10015.0;2
286521;;;INTARIAN_PEPPER_ROOT;XIRECS;26279.0;7
286846;;;ASH_COATED_OSMIUM;XIRECS;10001.0;4
287818;;;INTARIAN_PEPPER_ROOT;XIRECS;26281.0;6
289467;;;ASH_COATED_OSMIUM;XIRECS;10017.0;6
290623;;;ASH_COATED_OSMIUM;XIRECS;10011.0;2
291141;;;ASH_COATED_OSMIUM;XIRECS;10008.0;6
293499;;;ASH_COATED_OSMIUM;XIRECS;9994.0;2
293666;;;ASH_COATED_OSMIUM;XIRECS;10011.0;5
294554;;;ASH_COATED_OSMIUM;XIRECS;9999.0;6
294612;;;ASH_COATED_OSMIUM;XIRECS;10010.0;4
295658;;;ASH_COATED_OSMIUM;XIRECS;9994.0;6
296700;;;ASH_COATED_OSMIUM;XIRECS;9992.0;3
297437;;;INTARIAN_PEPPER_ROOT;XIRECS;26292.0;3
298891;;;ASH_COATED_OSMIUM;XIRECS;9996.0;3
298947;;;ASH_COATED_OSMIUM;XIRECS;10008.0;7
299383;;;INTARIAN_PEPPER_ROOT;XIRECS;26307.0;3
301768;;;INTARIAN_PEPPER_ROOT;XIRECS;26305.0;4
302961;;;ASH_COATED_OSMIUM;XIRECS;9995.0;6
304993;;;ASH_COATED_OSMIUM;XIRECS;9993.0;5
305978;;;ASH_COATED_OSMIUM;XIRECS;9997.0;6
308682;;;ASH_COATED_OSMIUM;XIRECS;10016.0;5
309237;;;ASH_COATED_OSMIUM;XIRECS;9999.0;5
309634;;;INTARIAN_PEPPER_ROOT;XIRECS;26301.0;7
309949;;;ASH_COATED_OSMIUM;XIRECS;10011.0;2
311907;;;ASH_COATED_OSMIUM;XIRECS;10012.0;7
313531;;;ASH_COATED_OSMIUM;XIRECS;10012.0;6
313652;;;INTARIAN_PEPPER_ROOT;XIRECS;26305.0;8
314479;;;INTARIAN_PEPPER_ROOT;XIRECS;26321.0;3
314493;;;INTARIAN_PEPPER_ROOT;XIRECS;26309.0;3
314761;;;ASH_COATED_OSMIUM;XIRECS;10017.0;2
315019;;;ASH_COATED_OSMIUM;XIRECS;10002.0;9
315102;;;ASH_COATED_OSMIUM;XIRECS;10013.0;8
315220;;;ASH_COATED_OSMIUM;XIRECS;9997.0;3
315740;;;INTARIAN_PEPPER_ROOT;XIRECS;26311.0;4
317002;;;INTARIAN_PEPPER_ROOT;XIRECS;26313.0;4
317237;;;INTARIAN_PEPPER_ROOT;XIRECS;26310.0;5
319105;;;INTARIAN_PEPPER_ROOT;XIRECS;26329.0;6
324793;;;ASH_COATED_OSMIUM;XIRECS;10013.0;3
325944;;;INTARIAN_PEPPER_ROOT;XIRECS;26332.0;3
328976;;;INTARIAN_PEPPER_ROOT;XIRECS;26338.0;7
331935;;;ASH_COATED_OSMIUM;XIRECS;10019.0;5
332662;;;ASH_COATED_OSMIUM;XIRECS;10007.0;6
333348;;;ASH_COATED_OSMIUM;XIRECS;10025.0;3
335292;;;INTARIAN_PEPPER_ROOT;XIRECS;26341.0;6
335834;;;ASH_COATED_OSMIUM;XIRECS;10003.0;7
336528;;;ASH_COATED_OSMIUM;XIRECS;10022.0;5
337506;;;ASH_COATED_OSMIUM;XIRECS;10004.0;9
338841;;;INTARIAN_PEPPER_ROOT;XIRECS;26344.0;7
338941;;;ASH_COATED_OSMIUM;XIRECS;10011.0;5
338947;;;ASH_COATED_OSMIUM;XIRECS;10011.0;5
340021;;;ASH_COATED_OSMIUM;XIRECS;10005.0;2
340138;;;ASH_COATED_OSMIUM;XIRECS;10012.0;5
340391;;;ASH_COATED_OSMIUM;XIRECS;10028.0;4
345212;;;ASH_COATED_OSMIUM;XIRECS;10006.0;8
345260;;;ASH_COATED_OSMIUM;XIRECS;10006.0;6
346190;;;ASH_COATED_OSMIUM;XIRECS;10012.0;5
346350;;;ASH_COATED_OSMIUM;XIRECS;9999.0;2
349484;;;INTARIAN_PEPPER_ROOT;XIRECS;26345.0;5
349790;;;INTARIAN_PEPPER_ROOT;XIRECS;26357.0;5
350838;;;INTARIAN_PEPPER_ROOT;XIRECS;26342.0;7
356207;;;INTARIAN_PEPPER_ROOT;XIRECS;26364.0;6
357575;;;INTARIAN_PEPPER_ROOT;XIRECS;26361.0;6
358946;;;INTARIAN_PEPPER_ROOT;XIRECS;26357.0;5
358973;;;INTARIAN_PEPPER_ROOT;XIRECS;26368.0;6
360233;;;ASH_COATED_OSMIUM;XIRECS;9996.0;8
364359;;;ASH_COATED_OSMIUM;XIRECS;10013.0;2
366800;;;ASH_COATED_OSMIUM;XIRECS;9998.0;2
366871;;;ASH_COATED_OSMIUM;XIRECS;10014.0;6
367923;;;INTARIAN_PEPPER_ROOT;XIRECS;26374.0;5
367933;;;INTARIAN_PEPPER_ROOT;XIRECS;26374.0;6
368930;;;ASH_COATED_OSMIUM;XIRECS;10018.0;6
369513;;;INTARIAN_PEPPER_ROOT;XIRECS;26361.0;5
369780;;;INTARIAN_PEPPER_ROOT;XIRECS;26377.0;7
371001;;;INTARIAN_PEPPER_ROOT;XIRECS;26373.0;3
371006;;;ASH_COATED_OSMIUM;XIRECS;10020.0;5
371064;;;ASH_COATED_OSMIUM;XIRECS;10004.0;5
371379;;;ASH_COATED_OSMIUM;XIRECS;10014.0;4
374007;;;INTARIAN_PEPPER_ROOT;XIRECS;26369.0;7
374821;;;ASH_COATED_OSMIUM;XIRECS;10000.0;5
374962;;;INTARIAN_PEPPER_ROOT;XIRECS;26372.0;7
375241;;;ASH_COATED_OSMIUM;XIRECS;10001.0;8
375543;;;INTARIAN_PEPPER_ROOT;XIRECS;26382.0;3
377099;;;INTARIAN_PEPPER_ROOT;XIRECS;26369.0;4
378316;;;INTARIAN_PEPPER_ROOT;XIRECS;26385.0;6
379723;;;ASH_COATED_OSMIUM;XIRECS;9995.0;4
380804;;;INTARIAN_PEPPER_ROOT;XIRECS;26374.0;6
383541;;;INTARIAN_PEPPER_ROOT;XIRECS;26393.0;7
384151;;;INTARIAN_PEPPER_ROOT;XIRECS;26392.0;6
384280;;;INTARIAN_PEPPER_ROOT;XIRECS;26374.0;3
387387;;;INTARIAN_PEPPER_ROOT;XIRECS;26397.0;6
388130;;;ASH_COATED_OSMIUM;XIRECS;10005.0;3
389673;;;INTARIAN_PEPPER_ROOT;XIRECS;26383.0;4
390022;;;INTARIAN_PEPPER_ROOT;XIRECS;26396.0;7
390455;;;INTARIAN_PEPPER_ROOT;XIRECS;26397.0;6
391023;;;ASH_COATED_OSMIUM;XIRECS;9999.0;2
391178;;;INTARIAN_PEPPER_ROOT;XIRECS;26385.0;6
392512;;;INTARIAN_PEPPER_ROOT;XIRECS;26386.0;7
397244;;;ASH_COATED_OSMIUM;XIRECS;10011.0;6
398100;;;INTARIAN_PEPPER_ROOT;XIRECS;26395.0;5
398126;;;ASH_COATED_OSMIUM;XIRECS;10008.0;3
398147;;;ASH_COATED_OSMIUM;XIRECS;9998.0;9
398163;;;INTARIAN_PEPPER_ROOT;XIRECS;26406.0;4
398326;;;ASH_COATED_OSMIUM;XIRECS;9995.0;6
400258;;;INTARIAN_PEPPER_ROOT;XIRECS;26408.0;6
401138;;;ASH_COATED_OSMIUM;XIRECS;9996.0;6
402351;;;ASH_COATED_OSMIUM;XIRECS;10007.0;6
402759;;;INTARIAN_PEPPER_ROOT;XIRECS;26408.0;6
404395;;;INTARIAN_PEPPER_ROOT;XIRECS;26398.0;4
405297;;;INTARIAN_PEPPER_ROOT;XIRECS;26398.0;6
405584;;;ASH_COATED_OSMIUM;XIRECS;10009.0;2
405825;;;INTARIAN_PEPPER_ROOT;XIRECS;26404.0;5
410616;;;INTARIAN_PEPPER_ROOT;XIRECS;26407.0;6
411595;;;ASH_COATED_OSMIUM;XIRECS;9998.0;6
411975;;;ASH_COATED_OSMIUM;XIRECS;9992.0;3
415894;;;INTARIAN_PEPPER_ROOT;XIRECS;26422.0;6
416282;;;ASH_COATED_OSMIUM;XIRECS;9995.0;2
417901;;;ASH_COATED_OSMIUM;XIRECS;9995.0;4
417935;;;INTARIAN_PEPPER_ROOT;XIRECS;26413.0;4
418783;;;ASH_COATED_OSMIUM;XIRECS;10011.0;10
419008;;;ASH_COATED_OSMIUM;XIRECS;9995.0;2
420905;;;INTARIAN_PEPPER_ROOT;XIRECS;26414.0;5
421434;;;ASH_COATED_OSMIUM;XIRECS;9997.0;6
424941;;;INTARIAN_PEPPER_ROOT;XIRECS;26427.0;6
425360;;;ASH_COATED_OSMIUM;XIRECS;9986.0;3
429104;;;ASH_COATED_OSMIUM;XIRECS;10001.0;4
429352;;;ASH_COATED_OSMIUM;XIRECS;10005.0;6
429494;;;ASH_COATED_OSMIUM;XIRECS;9989.0;8
431370;;;ASH_COATED_OSMIUM;XIRECS;9989.0;4
435488;;;INTARIAN_PEPPER_ROOT;XIRECS;26442.0;3
437406;;;ASH_COATED_OSMIUM;XIRECS;9983.0;9
438507;;;INTARIAN_PEPPER_ROOT;XIRECS;26445.0;6
438616;;;ASH_COATED_OSMIUM;XIRECS;9996.0;10
438873;;;INTARIAN_PEPPER_ROOT;XIRECS;26451.0;6
439073;;;INTARIAN_PEPPER_ROOT;XIRECS;26447.0;3
439925;;;ASH_COATED_OSMIUM;XIRECS;10006.0;9
440924;;;ASH_COATED_OSMIUM;XIRECS;10006.0;2
441470;;;ASH_COATED_OSMIUM;XIRECS;10006.0;8
443152;;;INTARIAN_PEPPER_ROOT;XIRECS;26439.0;4
443464;;;ASH_COATED_OSMIUM;XIRECS;10006.0;4
444020;;;INTARIAN_PEPPER_ROOT;XIRECS;26440.0;5
445352;;;ASH_COATED_OSMIUM;XIRECS;9987.0;3
447044;;;ASH_COATED_OSMIUM;XIRECS;9992.0;5
447229;;;INTARIAN_PEPPER_ROOT;XIRECS;26446.0;6
447279;;;ASH_COATED_OSMIUM;XIRECS;10008.0;5
447381;;;INTARIAN_PEPPER_ROOT;XIRECS;26447.0;3
447967;;;ASH_COATED_OSMIUM;XIRECS;9993.0;2
449404;;;INTARIAN_PEPPER_ROOT;XIRECS;26455.0;6
450435;;;INTARIAN_PEPPER_ROOT;XIRECS;26456.0;4
451859;;;ASH_COATED_OSMIUM;XIRECS;9989.0;2
453449;;;INTARIAN_PEPPER_ROOT;XIRECS;26447.0;6
455896;;;ASH_COATED_OSMIUM;XIRECS;9994.0;8
457211;;;INTARIAN_PEPPER_ROOT;XIRECS;26463.0;7
459300;;;INTARIAN_PEPPER_ROOT;XIRECS;26452.0;5
459762;;;INTARIAN_PEPPER_ROOT;XIRECS;26467.0;3
460799;;;ASH_COATED_OSMIUM;XIRECS;9989.0;9
463091;;;ASH_COATED_OSMIUM;XIRECS;9990.0;4
463918;;;INTARIAN_PEPPER_ROOT;XIRECS;26471.0;4
464999;;;INTARIAN_PEPPER_ROOT;XIRECS;26473.0;3
467602;;;INTARIAN_PEPPER_ROOT;XIRECS;26459.0;5
469444;;;INTARIAN_PEPPER_ROOT;XIRECS;26459.0;6
470451;;;ASH_COATED_OSMIUM;XIRECS;9990.0;4
474610;;;ASH_COATED_OSMIUM;XIRECS;10007.0;9
474682;;;INTARIAN_PEPPER_ROOT;XIRECS;26479.0;6
476092;;;ASH_COATED_OSMIUM;XIRECS;9992.0;6
477103;;;INTARIAN_PEPPER_ROOT;XIRECS;26470.0;6
479878;;;INTARIAN_PEPPER_ROOT;XIRECS;26479.0;7
482091;;;ASH_COATED_OSMIUM;XIRECS;10006.0;5
483030;;;INTARIAN_PEPPER_ROOT;XIRECS;26476.0;5
483816;;;ASH_COATED_OSMIUM;XIRECS;10005.0;6
484778;;;INTARIAN_PEPPER_ROOT;XIRECS;26495.0;6
484834;;;ASH_COATED_OSMIUM;XIRECS;9994.0;5
484877;;;INTARIAN_PEPPER_ROOT;XIRECS;26492.0;5
485156;;;ASH_COATED_OSMIUM;XIRECS;9994.0;3
486064;;;ASH_COATED_OSMIUM;XIRECS;10006.0;4
487786;;;INTARIAN_PEPPER_ROOT;XIRECS;26485.0;7
488888;;;ASH_COATED_OSMIUM;XIRECS;10007.0;8
489073;;;ASH_COATED_OSMIUM;XIRECS;9986.0;5
489615;;;ASH_COATED_OSMIUM;XIRECS;9986.0;8
490049;;;INTARIAN_PEPPER_ROOT;XIRECS;26496.0;7
491874;;;INTARIAN_PEPPER_ROOT;XIRECS;26485.0;3
494407;;;INTARIAN_PEPPER_ROOT;XIRECS;26498.0;3
495101;;;ASH_COATED_OSMIUM;XIRECS;10003.0;2
497193;;;INTARIAN_PEPPER_ROOT;XIRECS;26490.0;6
497369;;;ASH_COATED_OSMIUM;XIRECS;9991.0;4
498016;;;INTARIAN_PEPPER_ROOT;XIRECS;26488.0;7
498199;;;INTARIAN_PEPPER_ROOT;XIRECS;26493.0;5
501916;;;INTARIAN_PEPPER_ROOT;XIRECS;26496.0;3
501965;;;INTARIAN_PEPPER_ROOT;XIRECS;26508.0;6
502476;;;ASH_COATED_OSMIUM;XIRECS;10002.0;3
502531;;;ASH_COATED_OSMIUM;XIRECS;10002.0;5
503487;;;INTARIAN_PEPPER_ROOT;XIRECS;26499.0;6
507720;;;INTARIAN_PEPPER_ROOT;XIRECS;26505.0;3
507733;;;INTARIAN_PEPPER_ROOT;XIRECS;26505.0;7
508684;;;INTARIAN_PEPPER_ROOT;XIRECS;26514.0;7
509172;;;ASH_COATED_OSMIUM;XIRECS;10005.0;2
509972;;;INTARIAN_PEPPER_ROOT;XIRECS;26507.0;4
510701;;;ASH_COATED_OSMIUM;XIRECS;9996.0;3
512654;;;ASH_COATED_OSMIUM;XIRECS;9988.0;3
513201;;;ASH_COATED_OSMIUM;XIRECS;9987.0;6
513676;;;ASH_COATED_OSMIUM;XIRECS;10003.0;6
515303;;;INTARIAN_PEPPER_ROOT;XIRECS;26510.0;6
516898;;;INTARIAN_PEPPER_ROOT;XIRECS;26524.0;3
517173;;;INTARIAN_PEPPER_ROOT;XIRECS;26510.0;3
518118;;;INTARIAN_PEPPER_ROOT;XIRECS;26524.0;7
518169;;;INTARIAN_PEPPER_ROOT;XIRECS;26524.0;7
519169;;;INTARIAN_PEPPER_ROOT;XIRECS;26525.0;7
521000;;;ASH_COATED_OSMIUM;XIRECS;10002.0;5
521008;;;ASH_COATED_OSMIUM;XIRECS;10002.0;9
522105;;;INTARIAN_PEPPER_ROOT;XIRECS;26528.0;3
522253;;;ASH_COATED_OSMIUM;XIRECS;9998.0;3
522768;;;ASH_COATED_OSMIUM;XIRECS;9986.0;2
524546;;;ASH_COATED_OSMIUM;XIRECS;10001.0;2
525391;;;INTARIAN_PEPPER_ROOT;XIRECS;26536.0;5
529481;;;ASH_COATED_OSMIUM;XIRECS;9996.0;5
530131;;;ASH_COATED_OSMIUM;XIRECS;9993.0;2
530341;;;INTARIAN_PEPPER_ROOT;XIRECS;26537.0;6
531087;;;ASH_COATED_OSMIUM;XIRECS;9979.0;5
531132;;;ASH_COATED_OSMIUM;XIRECS;9991.0;7
534902;;;INTARIAN_PEPPER_ROOT;XIRECS;26547.0;4
536352;;;ASH_COATED_OSMIUM;XIRECS;9987.0;10
538401;;;INTARIAN_PEPPER_ROOT;XIRECS;26537.0;7
538608;;;ASH_COATED_OSMIUM;XIRECS;9999.0;5
540775;;;ASH_COATED_OSMIUM;XIRECS;9998.0;6
541567;;;ASH_COATED_OSMIUM;XIRECS;9994.0;9
542971;;;ASH_COATED_OSMIUM;XIRECS;9976.0;2
544025;;;ASH_COATED_OSMIUM;XIRECS;9990.0;4
546032;;;INTARIAN_PEPPER_ROOT;XIRECS;26540.0;6
546743;;;ASH_COATED_OSMIUM;XIRECS;9996.0;6
547620;;;INTARIAN_PEPPER_ROOT;XIRECS;26558.0;3
547822;;;ASH_COATED_OSMIUM;XIRECS;9983.0;3
549737;;;ASH_COATED_OSMIUM;XIRECS;9980.0;9
550175;;;ASH_COATED_OSMIUM;XIRECS;9980.0;3
550902;;;INTARIAN_PEPPER_ROOT;XIRECS;26546.0;7
552942;;;ASH_COATED_OSMIUM;XIRECS;10002.0;9
553640;;;ASH_COATED_OSMIUM;XIRECS;9998.0;10
554631;;;INTARIAN_PEPPER_ROOT;XIRECS;26549.0;5
557253;;;ASH_COATED_OSMIUM;XIRECS;9988.0;5
562163;;;INTARIAN_PEPPER_ROOT;XIRECS;26570.0;6
562681;;;INTARIAN_PEPPER_ROOT;XIRECS;26570.0;3
564331;;;ASH_COATED_OSMIUM;XIRECS;10005.0;6
565052;;;INTARIAN_PEPPER_ROOT;XIRECS;26563.0;7
567079;;;ASH_COATED_OSMIUM;XIRECS;10008.0;10
568551;;;ASH_COATED_OSMIUM;XIRECS;10001.0;5
569623;;;ASH_COATED_OSMIUM;XIRECS;9988.0;6
571657;;;ASH_COATED_OSMIUM;XIRECS;9989.0;6
571802;;;INTARIAN_PEPPER_ROOT;XIRECS;26578.0;6
576701;;;ASH_COATED_OSMIUM;XIRECS;10006.0;10
576830;;;ASH_COATED_OSMIUM;XIRECS;9990.0;5
577769;;;ASH_COATED_OSMIUM;XIRECS;9991.0;3
582852;;;INTARIAN_PEPPER_ROOT;XIRECS;26584.0;3
583908;;;ASH_COATED_OSMIUM;XIRECS;9983.0;4
585439;;;INTARIAN_PEPPER_ROOT;XIRECS;26579.0;5
585468;;;INTARIAN_PEPPER_ROOT;XIRECS;26592.0;5
587395;;;INTARIAN_PEPPER_ROOT;XIRECS;26578.0;5
587831;;;ASH_COATED_OSMIUM;XIRECS;9982.0;3
588818;;;INTARIAN_PEPPER_ROOT;XIRECS;26583.0;7
589172;;;ASH_COATED_OSMIUM;XIRECS;9979.0;4
589204;;;INTARIAN_PEPPER_ROOT;XIRECS;26595.0;3
590223;;;INTARIAN_PEPPER_ROOT;XIRECS;26584.0;6
591973;;;INTARIAN_PEPPER_ROOT;XIRECS;26584.0;8
592614;;;INTARIAN_PEPPER_ROOT;XIRECS;26591.0;5
593570;;;ASH_COATED_OSMIUM;XIRECS;9995.0;8
593834;;;ASH_COATED_OSMIUM;XIRECS;9999.0;5
594417;;;INTARIAN_PEPPER_ROOT;XIRECS;26589.0;6
596655;;;INTARIAN_PEPPER_ROOT;XIRECS;26588.0;3
597866;;;ASH_COATED_OSMIUM;XIRECS;9989.0;4
597926;;;ASH_COATED_OSMIUM;XIRECS;9992.0;5
599658;;;INTARIAN_PEPPER_ROOT;XIRECS;26596.0;4
599686;;;INTARIAN_PEPPER_ROOT;XIRECS;26600.0;3
599902;;;ASH_COATED_OSMIUM;XIRECS;9975.0;4
600490;;;INTARIAN_PEPPER_ROOT;XIRECS;26607.0;3
605945;;;ASH_COATED_OSMIUM;XIRECS;9975.0;6
606835;;;INTARIAN_PEPPER_ROOT;XIRECS;26601.0;4
606896;;;INTARIAN_PEPPER_ROOT;XIRECS;26601.0;5
607818;;;ASH_COATED_OSMIUM;XIRECS;9993.0;5
608193;;;ASH_COATED_OSMIUM;XIRECS;9999.0;4
608850;;;ASH_COATED_OSMIUM;XIRECS;9994.0;5
610784;;;ASH_COATED_OSMIUM;XIRECS;9985.0;5
612076;;;ASH_COATED_OSMIUM;XIRECS;9984.0;4
613034;;;ASH_COATED_OSMIUM;XIRECS;9983.0;9
613426;;;INTARIAN_PEPPER_ROOT;XIRECS;26621.0;6
613776;;;INTARIAN_PEPPER_ROOT;XIRECS;26624.0;7
614662;;;INTARIAN_PEPPER_ROOT;XIRECS;26610.0;4
615732;;;ASH_COATED_OSMIUM;XIRECS;9998.0;5
617642;;;INTARIAN_PEPPER_ROOT;XIRECS;26610.0;3
618250;;;INTARIAN_PEPPER_ROOT;XIRECS;26626.0;4
618538;;;ASH_COATED_OSMIUM;XIRECS;9998.0;3
619518;;;INTARIAN_PEPPER_ROOT;XIRECS;26627.0;3
620173;;;INTARIAN_PEPPER_ROOT;XIRECS;26617.0;5
620434;;;INTARIAN_PEPPER_ROOT;XIRECS;26624.0;3
621495;;;INTARIAN_PEPPER_ROOT;XIRECS;26616.0;7
621928;;;INTARIAN_PEPPER_ROOT;XIRECS;26629.0;6
626147;;;INTARIAN_PEPPER_ROOT;XIRECS;26618.0;5
627126;;;ASH_COATED_OSMIUM;XIRECS;9974.0;10
627680;;;ASH_COATED_OSMIUM;XIRECS;9980.0;3
628099;;;INTARIAN_PEPPER_ROOT;XIRECS;26623.0;7
628845;;;INTARIAN_PEPPER_ROOT;XIRECS;26619.0;5
629145;;;INTARIAN_PEPPER_ROOT;XIRECS;26624.0;3
629861;;;ASH_COATED_OSMIUM;XIRECS;9979.0;2
630933;;;ASH_COATED_OSMIUM;XIRECS;9992.0;5
631869;;;ASH_COATED_OSMIUM;XIRECS;9990.0;4
633855;;;INTARIAN_PEPPER_ROOT;XIRECS;26638.0;3
633929;;;ASH_COATED_OSMIUM;XIRECS;9979.0;6
635494;;;INTARIAN_PEPPER_ROOT;XIRECS;26642.0;6
636073;;;ASH_COATED_OSMIUM;XIRECS;9995.0;4
636363;;;ASH_COATED_OSMIUM;XIRECS;9979.0;3
638729;;;ASH_COATED_OSMIUM;XIRECS;9998.0;8
639533;;;ASH_COATED_OSMIUM;XIRECS;9985.0;4
640388;;;INTARIAN_PEPPER_ROOT;XIRECS;26646.0;8
642672;;;ASH_COATED_OSMIUM;XIRECS;9987.0;3
648233;;;ASH_COATED_OSMIUM;XIRECS;9999.0;4
648521;;;INTARIAN_PEPPER_ROOT;XIRECS;26650.0;5
650124;;;INTARIAN_PEPPER_ROOT;XIRECS;26654.0;6
650715;;;INTARIAN_PEPPER_ROOT;XIRECS;26659.0;6
651500;;;ASH_COATED_OSMIUM;XIRECS;10005.0;2
652259;;;ASH_COATED_OSMIUM;XIRECS;9988.0;6
652619;;;ASH_COATED_OSMIUM;XIRECS;9999.0;5
653132;;;ASH_COATED_OSMIUM;XIRECS;10002.0;6
654390;;;ASH_COATED_OSMIUM;XIRECS;10008.0;6
655071;;;ASH_COATED_OSMIUM;XIRECS;9987.0;5
655637;;;ASH_COATED_OSMIUM;XIRECS;10003.0;3
656031;;;INTARIAN_PEPPER_ROOT;XIRECS;26661.0;5
659591;;;INTARIAN_PEPPER_ROOT;XIRECS;26648.0;3
662359;;;ASH_COATED_OSMIUM;XIRECS;10010.0;6
663308;;;ASH_COATED_OSMIUM;XIRECS;9994.0;7
663813;;;ASH_COATED_OSMIUM;XIRECS;9989.0;6
665093;;;ASH_COATED_OSMIUM;XIRECS;10007.0;3
667612;;;ASH_COATED_OSMIUM;XIRECS;9992.0;5
669195;;;ASH_COATED_OSMIUM;XIRECS;10003.0;6
669552;;;ASH_COATED_OSMIUM;XIRECS;9993.0;6
670438;;;ASH_COATED_OSMIUM;XIRECS;9993.0;8
671016;;;ASH_COATED_OSMIUM;XIRECS;10004.0;3
671365;;;INTARIAN_PEPPER_ROOT;XIRECS;26665.0;5
671410;;;ASH_COATED_OSMIUM;XIRECS;9991.0;3
676740;;;ASH_COATED_OSMIUM;XIRECS;9993.0;5
677684;;;ASH_COATED_OSMIUM;XIRECS;10004.0;9
678571;;;INTARIAN_PEPPER_ROOT;XIRECS;26682.0;6
680009;;;INTARIAN_PEPPER_ROOT;XIRECS;26689.0;5
681140;;;INTARIAN_PEPPER_ROOT;XIRECS;26688.0;3
682571;;;INTARIAN_PEPPER_ROOT;XIRECS;26676.0;5
682826;;;ASH_COATED_OSMIUM;XIRECS;10007.0;6
682830;;;ASH_COATED_OSMIUM;XIRECS;9991.0;5
684599;;;ASH_COATED_OSMIUM;XIRECS;10002.0;5
686124;;;ASH_COATED_OSMIUM;XIRECS;9992.0;6
687365;;;ASH_COATED_OSMIUM;XIRECS;10002.0;9
688725;;;ASH_COATED_OSMIUM;XIRECS;9986.0;5
688754;;;INTARIAN_PEPPER_ROOT;XIRECS;26695.0;6
690001;;;ASH_COATED_OSMIUM;XIRECS;9988.0;9
690372;;;ASH_COATED_OSMIUM;XIRECS;9993.0;4
691869;;;INTARIAN_PEPPER_ROOT;XIRECS;26708.0;8
693432;;;ASH_COATED_OSMIUM;XIRECS;10012.0;6
698384;;;INTARIAN_PEPPER_ROOT;XIRECS;26693.0;7
699324;;;INTARIAN_PEPPER_ROOT;XIRECS;26703.0;3
700311;;;ASH_COATED_OSMIUM;XIRECS;10015.0;5
701244;;;INTARIAN_PEPPER_ROOT;XIRECS;26691.0;7
701498;;;ASH_COATED_OSMIUM;XIRECS;9998.0;8
701694;;;ASH_COATED_OSMIUM;XIRECS;10003.0;7
706512;;;INTARIAN_PEPPER_ROOT;XIRECS;26701.0;5
707304;;;INTARIAN_PEPPER_ROOT;XIRECS;26714.0;7
711774;;;ASH_COATED_OSMIUM;XIRECS;9995.0;4
711860;;;INTARIAN_PEPPER_ROOT;XIRECS;26705.0;6
712199;;;ASH_COATED_OSMIUM;XIRECS;9995.0;4
712990;;;ASH_COATED_OSMIUM;XIRECS;10007.0;5
714883;;;ASH_COATED_OSMIUM;XIRECS;10006.0;6
715363;;;ASH_COATED_OSMIUM;XIRECS;9991.0;3
715673;;;INTARIAN_PEPPER_ROOT;XIRECS;26713.0;5
717067;;;INTARIAN_PEPPER_ROOT;XIRECS;26713.0;3
718357;;;ASH_COATED_OSMIUM;XIRECS;9998.0;10
720295;;;INTARIAN_PEPPER_ROOT;XIRECS;26710.0;3
724677;;;ASH_COATED_OSMIUM;XIRECS;10016.0;4
725105;;;INTARIAN_PEPPER_ROOT;XIRECS;26716.0;3
725270;;;ASH_COATED_OSMIUM;XIRECS;10009.0;2
726488;;;ASH_COATED_OSMIUM;XIRECS;9995.0;3
727033;;;ASH_COATED_OSMIUM;XIRECS;10016.0;9
727608;;;INTARIAN_PEPPER_ROOT;XIRECS;26722.0;6
728255;;;INTARIAN_PEPPER_ROOT;XIRECS;26738.0;6
728347;;;ASH_COATED_OSMIUM;XIRECS;10012.0;5
728497;;;ASH_COATED_OSMIUM;XIRECS;10006.0;3
729682;;;ASH_COATED_OSMIUM;XIRECS;9995.0;9
731701;;;ASH_COATED_OSMIUM;XIRECS;10013.0;10
731844;;;ASH_COATED_OSMIUM;XIRECS;10016.0;5
732986;;;INTARIAN_PEPPER_ROOT;XIRECS;26725.0;6
735280;;;INTARIAN_PEPPER_ROOT;XIRECS;26728.0;3
737694;;;INTARIAN_PEPPER_ROOT;XIRECS;26744.0;6
738192;;;INTARIAN_PEPPER_ROOT;XIRECS;26731.0;4
738430;;;INTARIAN_PEPPER_ROOT;XIRECS;26734.0;6
740205;;;ASH_COATED_OSMIUM;XIRECS;9999.0;2
740579;;;INTARIAN_PEPPER_ROOT;XIRECS;26749.0;3
741204;;;ASH_COATED_OSMIUM;XIRECS;10009.0;8
742777;;;INTARIAN_PEPPER_ROOT;XIRECS;26750.0;5
744237;;;INTARIAN_PEPPER_ROOT;XIRECS;26754.0;3
746897;;;ASH_COATED_OSMIUM;XIRECS;10013.0;8
747683;;;ASH_COATED_OSMIUM;XIRECS;10014.0;6
751330;;;ASH_COATED_OSMIUM;XIRECS;9990.0;6
752710;;;ASH_COATED_OSMIUM;XIRECS;9988.0;4
753968;;;INTARIAN_PEPPER_ROOT;XIRECS;26743.0;7
758405;;;INTARIAN_PEPPER_ROOT;XIRECS;26760.0;7
759574;;;INTARIAN_PEPPER_ROOT;XIRECS;26768.0;7
760787;;;INTARIAN_PEPPER_ROOT;XIRECS;26754.0;5
762923;;;ASH_COATED_OSMIUM;XIRECS;10002.0;3
763425;;;ASH_COATED_OSMIUM;XIRECS;9992.0;10
766863;;;ASH_COATED_OSMIUM;XIRECS;10006.0;6
767151;;;INTARIAN_PEPPER_ROOT;XIRECS;26762.0;3
767229;;;INTARIAN_PEPPER_ROOT;XIRECS;26763.0;7
769725;;;ASH_COATED_OSMIUM;XIRECS;10001.0;7
769834;;;INTARIAN_PEPPER_ROOT;XIRECS;26761.0;4
770266;;;ASH_COATED_OSMIUM;XIRECS;9991.0;3
773093;;;ASH_COATED_OSMIUM;XIRECS;10000.0;9
773881;;;ASH_COATED_OSMIUM;XIRECS;10000.0;5
777187;;;INTARIAN_PEPPER_ROOT;XIRECS;26786.0;4
779561;;;INTARIAN_PEPPER_ROOT;XIRECS;26777.0;4
781230;;;INTARIAN_PEPPER_ROOT;XIRECS;26786.0;3
781352;;;ASH_COATED_OSMIUM;XIRECS;10002.0;6
782640;;;INTARIAN_PEPPER_ROOT;XIRECS;26790.0;7
783045;;;INTARIAN_PEPPER_ROOT;XIRECS;26773.0;3
783121;;;ASH_COATED_OSMIUM;XIRECS;9987.0;3
783567;;;ASH_COATED_OSMIUM;XIRECS;10005.0;6
785148;;;ASH_COATED_OSMIUM;XIRECS;9996.0;2
786070;;;ASH_COATED_OSMIUM;XIRECS;9985.0;6
787584;;;ASH_COATED_OSMIUM;XIRECS;10005.0;9
787901;;;ASH_COATED_OSMIUM;XIRECS;9989.0;7
789660;;;INTARIAN_PEPPER_ROOT;XIRECS;26784.0;4
790680;;;ASH_COATED_OSMIUM;XIRECS;10004.0;10
792109;;;ASH_COATED_OSMIUM;XIRECS;9983.0;4
793479;;;INTARIAN_PEPPER_ROOT;XIRECS;26800.0;4
795414;;;ASH_COATED_OSMIUM;XIRECS;10004.0;5
795814;;;INTARIAN_PEPPER_ROOT;XIRECS;26803.0;3
795937;;;INTARIAN_PEPPER_ROOT;XIRECS;26792.0;5
797209;;;ASH_COATED_OSMIUM;XIRECS;9990.0;6
797249;;;ASH_COATED_OSMIUM;XIRECS;9990.0;4
799336;;;ASH_COATED_OSMIUM;XIRECS;10005.0;9
799823;;;ASH_COATED_OSMIUM;XIRECS;9990.0;2
800957;;;INTARIAN_PEPPER_ROOT;XIRECS;26809.0;6
801133;;;ASH_COATED_OSMIUM;XIRECS;10004.0;4
802320;;;ASH_COATED_OSMIUM;XIRECS;10008.0;5
803408;;;ASH_COATED_OSMIUM;XIRECS;10002.0;3
803416;;;ASH_COATED_OSMIUM;XIRECS;9986.0;5
804960;;;INTARIAN_PEPPER_ROOT;XIRECS;26812.0;7
805027;;;ASH_COATED_OSMIUM;XIRECS;10002.0;6
805431;;;INTARIAN_PEPPER_ROOT;XIRECS;26810.0;3
807319;;;ASH_COATED_OSMIUM;XIRECS;9998.0;3
807496;;;ASH_COATED_OSMIUM;XIRECS;10006.0;2
807795;;;ASH_COATED_OSMIUM;XIRECS;9989.0;10
807878;;;INTARIAN_PEPPER_ROOT;XIRECS;26799.0;6
815804;;;ASH_COATED_OSMIUM;XIRECS;9987.0;6
816537;;;ASH_COATED_OSMIUM;XIRECS;9986.0;4
816716;;;INTARIAN_PEPPER_ROOT;XIRECS;26810.0;7
826856;;;INTARIAN_PEPPER_ROOT;XIRECS;26817.0;5
827229;;;ASH_COATED_OSMIUM;XIRECS;9986.0;3
827452;;;INTARIAN_PEPPER_ROOT;XIRECS;26820.0;5
828233;;;INTARIAN_PEPPER_ROOT;XIRECS;26834.0;6
828629;;;INTARIAN_PEPPER_ROOT;XIRECS;26823.0;8
829615;;;INTARIAN_PEPPER_ROOT;XIRECS;26835.0;3
831594;;;ASH_COATED_OSMIUM;XIRECS;9978.0;3
832005;;;INTARIAN_PEPPER_ROOT;XIRECS;26827.0;8
832456;;;INTARIAN_PEPPER_ROOT;XIRECS;26840.0;4
832889;;;ASH_COATED_OSMIUM;XIRECS;9998.0;6
834103;;;INTARIAN_PEPPER_ROOT;XIRECS;26830.0;6
834654;;;ASH_COATED_OSMIUM;XIRECS;9995.0;5
837841;;;ASH_COATED_OSMIUM;XIRECS;9986.0;2
838546;;;INTARIAN_PEPPER_ROOT;XIRECS;26839.0;3
839564;;;ASH_COATED_OSMIUM;XIRECS;10004.0;8
839617;;;INTARIAN_PEPPER_ROOT;XIRECS;26843.0;3
840886;;;INTARIAN_PEPPER_ROOT;XIRECS;26845.0;4
841849;;;INTARIAN_PEPPER_ROOT;XIRECS;26835.0;3
843779;;;ASH_COATED_OSMIUM;XIRECS;10004.0;9
844537;;;ASH_COATED_OSMIUM;XIRECS;9986.0;3
844711;;;ASH_COATED_OSMIUM;XIRECS;9981.0;8
846281;;;ASH_COATED_OSMIUM;XIRECS;9995.0;6
847216;;;INTARIAN_PEPPER_ROOT;XIRECS;26855.0;7
848338;;;INTARIAN_PEPPER_ROOT;XIRECS;26842.0;3
852279;;;ASH_COATED_OSMIUM;XIRECS;9980.0;2
853569;;;ASH_COATED_OSMIUM;XIRECS;10001.0;9
853898;;;ASH_COATED_OSMIUM;XIRECS;9997.0;3
854068;;;INTARIAN_PEPPER_ROOT;XIRECS;26848.0;7
855399;;;ASH_COATED_OSMIUM;XIRECS;9997.0;6
857306;;;ASH_COATED_OSMIUM;XIRECS;9985.0;6
858157;;;INTARIAN_PEPPER_ROOT;XIRECS;26863.0;5
858524;;;INTARIAN_PEPPER_ROOT;XIRECS;26853.0;7
859727;;;ASH_COATED_OSMIUM;XIRECS;10001.0;2
862648;;;INTARIAN_PEPPER_ROOT;XIRECS;26870.0;5
862831;;;ASH_COATED_OSMIUM;XIRECS;9989.0;3
863145;;;INTARIAN_PEPPER_ROOT;XIRECS;26853.0;4
864595;;;INTARIAN_PEPPER_ROOT;XIRECS;26860.0;6
866944;;;INTARIAN_PEPPER_ROOT;XIRECS;26876.0;6
869493;;;ASH_COATED_OSMIUM;XIRECS;9991.0;4
870257;;;INTARIAN_PEPPER_ROOT;XIRECS;26876.0;5
873529;;;INTARIAN_PEPPER_ROOT;XIRECS;26884.0;7
879188;;;ASH_COATED_OSMIUM;XIRECS;10006.0;7
880290;;;ASH_COATED_OSMIUM;XIRECS;10004.0;3
882475;;;INTARIAN_PEPPER_ROOT;XIRECS;26871.0;3
882575;;;ASH_COATED_OSMIUM;XIRECS;10010.0;6
883113;;;ASH_COATED_OSMIUM;XIRECS;10008.0;2
883676;;;ASH_COATED_OSMIUM;XIRECS;9988.0;4
884826;;;ASH_COATED_OSMIUM;XIRECS;9987.0;2
885662;;;INTARIAN_PEPPER_ROOT;XIRECS;26876.0;4
887770;;;ASH_COATED_OSMIUM;XIRECS;10011.0;6
888177;;;INTARIAN_PEPPER_ROOT;XIRECS;26893.0;7
892295;;;INTARIAN_PEPPER_ROOT;XIRECS;26899.0;8
892832;;;INTARIAN_PEPPER_ROOT;XIRECS;26889.0;8
893029;;;ASH_COATED_OSMIUM;XIRECS;10005.0;4
894033;;;ASH_COATED_OSMIUM;XIRECS;10006.0;6
896191;;;ASH_COATED_OSMIUM;XIRECS;10012.0;5
898064;;;INTARIAN_PEPPER_ROOT;XIRECS;26894.0;4
898631;;;ASH_COATED_OSMIUM;XIRECS;10001.0;4
900115;;;ASH_COATED_OSMIUM;XIRECS;10009.0;3
900315;;;ASH_COATED_OSMIUM;XIRECS;10002.0;5
900647;;;INTARIAN_PEPPER_ROOT;XIRECS;26912.0;7
900703;;;ASH_COATED_OSMIUM;XIRECS;9990.0;6
908710;;;ASH_COATED_OSMIUM;XIRECS;10008.0;3
909572;;;INTARIAN_PEPPER_ROOT;XIRECS;26917.0;6
910742;;;ASH_COATED_OSMIUM;XIRECS;10006.0;6
912078;;;ASH_COATED_OSMIUM;XIRECS;10000.0;4
913781;;;INTARIAN_PEPPER_ROOT;XIRECS;26921.0;6
913937;;;ASH_COATED_OSMIUM;XIRECS;9986.0;3
914369;;;INTARIAN_PEPPER_ROOT;XIRECS;26909.0;8
919912;;;INTARIAN_PEPPER_ROOT;XIRECS;26925.0;6
923323;;;ASH_COATED_OSMIUM;XIRECS;10005.0;3
923907;;;ASH_COATED_OSMIUM;XIRECS;10009.0;7
926718;;;INTARIAN_PEPPER_ROOT;XIRECS;26931.0;4
928220;;;ASH_COATED_OSMIUM;XIRECS;10012.0;2
928320;;;ASH_COATED_OSMIUM;XIRECS;9996.0;4
929600;;;INTARIAN_PEPPER_ROOT;XIRECS;26923.0;6
933363;;;INTARIAN_PEPPER_ROOT;XIRECS;26945.0;6
935303;;;ASH_COATED_OSMIUM;XIRECS;10001.0;5
935673;;;INTARIAN_PEPPER_ROOT;XIRECS;26928.0;6
936111;;;INTARIAN_PEPPER_ROOT;XIRECS;26939.0;4
936247;;;INTARIAN_PEPPER_ROOT;XIRECS;26932.0;6
936767;;;ASH_COATED_OSMIUM;XIRECS;9984.0;9
937293;;;INTARIAN_PEPPER_ROOT;XIRECS;26931.0;3
939252;;;INTARIAN_PEPPER_ROOT;XIRECS;26933.0;5
939715;;;ASH_COATED_OSMIUM;XIRECS;9984.0;8
940435;;;ASH_COATED_OSMIUM;XIRECS;10007.0;2
941889;;;INTARIAN_PEPPER_ROOT;XIRECS;26948.0;7
943059;;;ASH_COATED_OSMIUM;XIRECS;10004.0;6
948470;;;ASH_COATED_OSMIUM;XIRECS;10004.0;3
948782;;;ASH_COATED_OSMIUM;XIRECS;9987.0;6
949401;;;ASH_COATED_OSMIUM;XIRECS;9999.0;7
951006;;;ASH_COATED_OSMIUM;XIRECS;9985.0;10
951154;;;ASH_COATED_OSMIUM;XIRECS;10005.0;3
953429;;;INTARIAN_PEPPER_ROOT;XIRECS;26946.0;6
956505;;;ASH_COATED_OSMIUM;XIRECS;10001.0;8
960603;;;INTARIAN_PEPPER_ROOT;XIRECS;26969.0;3
962972;;;ASH_COATED_OSMIUM;XIRECS;9995.0;9
964203;;;ASH_COATED_OSMIUM;XIRECS;9979.0;5
967177;;;ASH_COATED_OSMIUM;XIRECS;9995.0;6
967255;;;INTARIAN_PEPPER_ROOT;XIRECS;26954.0;5
969985;;;ASH_COATED_OSMIUM;XIRECS;10000.0;5
970248;;;INTARIAN_PEPPER_ROOT;XIRECS;26975.0;7
972227;;;ASH_COATED_OSMIUM;XIRECS;9986.0;6
975679;;;INTARIAN_PEPPER_ROOT;XIRECS;26975.0;4
977891;;;INTARIAN_PEPPER_ROOT;XIRECS;26971.0;5
978704;;;ASH_COATED_OSMIUM;XIRECS;9985.0;5
979489;;;ASH_COATED_OSMIUM;XIRECS;10003.0;6
979831;;;INTARIAN_PEPPER_ROOT;XIRECS;26967.0;3
980619;;;ASH_COATED_OSMIUM;XIRECS;9983.0;4
981131;;;INTARIAN_PEPPER_ROOT;XIRECS;26974.0;5
982734;;;INTARIAN_PEPPER_ROOT;XIRECS;26980.0;6
983138;;;ASH_COATED_OSMIUM;XIRECS;9985.0;7
985563;;;ASH_COATED_OSMIUM;XIRECS;9985.0;6
986403;;;INTARIAN_PEPPER_ROOT;XIRECS;26976.0;5
987088;;;ASH_COATED_OSMIUM;XIRECS;9996.0;4
988285;;;ASH_COATED_OSMIUM;XIRECS;9999.0;9
993807;;;ASH_COATED_OSMIUM;XIRECS;9986.0;2
993890;;;INTARIAN_PEPPER_ROOT;XIRECS;27001.0;6
994019;;;ASH_COATED_OSMIUM;XIRECS;9991.0;3
995919;;;ASH_COATED_OSMIUM;XIRECS;10003.0;2
996303;;;INTARIAN_PEPPER_ROOT;XIRECS;26992.0;7
996452;;;ASH_COATED_OSMIUM;XIRECS;9999.0;5
997525;;;ASH_COATED_OSMIUM;XIRECS;9998.0;3
998386;;;INTARIAN_PEPPER_ROOT;XIRECS;26989.0;6