timestamp;buyer;seller;symbol;currency;price;quantity
459;;;ASH_COATED_OSMIUM;XIRECS;10005.0;3
654;;;ASH_COATED_OSMIUM;XIRECS;10001.0;6
1909;;;ASH_COATED_OSMIUM;XIRECS;9990.0;5
3881;;;INTARIAN_PEPPER_ROOT;XIRECS;46008.0;8
3952;;;INTARIAN_PEPPER_ROOT;XIRECS;46014.0;5
4183;;;ASH_COATED_OSMIUM;XIRECS;10001.0;8
4724;;;INTARIAN_PEPPER_ROOT;XIRECS;45995.0;7
4921;;;ASH_COATED_OSMIUM;XIRECS;9987.0;6
5094;;;INTARIAN_PEPPER_ROOT;XIRECS;46000.0;8
5700;;;INTARIAN_PEPPER_ROOT;XIRECS;46013.0;4
6085;;;INTARIAN_PEPPER_ROOT;XIRECS;46002.0;4
9974;;;INTARIAN_PEPPER_ROOT;XIRECS;45999.0;7
12149;;;ASH_COATED_OSMIUM;XIRECS;9989.0;3
23461;;;ASH_COATED_OSMIUM;XIRECS;9992.0;8
24033;;;ASH_COATED_OSMIUM;XIRECS;9993.0;3
24187;;;INTARIAN_PEPPER_ROOT;XIRECS;46016.0;5
24639;;;ASH_COATED_OSMIUM;XIRECS;9992.0;3
25523;;;INTARIAN_PEPPER_ROOT;XIRECS;46021.0;7
30243;;;INTARIAN_PEPPER_ROOT;XIRECS;46033.0;5
30442;;;ASH_COATED_OSMIUM;XIRECS;9997.0;3
30515;;;INTARIAN_PEPPER_ROOT;XIRECS;46025.0;3
33477;;;ASH_COATED_OSMIUM;XIRECS;10011.0;5
38233;;;ASH_COATED_OSMIUM;XIRECS;10006.0;8
39052;;;INTARIAN_PEPPER_ROOT;XIRECS;46033.0;7
39177;;;INTARIAN_PEPPER_ROOT;XIRECS;46043.0;6
45989;;;INTARIAN_PEPPER_ROOT;XIRECS;46055.0;5
47285;;;INTARIAN_PEPPER_ROOT;XIRECS;46046.0;5
47529;;;ASH_COATED_OSMIUM;XIRECS;10016.0;6
51533;;;INTARIAN_PEPPER_ROOT;XIRECS;46056.0;6
51713;;;INTARIAN_PEPPER_ROOT;XIRECS;46042.0;3
51840;;;ASH_COATED_OSMIUM;XIRECS;10010.0;3
53791;;;ASH_COATED_OSMIUM;XIRECS;9990.0;9
53934;;;INTARIAN_PEPPER_ROOT;XIRECS;46057.0;5
54044;;;ASH_COATED_OSMIUM;XIRECS;9988.0;5
57474;;;INTARIAN_PEPPER_ROOT;XIRECS;46065.0;6
58044;;;ASH_COATED_OSMIUM;XIRECS;9987.0;3
60158;;;ASH_COATED_OSMIUM;XIRECS;10003.0;4
64252;;;INTARIAN_PEPPER_ROOT;XIRECS;46072.0;6
65680;;;INTARIAN_PEPPER_ROOT;XIRECS;46074.0;8
67354;;;ASH_COATED_OSMIUM;XIRECS;10001.0;3
68614;;;ASH_COATED_OSMIUM;XIRECS;10019.0;5
69329;;;INTARIAN_PEPPER_ROOT;XIRECS;46061.0;5
69758;;;INTARIAN_PEPPER_ROOT;XIRECS;46076.0;5
69767;;;INTARIAN_PEPPER_ROOT;XIRECS;46076.0;6
77706;;;INTARIAN_PEPPER_ROOT;XIRECS;46071.0;4
81258;;;ASH_COATED_OSMIUM;XIRECS;10008.0;8
84978;;;ASH_COATED_OSMIUM;XIRECS;9997.0;2
86084;;;INTARIAN_PEPPER_ROOT;XIRECS;46076.0;4
86535;;;ASH_COATED_OSMIUM;XIRECS;9998.0;2
86788;;;INTARIAN_PEPPER_ROOT;XIRECS;46093.0;5
88172;;;INTARIAN_PEPPER_ROOT;XIRECS;46098.0;6
89384;;;ASH_COATED_OSMIUM;XIRECS;10017.0;2
90918;;;INTARIAN_PEPPER_ROOT;XIRECS;46097.0;4
93682;;;INTARIAN_PEPPER_ROOT;XIRECS;46087.0;3
98214;;;ASH_COATED_OSMIUM;XIRECS;9995.0;9
98694;;;ASH_COATED_OSMIUM;XIRECS;10008.0;8
99268;;;INTARIAN_PEPPER_ROOT;XIRECS;46104.0;5
99456;;;INTARIAN_PEPPER_ROOT;XIRECS;46106.0;8
99725;;;ASH_COATED_OSMIUM;XIRECS;10016.0;4
100516;;;ASH_COATED_OSMIUM;XIRECS;10006.0;5
100535;;;ASH_COATED_OSMIUM;XIRECS;9990.0;5
101454;;;ASH_COATED_OSMIUM;XIRECS;9988.0;6
102249;;;ASH_COATED_OSMIUM;XIRECS;9981.0;2
102755;;;ASH_COATED_OSMIUM;XIRECS;10004.0;5
102834;;;INTARIAN_PEPPER_ROOT;XIRECS;46105.0;6
108131;;;ASH_COATED_OSMIUM;XIRECS;9988.0;6
108343;;;ASH_COATED_OSMIUM;XIRECS;10005.0;6
109283;;;ASH_COATED_OSMIUM;XIRECS;10014.0;4
111002;;;ASH_COATED_OSMIUM;XIRECS;10005.0;5
112400;;;INTARIAN_PEPPER_ROOT;XIRECS;46123.0;3
113135;;;ASH_COATED_OSMIUM;XIRECS;10006.0;7
113492;;;ASH_COATED_OSMIUM;XIRECS;9988.0;6
114254;;;ASH_COATED_OSMIUM;XIRECS;9985.0;3
114379;;;ASH_COATED_OSMIUM;XIRECS;10001.0;4
115060;;;ASH_COATED_OSMIUM;XIRECS;9997.0;5
116177;;;INTARIAN_PEPPER_ROOT;XIRECS;46105.0;6
116641;;;ASH_COATED_OSMIUM;XIRECS;10000.0;7
116935;;;INTARIAN_PEPPER_ROOT;XIRECS;46111.0;3
119174;;;INTARIAN_PEPPER_ROOT;XIRECS;46111.0;4
120106;;;INTARIAN_PEPPER_ROOT;XIRECS;46129.0;3
122767;;;ASH_COATED_OSMIUM;XIRECS;9990.0;7
124189;;;INTARIAN_PEPPER_ROOT;XIRECS;46129.0;3
131101;;;INTARIAN_PEPPER_ROOT;XIRECS;46140.0;4
131996;;;ASH_COATED_OSMIUM;XIRECS;9995.0;6
132887;;;INTARIAN_PEPPER_ROOT;XIRECS;46141.0;5
134311;;;ASH_COATED_OSMIUM;XIRECS;9993.0;9
134934;;;ASH_COATED_OSMIUM;XIRECS;9992.0;4
136383;;;ASH_COATED_OSMIUM;XIRECS;10012.0;3
137694;;;ASH_COATED_OSMIUM;XIRECS;9991.0;6
143872;;;INTARIAN_PEPPER_ROOT;XIRECS;46152.0;5
144477;;;ASH_COATED_OSMIUM;XIRECS;9990.0;8
144542;;;ASH_COATED_OSMIUM;XIRECS;10002.0;3
146803;;;ASH_COATED_OSMIUM;XIRECS;9996.0;7
148012;;;INTARIAN_PEPPER_ROOT;XIRECS;46135.0;7
149103;;;INTARIAN_PEPPER_ROOT;XIRECS;46151.0;4
149165;;;ASH_COATED_OSMIUM;XIRECS;9994.0;4
149325;;;INTARIAN_PEPPER_ROOT;XIRECS;46144.0;7
149773;;;ASH_COATED_OSMIUM;XIRECS;9995.0;5
151476;;;INTARIAN_PEPPER_ROOT;XIRECS;46154.0;4
153843;;;ASH_COATED_OSMIUM;XIRECS;10011.0;6
154461;;;INTARIAN_PEPPER_ROOT;XIRECS;46151.0;7
154615;;;ASH_COATED_OSMIUM;XIRECS;10001.0;6
155065;;;INTARIAN_PEPPER_ROOT;XIRECS;46152.0;3
155331;;;INTARIAN_PEPPER_ROOT;XIRECS;46145.0;3
155444;;;ASH_COATED_OSMIUM;XIRECS;9999.0;6
155731;;;INTARIAN_PEPPER_ROOT;XIRECS;46144.0;6
155914;;;ASH_COATED_OSMIUM;XIRECS;9991.0;9
156530;;;ASH_COATED_OSMIUM;XIRECS;9989.0;6
160862;;;ASH_COATED_OSMIUM;XIRECS;9984.0;5
161033;;;ASH_COATED_OSMIUM;XIRECS;9983.0;2
164200;;;ASH_COATED_OSMIUM;XIRECS;9984.0;2
165678;;;INTARIAN_PEPPER_ROOT;XIRECS;46174.0;5
166465;;;INTARIAN_PEPPER_ROOT;XIRECS;46162.0;6
166604;;;ASH_COATED_OSMIUM;XIRECS;9987.0;3
167264;;;ASH_COATED_OSMIUM;XIRECS;10007.0;7
168764;;;INTARIAN_PEPPER_ROOT;XIRECS;46177.0;3
168997;;;INTARIAN_PEPPER_ROOT;XIRECS;46162.0;3
171214;;;ASH_COATED_OSMIUM;XIRECS;9985.0;6
171522;;;ASH_COATED_OSMIUM;XIRECS;10012.0;7
172378;;;INTARIAN_PEPPER_ROOT;XIRECS;46180.0;5
175292;;;ASH_COATED_OSMIUM;XIRECS;10013.0;9
178659;;;ASH_COATED_OSMIUM;XIRECS;9988.0;5
179569;;;ASH_COATED_OSMIUM;XIRECS;10011.0;4
180767;;;INTARIAN_PEPPER_ROOT;XIRECS;46184.0;6
182612;;;ASH_COATED_OSMIUM;XIRECS;9987.0;2
183462;;;ASH_COATED_OSMIUM;XIRECS;10012.0;10
185129;;;INTARIAN_PEPPER_ROOT;XIRECS;46197.0;6
187237;;;INTARIAN_PEPPER_ROOT;XIRECS;46191.0;4
188572;;;ASH_COATED_OSMIUM;XIRECS;9998.0;8
188788;;;ASH_COATED_OSMIUM;XIRECS;10000.0;8
189219;;;INTARIAN_PEPPER_ROOT;XIRECS;46183.0;7
189263;;;ASH_COATED_OSMIUM;XIRECS;10012.0;4
189561;;;INTARIAN_PEPPER_ROOT;XIRECS;46181.0;4
190871;;;INTARIAN_PEPPER_ROOT;XIRECS;46195.0;7
191791;;;INTARIAN_PEPPER_ROOT;XIRECS;46197.0;3
192392;;;INTARIAN_PEPPER_ROOT;XIRECS;46199.0;8
192685;;;INTARIAN_PEPPER_ROOT;XIRECS;46183.0;6
195223;;;ASH_COATED_OSMIUM;XIRECS;10005.0;6
195713;;;ASH_COATED_OSMIUM;XIRECS;10006.0;2
198864;;;ASH_COATED_OSMIUM;XIRECS;10009.0;8
201236;;;INTARIAN_PEPPER_ROOT;XIRECS;46200.0;3
201406;;;INTARIAN_PEPPER_ROOT;XIRECS;46208.0;4
201585;;;ASH_COATED_OSMIUM;XIRECS;10007.0;2
203189;;;ASH_COATED_OSMIUM;XIRECS;9987.0;3
204874;;;ASH_COATED_OSMIUM;XIRECS;10007.0;4
205211;;;ASH_COATED_OSMIUM;XIRECS;9999.0;10
207218;;;ASH_COATED_OSMIUM;XIRECS;9998.0;6
209568;;;ASH_COATED_OSMIUM;XIRECS;10009.0;6
211719;;;ASH_COATED_OSMIUM;XIRECS;9991.0;4
213144;;;ASH_COATED_OSMIUM;XIRECS;9983.0;8
213533;;;INTARIAN_PEPPER_ROOT;XIRECS;46221.0;4
214710;;;ASH_COATED_OSMIUM;XIRECS;9994.0;6
215433;;;INTARIAN_PEPPER_ROOT;XIRECS;46209.0;5
216761;;;INTARIAN_PEPPER_ROOT;XIRECS;46209.0;4
218289;;;INTARIAN_PEPPER_ROOT;XIRECS;46214.0;7
218407;;;ASH_COATED_OSMIUM;XIRECS;10017.0;5
218640;;;INTARIAN_PEPPER_ROOT;XIRECS;46225.0;7
220779;;;ASH_COATED_OSMIUM;XIRECS;10006.0;6
220809;;;ASH_COATED_OSMIUM;XIRECS;9989.0;5
220815;;;INTARIAN_PEPPER_ROOT;XIRECS;46215.0;3
221192;;;INTARIAN_PEPPER_ROOT;XIRECS;46227.0;6
221370;;;INTARIAN_PEPPER_ROOT;XIRECS;46215.0;7
222186;;;ASH_COATED_OSMIUM;XIRECS;9994.0;5
222867;;;INTARIAN_PEPPER_ROOT;XIRECS;46217.0;3
223335;;;INTARIAN_PEPPER_ROOT;XIRECS;46229.0;3
225296;;;INTARIAN_PEPPER_ROOT;XIRECS;46226.0;3
226211;;;INTARIAN_PEPPER_ROOT;XIRECS;46234.0;6
227040;;;ASH_COATED_OSMIUM;XIRECS;10003.0;10
227681;;;INTARIAN_PEPPER_ROOT;XIRECS;46216.0;4
231734;;;ASH_COATED_OSMIUM;XIRECS;9991.0;3
232454;;;INTARIAN_PEPPER_ROOT;XIRECS;46238.0;4
232852;;;ASH_COATED_OSMIUM;XIRECS;10012.0;2
234967;;;INTARIAN_PEPPER_ROOT;XIRECS;46227.0;6
236556;;;ASH_COATED_OSMIUM;XIRECS;9988.0;6
238011;;;INTARIAN_PEPPER_ROOT;XIRECS;46242.0;6
238698;;;ASH_COATED_OSMIUM;XIRECS;10004.0;3
239718;;;ASH_COATED_OSMIUM;XIRECS;9997.0;2
240087;;;INTARIAN_PEPPER_ROOT;XIRECS;46245.0;7
242218;;;ASH_COATED_OSMIUM;XIRECS;9999.0;7
243151;;;ASH_COATED_OSMIUM;XIRECS;10002.0;10
243704;;;INTARIAN_PEPPER_ROOT;XIRECS;46238.0;5
243724;;;INTARIAN_PEPPER_ROOT;XIRECS;46238.0;8
244574;;;ASH_COATED_OSMIUM;XIRECS;10011.0;9
244738;;;ASH_COATED_OSMIUM;XIRECS;9998.0;3
244860;;;ASH_COATED_OSMIUM;XIRECS;10015.0;9
248123;;;INTARIAN_PEPPER_ROOT;XIRECS;46243.0;5
249502;;;ASH_COATED_OSMIUM;XIRECS;10012.0;9
249907;;;ASH_COATED_OSMIUM;XIRECS;10001.0;7
250079;;;INTARIAN_PEPPER_ROOT;XIRECS;46244.0;5
250581;;;ASH_COATED_OSMIUM;XIRECS;9993.0;7
251369;;;ASH_COATED_OSMIUM;XIRECS;10013.0;6
251628;;;INTARIAN_PEPPER_ROOT;XIRECS;46260.0;3
251984;;;ASH_COATED_OSMIUM;XIRECS;10005.0;2
253925;;;ASH_COATED_OSMIUM;XIRECS;10006.0;6
254852;;;INTARIAN_PEPPER_ROOT;XIRECS;46259.0;4
258017;;;ASH_COATED_OSMIUM;XIRECS;10011.0;7
261823;;;INTARIAN_PEPPER_ROOT;XIRECS;46252.0;4
261925;;;ASH_COATED_OSMIUM;XIRECS;9984.0;6
262220;;;ASH_COATED_OSMIUM;XIRECS;9982.0;3
265989;;;ASH_COATED_OSMIUM;XIRECS;10003.0;9
266566;;;ASH_COATED_OSMIUM;XIRECS;9999.0;6
266650;;;INTARIAN_PEPPER_ROOT;XIRECS;46262.0;3
267121;;;ASH_COATED_OSMIUM;XIRECS;9991.0;3
269070;;;INTARIAN_PEPPER_ROOT;XIRECS;46261.0;8
269429;;;INTARIAN_PEPPER_ROOT;XIRECS;46264.0;8
269988;;;INTARIAN_PEPPER_ROOT;XIRECS;46282.0;6
271006;;;INTARIAN_PEPPER_ROOT;XIRECS;46263.0;6
272369;;;ASH_COATED_OSMIUM;XIRECS;10006.0;2
272547;;;INTARIAN_PEPPER_ROOT;XIRECS;46281.0;3
273391;;;ASH_COATED_OSMIUM;XIRECS;9990.0;8
273726;;;ASH_COATED_OSMIUM;XIRECS;9997.0;3
274465;;;ASH_COATED_OSMIUM;XIRECS;10000.0;4
274658;;;ASH_COATED_OSMIUM;XIRECS;10009.0;6
275062;;;INTARIAN_PEPPER_ROOT;XIRECS;46282.0;4
276734;;;ASH_COATED_OSMIUM;XIRECS;9987.0;3
277548;;;ASH_COATED_OSMIUM;XIRECS;9975.0;5
277851;;;ASH_COATED_OSMIUM;XIRECS;9998.0;3
279040;;;ASH_COATED_OSMIUM;XIRECS;10012.0;9
282207;;;INTARIAN_PEPPER_ROOT;XIRECS;46281.0;7
283489;;;INTARIAN_PEPPER_ROOT;XIRECS;46277.0;5
284253;;;INTARIAN_PEPPER_ROOT;XIRECS;46276.0;3
286302;;;INTARIAN_PEPPER_ROOT;XIRECS;46282.0;5
289970;;;ASH_COATED_OSMIUM;XIRECS;10017.0;4
290076;;;ASH_COATED_OSMIUM;XIRECS;9999.0;4
290436;;;INTARIAN_PEPPER_ROOT;XIRECS;46298.0;4
292526;;;ASH_COATED_OSMIUM;XIRECS;9996.0;6
292883;;;INTARIAN_PEPPER_ROOT;XIRECS;46290.0;6
293162;;;INTARIAN_PEPPER_ROOT;XIRECS;46301.0;5
294236;;;ASH_COATED_OSMIUM;XIRECS;10012.0;4
295042;;;ASH_COATED_OSMIUM;XIRECS;9998.0;10
295160;;;INTARIAN_PEPPER_ROOT;XIRECS;46300.0;5
297863;;;INTARIAN_PEPPER_ROOT;XIRECS;46289.0;6
300992;;;ASH_COATED_OSMIUM;XIRECS;10007.0;5
302162;;;INTARIAN_PEPPER_ROOT;XIRECS;46311.0;5
303444;;;INTARIAN_PEPPER_ROOT;XIRECS;46309.0;7
306177;;;ASH_COATED_OSMIUM;XIRECS;9988.0;6
306421;;;ASH_COATED_OSMIUM;XIRECS;9998.0;10
309007;;;ASH_COATED_OSMIUM;XIRECS;9990.0;5
310831;;;ASH_COATED_OSMIUM;XIRECS;9990.0;2
313264;;;INTARIAN_PEPPER_ROOT;XIRECS;46320.0;7
315873;;;ASH_COATED_OSMIUM;XIRECS;9983.0;2
320707;;;ASH_COATED_OSMIUM;XIRECS;10013.0;5
320929;;;INTARIAN_PEPPER_ROOT;XIRECS;46313.0;8
322694;;;INTARIAN_PEPPER_ROOT;XIRECS;46327.0;6
324824;;;INTARIAN_PEPPER_ROOT;XIRECS;46331.0;6
325620;;;INTARIAN_PEPPER_ROOT;XIRECS;46330.0;3
326419;;;INTARIAN_PEPPER_ROOT;XIRECS;46334.0;6
326421;;;INTARIAN_PEPPER_ROOT;XIRECS;46334.0;5
326873;;;INTARIAN_PEPPER_ROOT;XIRECS;46335.0;6
327119;;;INTARIAN_PEPPER_ROOT;XIRECS;46329.0;6
327334;;;ASH_COATED_OSMIUM;XIRECS;10007.0;4
327733;;;ASH_COATED_OSMIUM;XIRECS;9996.0;7
328158;;;INTARIAN_PEPPER_ROOT;XIRECS;46335.0;7
328165;;;ASH_COATED_OSMIUM;XIRECS;10015.0;6
328244;;;INTARIAN_PEPPER_ROOT;XIRECS;46322.0;6
328940;;;ASH_COATED_OSMIUM;XIRECS;10015.0;9
328972;;;ASH_COATED_OSMIUM;XIRECS;10015.0;3
330798;;;INTARIAN_PEPPER_ROOT;XIRECS;46335.0;5
335436;;;ASH_COATED_OSMIUM;XIRECS;9999.0;3
337275;;;INTARIAN_PEPPER_ROOT;XIRECS;46344.0;7
339534;;;INTARIAN_PEPPER_ROOT;XIRECS;46344.0;7
340137;;;ASH_COATED_OSMIUM;XIRECS;9991.0;7
340228;;;INTARIAN_PEPPER_ROOT;XIRECS;46346.0;3
341372;;;INTARIAN_PEPPER_ROOT;XIRECS;46349.0;3
343706;;;ASH_COATED_OSMIUM;XIRECS;10006.0;6
344602;;;INTARIAN_PEPPER_ROOT;XIRECS;46341.0;6
345487;;;INTARIAN_PEPPER_ROOT;XIRECS;46338.0;7
346743;;;ASH_COATED_OSMIUM;XIRECS;9996.0;4
346835;;;ASH_COATED_OSMIUM;XIRECS;9983.0;4
347468;;;INTARIAN_PEPPER_ROOT;XIRECS;46339.0;6
349223;;;ASH_COATED_OSMIUM;XIRECS;10017.0;6
349318;;;INTARIAN_PEPPER_ROOT;XIRECS;46357.0;3
349498;;;ASH_COATED_OSMIUM;XIRECS;10011.0;6
349509;;;ASH_COATED_OSMIUM;XIRECS;10011.0;2
349540;;;INTARIAN_PEPPER_ROOT;XIRECS;46358.0;5
349857;;;ASH_COATED_OSMIUM;XIRECS;10003.0;7
350542;;;ASH_COATED_OSMIUM;XIRECS;10009.0;3
353718;;;INTARIAN_PEPPER_ROOT;XIRECS;46357.0;6
355847;;;INTARIAN_PEPPER_ROOT;XIRECS;46361.0;8
357000;;;ASH_COATED_OSMIUM;XIRECS;10013.0;5
357696;;;INTARIAN_PEPPER_ROOT;XIRECS;46354.0;6
361914;;;ASH_COATED_OSMIUM;XIRECS;10007.0;6
362182;;;ASH_COATED_OSMIUM;XIRECS;9998.0;3
362413;;;ASH_COATED_OSMIUM;XIRECS;10010.0;10
364312;;;INTARIAN_PEPPER_ROOT;XIRECS;46371.0;7
364550;;;INTARIAN_PEPPER_ROOT;XIRECS;46372.0;4
366094;;;ASH_COATED_OSMIUM;XIRECS;9994.0;4
367307;;;ASH_COATED_OSMIUM;XIRECS;10015.0;6
369193;;;ASH_COATED_OSMIUM;XIRECS;10015.0;4
370024;;;ASH_COATED_OSMIUM;XIRECS;9993.0;3
371110;;;INTARIAN_PEPPER_ROOT;XIRECS;46365.0;7
373977;;;ASH_COATED_OSMIUM;XIRECS;10011.0;5
374756;;;ASH_COATED_OSMIUM;XIRECS;10002.0;10
377424;;;ASH_COATED_OSMIUM;XIRECS;10010.0;9
378956;;;INTARIAN_PEPPER_ROOT;XIRECS;46371.0;7
379363;;;ASH_COATED_OSMIUM;XIRECS;10000.0;5
379648;;;INTARIAN_PEPPER_ROOT;XIRECS;46373.0;4
382187;;;ASH_COATED_OSMIUM;XIRECS;10002.0;9
386489;;;ASH_COATED_OSMIUM;XIRECS;10007.0;9
387541;;;INTARIAN_PEPPER_ROOT;XIRECS;46378.0;3
388412;;;INTARIAN_PEPPER_ROOT;XIRECS;46380.0;7
388538;;;ASH_COATED_OSMIUM;XIRECS;9987.0;9
389083;;;ASH_COATED_OSMIUM;XIRECS;9985.0;4
389215;;;INTARIAN_PEPPER_ROOT;XIRECS;46382.0;7
393479;;;ASH_COATED_OSMIUM;XIRECS;9987.0;7
394977;;;INTARIAN_PEPPER_ROOT;XIRECS;46387.0;6
395682;;;INTARIAN_PEPPER_ROOT;XIRECS;46405.0;3
395682;;;INTARIAN_PEPPER_ROOT;XIRECS;46389.0;8
395810;;;INTARIAN_PEPPER_ROOT;XIRECS;46393.0;5
399564;;;INTARIAN_PEPPER_ROOT;XIRECS;46407.0;5
402360;;;ASH_COATED_OSMIUM;XIRECS;9984.0;5
402950;;;ASH_COATED_OSMIUM;XIRECS;9998.0;6
403301;;;ASH_COATED_OSMIUM;XIRECS;10002.0;2
404148;;;INTARIAN_PEPPER_ROOT;XIRECS;46409.0;7
405370;;;INTARIAN_PEPPER_ROOT;XIRECS;46401.0;3
405669;;;ASH_COATED_OSMIUM;XIRECS;9989.0;5
407386;;;ASH_COATED_OSMIUM;XIRECS;10013.0;2
407812;;;ASH_COATED_OSMIUM;XIRECS;9988.0;10
409769;;;INTARIAN_PEPPER_ROOT;XIRECS;46416.0;7
411498;;;ASH_COATED_OSMIUM;XIRECS;10009.0;5
412658;;;ASH_COATED_OSMIUM;XIRECS;9990.0;6
413650;;;INTARIAN_PEPPER_ROOT;XIRECS;46420.0;4
414623;;;ASH_COATED_OSMIUM;XIRECS;10003.0;2
414823;;;ASH_COATED_OSMIUM;XIRECS;10016.0;4
415992;;;INTARIAN_PEPPER_ROOT;XIRECS;46409.0;7
417014;;;ASH_COATED_OSMIUM;XIRECS;10005.0;6
418744;;;INTARIAN_PEPPER_ROOT;XIRECS;46425.0;7
421239;;;ASH_COATED_OSMIUM;XIRECS;9980.0;3
421617;;;INTARIAN_PEPPER_ROOT;XIRECS;46412.0;3
422801;;;INTARIAN_PEPPER_ROOT;XIRECS;46411.0;7
424647;;;ASH_COATED_OSMIUM;XIRECS;10007.0;10
425092;;;INTARIAN_PEPPER_ROOT;XIRECS;46421.0;7
426050;;;ASH_COATED_OSMIUM;XIRECS;10015.0;6
426099;;;ASH_COATED_OSMIUM;XIRECS;9999.0;5
427967;;;INTARIAN_PEPPER_ROOT;XIRECS;46435.0;8
428162;;;INTARIAN_PEPPER_ROOT;XIRECS;46435.0;6
431041;;;INTARIAN_PEPPER_ROOT;XIRECS;46422.0;7
431591;;;ASH_COATED_OSMIUM;XIRECS;9991.0;5
431631;;;ASH_COATED_OSMIUM;XIRECS;9986.0;8
432886;;;ASH_COATED_OSMIUM;XIRECS;9981.0;3
433714;;;INTARIAN_PEPPER_ROOT;XIRECS;46439.0;5
436453;;;ASH_COATED_OSMIUM;XIRECS;9995.0;6
436755;;;ASH_COATED_OSMIUM;XIRECS;10007.0;4
437046;;;ASH_COATED_OSMIUM;XIRECS;10010.0;3
437823;;;ASH_COATED_OSMIUM;XIRECS;9987.0;3
438519;;;ASH_COATED_OSMIUM;XIRECS;10016.0;4
438911;;;ASH_COATED_OSMIUM;XIRECS;10010.0;10
439921;;;ASH_COATED_OSMIUM;XIRECS;10011.0;5
441351;;;ASH_COATED_OSMIUM;XIRECS;10008.0;4
442542;;;INTARIAN_PEPPER_ROOT;XIRECS;46433.0;4
444092;;;INTARIAN_PEPPER_ROOT;XIRECS;46431.0;7
446681;;;ASH_COATED_OSMIUM;XIRECS;10007.0;6
447176;;;INTARIAN_PEPPER_ROOT;XIRECS;46439.0;5
447337;;;ASH_COATED_OSMIUM;XIRECS;9989.0;4
447840;;;ASH_COATED_OSMIUM;XIRECS;9996.0;2
448676;;;INTARIAN_PEPPER_ROOT;XIRECS;46456.0;6
449405;;;INTARIAN_PEPPER_ROOT;XIRECS;46440.0;8
453640;;;INTARIAN_PEPPER_ROOT;XIRECS;46449.0;3
455692;;;INTARIAN_PEPPER_ROOT;XIRECS;46459.0;3
456086;;;ASH_COATED_OSMIUM;XIRECS;9987.0;6
457738;;;ASH_COATED_OSMIUM;XIRECS;10004.0;10
464844;;;INTARIAN_PEPPER_ROOT;XIRECS;46457.0;5
465717;;;INTARIAN_PEPPER_ROOT;XIRECS;46457.0;4
466320;;;INTARIAN_PEPPER_ROOT;XIRECS;46457.0;5
470518;;;INTARIAN_PEPPER_ROOT;XIRECS;46461.0;3
470685;;;ASH_COATED_OSMIUM;XIRECS;10000.0;7
471062;;;INTARIAN_PEPPER_ROOT;XIRECS;46469.0;5
471330;;;INTARIAN_PEPPER_ROOT;XIRECS;46467.0;3
471924;;;ASH_COATED_OSMIUM;XIRECS;9993.0;5
472606;;;ASH_COATED_OSMIUM;XIRECS;9994.0;9
474111;;;ASH_COATED_OSMIUM;XIRECS;10005.0;2
475611;;;INTARIAN_PEPPER_ROOT;XIRECS;46472.0;5
476941;;;ASH_COATED_OSMIUM;XIRECS;9990.0;4
480605;;;ASH_COATED_OSMIUM;XIRECS;9997.0;6
484108;;;INTARIAN_PEPPER_ROOT;XIRECS;46488.0;3
484247;;;ASH_COATED_OSMIUM;XIRECS;9999.0;5
486643;;;INTARIAN_PEPPER_ROOT;XIRECS;46489.0;6
491774;;;ASH_COATED_OSMIUM;XIRECS;10011.0;6
492839;;;INTARIAN_PEPPER_ROOT;XIRECS;46498.0;7
492906;;;ASH_COATED_OSMIUM;XIRECS;10000.0;2
493560;;;ASH_COATED_OSMIUM;XIRECS;9991.0;9
493679;;;INTARIAN_PEPPER_ROOT;XIRECS;46494.0;5
496702;;;ASH_COATED_OSMIUM;XIRECS;9986.0;9
497633;;;INTARIAN_PEPPER_ROOT;XIRECS;46504.0;6
498284;;;ASH_COATED_OSMIUM;XIRECS;9998.0;7
499045;;;ASH_COATED_OSMIUM;XIRECS;9994.0;8
500889;;;INTARIAN_PEPPER_ROOT;XIRECS;46504.0;6
502425;;;INTARIAN_PEPPER_ROOT;XIRECS;46510.0;4
502873;;;INTARIAN_PEPPER_ROOT;XIRECS;46493.0;3
506153;;;INTARIAN_PEPPER_ROOT;XIRECS;46514.0;7
506153;;;INTARIAN_PEPPER_ROOT;XIRECS;46500.0;3
509028;;;INTARIAN_PEPPER_ROOT;XIRECS;46510.0;4
509202;;;ASH_COATED_OSMIUM;XIRECS;9987.0;3
512450;;;INTARIAN_PEPPER_ROOT;XIRECS;46519.0;5
512818;;;ASH_COATED_OSMIUM;XIRECS;10008.0;8
514458;;;ASH_COATED_OSMIUM;XIRECS;10012.0;9
514680;;;INTARIAN_PEPPER_ROOT;XIRECS;46509.0;3
517080;;;INTARIAN_PEPPER_ROOT;XIRECS;46526.0;8
518063;;;ASH_COATED_OSMIUM;XIRECS;10014.0;8
522823;;;ASH_COATED_OSMIUM;XIRECS;9997.0;2
523381;;;ASH_COATED_OSMIUM;XIRECS;10008.0;6
523990;;;INTARIAN_PEPPER_ROOT;XIRECS;46515.0;7
525306;;;ASH_COATED_OSMIUM;XIRECS;10015.0;4
527662;;;INTARIAN_PEPPER_ROOT;XIRECS;46536.0;4
528921;;;ASH_COATED_OSMIUM;XIRECS;10009.0;2
528979;;;ASH_COATED_OSMIUM;XIRECS;10009.0;6
530416;;;INTARIAN_PEPPER_ROOT;XIRECS;46525.0;3
534695;;;INTARIAN_PEPPER_ROOT;XIRECS;46524.0;6
535549;;;INTARIAN_PEPPER_ROOT;XIRECS;46531.0;7
535612;;;INTARIAN_PEPPER_ROOT;XIRECS;46527.0;6
537460;;;ASH_COATED_OSMIUM;XIRECS;9989.0;6
537692;;;INTARIAN_PEPPER_ROOT;XIRECS;46535.0;3
540435;;;INTARIAN_PEPPER_ROOT;XIRECS;46549.0;5
540650;;;ASH_COATED_OSMIUM;XIRECS;10008.0;5
541567;;;ASH_COATED_OSMIUM;XIRECS;9987.0;8
543448;;;INTARIAN_PEPPER_ROOT;XIRECS;46545.0;5
544158;;;ASH_COATED_OSMIUM;XIRECS;9991.0;4
545624;;;INTARIAN_PEPPER_ROOT;XIRECS;46542.0;4
546203;;;ASH_COATED_OSMIUM;XIRECS;10011.0;2
546251;;;ASH_COATED_OSMIUM;XIRECS;10011.0;6
547678;;;INTARIAN_PEPPER_ROOT;XIRECS;46535.0;3
550617;;;ASH_COATED_OSMIUM;XIRECS;10010.0;3
551962;;;INTARIAN_PEPPER_ROOT;XIRECS;46545.0;7
552213;;;ASH_COATED_OSMIUM;XIRECS;9998.0;7
552432;;;INTARIAN_PEPPER_ROOT;XIRECS;46552.0;6
553196;;;ASH_COATED_OSMIUM;XIRECS;9993.0;5
554492;;;ASH_COATED_OSMIUM;XIRECS;10010.0;6
555086;;;ASH_COATED_OSMIUM;XIRECS;9997.0;3
556539;;;ASH_COATED_OSMIUM;XIRECS;9999.0;4
557702;;;ASH_COATED_OSMIUM;XIRECS;9995.0;9
559352;;;ASH_COATED_OSMIUM;XIRECS;10007.0;4
560788;;;INTARIAN_PEPPER_ROOT;XIRECS;46572.0;7
561859;;;INTARIAN_PEPPER_ROOT;XIRECS;46556.0;6
562120;;;ASH_COATED_OSMIUM;XIRECS;9982.0;6
563069;;;INTARIAN_PEPPER_ROOT;XIRECS;46555.0;5
567429;;;INTARIAN_PEPPER_ROOT;XIRECS;46560.0;5
569298;;;INTARIAN_PEPPER_ROOT;XIRECS;46576.0;3
573047;;;INTARIAN_PEPPER_ROOT;XIRECS;46568.0;5
575612;;;ASH_COATED_OSMIUM;XIRECS;10012.0;2
576433;;;ASH_COATED_OSMIUM;XIRECS;9989.0;6
578386;;;INTARIAN_PEPPER_ROOT;XIRECS;46586.0;3
579484;;;ASH_COATED_OSMIUM;XIRECS;9988.0;6
580146;;;ASH_COATED_OSMIUM;XIRECS;9981.0;7
583693;;;INTARIAN_PEPPER_ROOT;XIRECS;46577.0;4
583960;;;ASH_COATED_OSMIUM;XIRECS;9997.0;3
584213;;;ASH_COATED_OSMIUM;XIRECS;10011.0;8
587089;;;ASH_COATED_OSMIUM;XIRECS;9998.0;2
588424;;;INTARIAN_PEPPER_ROOT;XIRECS;46597.0;5
591135;;;ASH_COATED_OSMIUM;XIRECS;9992.0;10
592202;;;ASH_COATED_OSMIUM;XIRECS;9995.0;4
593934;;;INTARIAN_PEPPER_ROOT;XIRECS;46585.0;5
595800;;;ASH_COATED_OSMIUM;XIRECS;10017.0;7
596558;;;ASH_COATED_OSMIUM;XIRECS;9991.0;4
596824;;;ASH_COATED_OSMIUM;XIRECS;10007.0;6
597582;;;ASH_COATED_OSMIUM;XIRECS;10013.0;6
598617;;;ASH_COATED_OSMIUM;XIRECS;10004.0;2
607441;;;ASH_COATED_OSMIUM;XIRECS;9991.0;6
608651;;;INTARIAN_PEPPER_ROOT;XIRECS;46613.0;6
610379;;;ASH_COATED_OSMIUM;XIRECS;9989.0;6
611420;;;ASH_COATED_OSMIUM;XIRECS;10001.0;3
611745;;;INTARIAN_PEPPER_ROOT;XIRECS;46604.0;5
611855;;;ASH_COATED_OSMIUM;XIRECS;9982.0;5
612316;;;INTARIAN_PEPPER_ROOT;XIRECS;46622.0;5
614157;;;ASH_COATED_OSMIUM;XIRECS;9996.0;5
616693;;;INTARIAN_PEPPER_ROOT;XIRECS;46609.0;7
616742;;;INTARIAN_PEPPER_ROOT;XIRECS;46622.0;6
617566;;;ASH_COATED_OSMIUM;XIRECS;9993.0;2
618685;;;ASH_COATED_OSMIUM;XIRECS;10014.0;6
619973;;;ASH_COATED_OSMIUM;XIRECS;10015.0;6
620163;;;ASH_COATED_OSMIUM;XIRECS;9998.0;5
620438;;;ASH_COATED_OSMIUM;XIRECS;9998.0;9
621994;;;ASH_COATED_OSMIUM;XIRECS;10017.0;3
622783;;;ASH_COATED_OSMIUM;XIRECS;10006.0;9
623557;;;ASH_COATED_OSMIUM;XIRECS;10011.0;7
623734;;;INTARIAN_PEPPER_ROOT;XIRECS;46614.0;5
623900;;;ASH_COATED_OSMIUM;XIRECS;9988.0;4
624927;;;ASH_COATED_OSMIUM;XIRECS;9994.0;2
626158;;;ASH_COATED_OSMIUM;XIRECS;9987.0;9
627310;;;INTARIAN_PEPPER_ROOT;XIRECS;46622.0;8
627802;;;ASH_COATED_OSMIUM;XIRECS;10002.0;6
628126;;;INTARIAN_PEPPER_ROOT;XIRECS;46631.0;8
628781;;;ASH_COATED_OSMIUM;XIRECS;9989.0;5
630280;;;ASH_COATED_OSMIUM;XIRECS;10001.0;4
630548;;;INTARIAN_PEPPER_ROOT;XIRECS;46624.0;3
630967;;;INTARIAN_PEPPER_ROOT;XIRECS;46621.0;3
633282;;;INTARIAN_PEPPER_ROOT;XIRECS;46626.0;7
634518;;;ASH_COATED_OSMIUM;XIRECS;10001.0;6
634751;;;ASH_COATED_OSMIUM;XIRECS;10000.0;6
635928;;;ASH_COATED_OSMIUM;XIRECS;9983.0;7
637052;;;ASH_COATED_OSMIUM;XIRECS;10013.0;4
637430;;;ASH_COATED_OSMIUM;XIRECS;10008.0;4
638629;;;INTARIAN_PEPPER_ROOT;XIRECS;46646.0;6
640235;;;ASH_COATED_OSMIUM;XIRECS;9994.0;6
640543;;;INTARIAN_PEPPER_ROOT;XIRECS;46632.0;3
640961;;;ASH_COATED_OSMIUM;XIRECS;9990.0;5
641023;;;INTARIAN_PEPPER_ROOT;XIRECS;46649.0;3
642039;;;INTARIAN_PEPPER_ROOT;XIRECS;46650.0;5
643419;;;INTARIAN_PEPPER_ROOT;XIRECS;46650.0;7
644749;;;INTARIAN_PEPPER_ROOT;XIRECS;46637.0;8
644969;;;ASH_COATED_OSMIUM;XIRECS;10014.0;3
645645;;;INTARIAN_PEPPER_ROOT;XIRECS;46638.0;6
645827;;;ASH_COATED_OSMIUM;XIRECS;10006.0;4
647903;;;ASH_COATED_OSMIUM;XIRECS;9981.0;4
648308;;;INTARIAN_PEPPER_ROOT;XIRECS;46640.0;3
649916;;;INTARIAN_PEPPER_ROOT;XIRECS;46642.0;7
649994;;;ASH_COATED_OSMIUM;XIRECS;10013.0;8
650440;;;ASH_COATED_OSMIUM;XIRECS;9993.0;6
655669;;;ASH_COATED_OSMIUM;XIRECS;9994.0;9
656264;;;ASH_COATED_OSMIUM;XIRECS;9991.0;3
656335;;;INTARIAN_PEPPER_ROOT;XIRECS;46647.0;4
659114;;;INTARIAN_PEPPER_ROOT;XIRECS;46650.0;7
661983;;;ASH_COATED_OSMIUM;XIRECS;9990.0;4
663940;;;INTARIAN_PEPPER_ROOT;XIRECS;46660.0;4
664820;;;ASH_COATED_OSMIUM;XIRECS;10013.0;3
665696;;;INTARIAN_PEPPER_ROOT;XIRECS;46656.0;3
665704;;;ASH_COATED_OSMIUM;XIRECS;10011.0;4
667690;;;ASH_COATED_OSMIUM;XIRECS;9992.0;4
669147;;;ASH_COATED_OSMIUM;XIRECS;10006.0;3
674686;;;INTARIAN_PEPPER_ROOT;XIRECS;46668.0;3
674900;;;ASH_COATED_OSMIUM;XIRECS;9992.0;8
675315;;;ASH_COATED_OSMIUM;XIRECS;10008.0;2
677418;;;ASH_COATED_OSMIUM;XIRECS;10007.0;3
677451;;;ASH_COATED_OSMIUM;XIRECS;10007.0;7
677702;;;ASH_COATED_OSMIUM;XIRECS;10016.0;4
679899;;;ASH_COATED_OSMIUM;XIRECS;10016.0;2
681041;;;INTARIAN_PEPPER_ROOT;XIRECS;46684.0;6
683339;;;ASH_COATED_OSMIUM;XIRECS;9995.0;4
683365;;;INTARIAN_PEPPER_ROOT;XIRECS;46676.0;7
684125;;;ASH_COATED_OSMIUM;XIRECS;9997.0;8
684362;;;INTARIAN_PEPPER_ROOT;XIRECS;46677.0;3
685323;;;ASH_COATED_OSMIUM;XIRECS;10011.0;6
687743;;;ASH_COATED_OSMIUM;XIRECS;9991.0;9
688147;;;INTARIAN_PEPPER_ROOT;XIRECS;46695.0;7
689046;;;ASH_COATED_OSMIUM;XIRECS;10004.0;3
691770;;;INTARIAN_PEPPER_ROOT;XIRECS;46699.0;5
692854;;;INTARIAN_PEPPER_ROOT;XIRECS;46697.0;3
693229;;;ASH_COATED_OSMIUM;XIRECS;10007.0;4
694526;;;INTARIAN_PEPPER_ROOT;XIRECS;46687.0;6
697685;;;ASH_COATED_OSMIUM;XIRECS;9985.0;4
699187;;;ASH_COATED_OSMIUM;XIRECS;9996.0;5
699836;;;ASH_COATED_OSMIUM;XIRECS;10019.0;7
699922;;;ASH_COATED_OSMIUM;XIRECS;10013.0;6
700625;;;ASH_COATED_OSMIUM;XIRECS;9991.0;6
702493;;;ASH_COATED_OSMIUM;XIRECS;10011.0;4
703066;;;INTARIAN_PEPPER_ROOT;XIRECS;46696.0;4
704810;;;INTARIAN_PEPPER_ROOT;XIRECS;46712.0;6
706049;;;INTARIAN_PEPPER_ROOT;XIRECS;46701.0;3
706404;;;ASH_COATED_OSMIUM;XIRECS;10002.0;5
709242;;;INTARIAN_PEPPER_ROOT;XIRECS;46718.0;5
713858;;;ASH_COATED_OSMIUM;XIRECS;10006.0;6
714277;;;ASH_COATED_OSMIUM;XIRECS;9992.0;5
716472;;;INTARIAN_PEPPER_ROOT;XIRECS;46712.0;6
717232;;;INTARIAN_PEPPER_ROOT;XIRECS;46707.0;4
717299;;;ASH_COATED_OSMIUM;XIRECS;10004.0;7
720940;;;INTARIAN_PEPPER_ROOT;XIRECS;46714.0;5
722191;;;INTARIAN_PEPPER_ROOT;XIRECS;46731.0;7
723070;;;INTARIAN_PEPPER_ROOT;XIRECS;46726.0;7
723788;;;INTARIAN_PEPPER_ROOT;XIRECS;46723.0;5
725572;;;ASH_COATED_OSMIUM;XIRECS;9993.0;10
725728;;;INTARIAN_PEPPER_ROOT;XIRECS;46730.0;7
727500;;;ASH_COATED_OSMIUM;XIRECS;9991.0;2
727962;;;ASH_COATED_OSMIUM;XIRECS;10001.0;5
728427;;;ASH_COATED_OSMIUM;XIRECS;10001.0;2
729167;;;ASH_COATED_OSMIUM;XIRECS;9991.0;7
729539;;;ASH_COATED_OSMIUM;XIRECS;9992.0;6
729921;;;INTARIAN_PEPPER_ROOT;XIRECS;46719.0;6
730054;;;INTARIAN_PEPPER_ROOT;XIRECS;46727.0;7
730679;;;INTARIAN_PEPPER_ROOT;XIRECS;46726.0;5
732665;;;INTARIAN_PEPPER_ROOT;XIRECS;46739.0;5
733231;;;INTARIAN_PEPPER_ROOT;XIRECS;46739.0;4
734375;;;ASH_COATED_OSMIUM;XIRECS;9990.0;6
735595;;;ASH_COATED_OSMIUM;XIRECS;9997.0;4
735886;;;ASH_COATED_OSMIUM;XIRECS;10006.0;4
737219;;;INTARIAN_PEPPER_ROOT;XIRECS;46746.0;7
737527;;;ASH_COATED_OSMIUM;XIRECS;10003.0;5
738727;;;ASH_COATED_OSMIUM;XIRECS;9993.0;2
738779;;;INTARIAN_PEPPER_ROOT;XIRECS;46748.0;3
739842;;;ASH_COATED_OSMIUM;XIRECS;10009.0;3
741040;;;ASH_COATED_OSMIUM;XIRECS;10014.0;5
746531;;;INTARIAN_PEPPER_ROOT;XIRECS;46739.0;3
746645;;;ASH_COATED_OSMIUM;XIRECS;10012.0;4
746971;;;INTARIAN_PEPPER_ROOT;XIRECS;46742.0;7
748043;;;ASH_COATED_OSMIUM;XIRECS;9994.0;5
757042;;;INTARIAN_PEPPER_ROOT;XIRECS;46761.0;6
757659;;;ASH_COATED_OSMIUM;XIRECS;10009.0;6
758062;;;ASH_COATED_OSMIUM;XIRECS;9986.0;6
758482;;;INTARIAN_PEPPER_ROOT;XIRECS;46766.0;3
760289;;;ASH_COATED_OSMIUM;XIRECS;9990.0;3
761633;;;INTARIAN_PEPPER_ROOT;XIRECS;46754.0;6
762085;;;INTARIAN_PEPPER_ROOT;XIRECS;46755.0;4
762374;;;ASH_COATED_OSMIUM;XIRECS;9993.0;3
762431;;;ASH_COATED_OSMIUM;XIRECS;10010.0;3
762998;;;ASH_COATED_OSMIUM;XIRECS;10006.0;2
763030;;;INTARIAN_PEPPER_ROOT;XIRECS;46767.0;3
764642;;;ASH_COATED_OSMIUM;XIRECS;10007.0;2
764885;;;INTARIAN_PEPPER_ROOT;XIRECS;46771.0;6
767323;;;INTARIAN_PEPPER_ROOT;XIRECS;46777.0;5
767787;;;INTARIAN_PEPPER_ROOT;XIRECS;46759.0;6
773202;;;ASH_COATED_OSMIUM;XIRECS;9991.0;5
773639;;;ASH_COATED_OSMIUM;XIRECS;10000.0;5
774338;;;ASH_COATED_OSMIUM;XIRECS;9992.0;3
775305;;;ASH_COATED_OSMIUM;XIRECS;9985.0;7
775914;;;ASH_COATED_OSMIUM;XIRECS;10003.0;3
776210;;;INTARIAN_PEPPER_ROOT;XIRECS;46781.0;6
781723;;;ASH_COATED_OSMIUM;XIRECS;10013.0;6
782133;;;INTARIAN_PEPPER_ROOT;XIRECS;46774.0;4
783676;;;INTARIAN_PEPPER_ROOT;XIRECS;46780.0;4
784937;;;ASH_COATED_OSMIUM;XIRECS;10007.0;5
787473;;;INTARIAN_PEPPER_ROOT;XIRECS;46781.0;7
789339;;;ASH_COATED_OSMIUM;XIRECS;9992.0;9
791668;;;ASH_COATED_OSMIUM;XIRECS;10012.0;2
793873;;;INTARIAN_PEPPER_ROOT;XIRECS;46786.0;6
797128;;;ASH_COATED_OSMIUM;XIRECS;10007.0;6
797681;;;INTARIAN_PEPPER_ROOT;XIRECS;46789.0;7
798699;;;INTARIAN_PEPPER_ROOT;XIRECS;46804.0;7
798777;;;ASH_COATED_OSMIUM;XIRECS;9990.0;6
800196;;;ASH_COATED_OSMIUM;XIRECS;9989.0;6
800634;;;ASH_COATED_OSMIUM;XIRECS;9986.0;4
800916;;;ASH_COATED_OSMIUM;XIRECS;9988.0;6
801943;;;ASH_COATED_OSMIUM;XIRECS;9997.0;7
807687;;;INTARIAN_PEPPER_ROOT;XIRECS;46812.0;4
808755;;;ASH_COATED_OSMIUM;XIRECS;10008.0;7
809909;;;ASH_COATED_OSMIUM;XIRECS;9991.0;2
811971;;;INTARIAN_PEPPER_ROOT;XIRECS;46804.0;2
816617;;;INTARIAN_PEPPER_ROOT;XIRECS;46824.0;8
816771;;;ASH_COATED_OSMIUM;XIRECS;9985.0;3
819789;;;ASH_COATED_OSMIUM;XIRECS;9989.0;6
822163;;;INTARIAN_PEPPER_ROOT;XIRECS;46819.0;6
823941;;;INTARIAN_PEPPER_ROOT;XIRECS;46835.0;6
824637;;;ASH_COATED_OSMIUM;XIRECS;9997.0;2
825027;;;INTARIAN_PEPPER_ROOT;XIRECS;46831.0;6
826336;;;ASH_COATED_OSMIUM;XIRECS;9989.0;5
826687;;;ASH_COATED_OSMIUM;XIRECS;10001.0;4
827703;;;INTARIAN_PEPPER_ROOT;XIRECS;46823.0;3
828589;;;INTARIAN_PEPPER_ROOT;XIRECS;46836.0;5
830287;;;INTARIAN_PEPPER_ROOT;XIRECS;46837.0;3
831184;;;ASH_COATED_OSMIUM;XIRECS;10010.0;2
831505;;;ASH_COATED_OSMIUM;XIRECS;10001.0;9
833880;;;INTARIAN_PEPPER_ROOT;XIRECS;46825.0;6
834319;;;INTARIAN_PEPPER_ROOT;XIRECS;46828.0;6
835330;;;INTARIAN_PEPPER_ROOT;XIRECS;46825.0;4
838742;;;INTARIAN_PEPPER_ROOT;XIRECS;46833.0;8
839492;;;INTARIAN_PEPPER_ROOT;XIRECS;46849.0;5
840651;;;ASH_COATED_OSMIUM;XIRECS;10006.0;9
840953;;;INTARIAN_PEPPER_ROOT;XIRECS;46832.0;6
841814;;;INTARIAN_PEPPER_ROOT;XIRECS;46851.0;3
842909;;;INTARIAN_PEPPER_ROOT;XIRECS;46851.0;4
844068;;;INTARIAN_PEPPER_ROOT;XIRECS;46835.0;7
844933;;;ASH_COATED_OSMIUM;XIRECS;10009.0;6
845804;;;ASH_COATED_OSMIUM;XIRECS;10008.0;2
847401;;;ASH_COATED_OSMIUM;XIRECS;10006.0;9
851271;;;ASH_COATED_OSMIUM;XIRECS;9983.0;9
851908;;;INTARIAN_PEPPER_ROOT;XIRECS;46857.0;3
854067;;;ASH_COATED_OSMIUM;XIRECS;10011.0;6
854709;;;ASH_COATED_OSMIUM;XIRECS;10009.0;9
857917;;;INTARIAN_PEPPER_ROOT;XIRECS;46853.0;5
858787;;;INTARIAN_PEPPER_ROOT;XIRECS;46864.0;5
860521;;;INTARIAN_PEPPER_ROOT;XIRECS;46867.0;7
860532;;;INTARIAN_PEPPER_ROOT;XIRECS;46855.0;6
861192;;;ASH_COATED_OSMIUM;XIRECS;10005.0;2
863358;;;INTARIAN_PEPPER_ROOT;XIRECS;46855.0;3
863744;;;ASH_COATED_OSMIUM;XIRECS;10003.0;2
865252;;;INTARIAN_PEPPER_ROOT;XIRECS;46859.0;6
868514;;;ASH_COATED_OSMIUM;XIRECS;10015.0;5
869921;;;INTARIAN_PEPPER_ROOT;XIRECS;46874.0;8
870345;;;ASH_COATED_OSMIUM;XIRECS;9997.0;9
872920;;;ASH_COATED_OSMIUM;XIRECS;9990.0;9
874296;;;INTARIAN_PEPPER_ROOT;XIRECS;46869.0;4
875179;;;INTARIAN_PEPPER_ROOT;XIRECS;46866.0;7
875360;;;INTARIAN_PEPPER_ROOT;XIRECS;46877.0;3
876163;;;INTARIAN_PEPPER_ROOT;XIRECS;46883.0;6
876721;;;ASH_COATED_OSMIUM;XIRECS;9984.0;4
877079;;;INTARIAN_PEPPER_ROOT;XIRECS;46867.0;3
877901;;;ASH_COATED_OSMIUM;XIRECS;10002.0;2
880811;;;ASH_COATED_OSMIUM;XIRECS;9994.0;3
881349;;;ASH_COATED_OSMIUM;XIRECS;9999.0;4
881975;;;ASH_COATED_OSMIUM;XIRECS;9996.0;2
882317;;;INTARIAN_PEPPER_ROOT;XIRECS;46886.0;7
883088;;;INTARIAN_PEPPER_ROOT;XIRECS;46889.0;5
883764;;;INTARIAN_PEPPER_ROOT;XIRECS;46892.0;6
885546;;;ASH_COATED_OSMIUM;XIRECS;10001.0;8
885714;;;INTARIAN_PEPPER_ROOT;XIRECS;46882.0;3
887649;;;INTARIAN_PEPPER_ROOT;XIRECS;46894.0;6
889000;;;ASH_COATED_OSMIUM;XIRECS;10021.0;8
890794;;;ASH_COATED_OSMIUM;XIRECS;9991.0;10
890840;;;ASH_COATED_OSMIUM;XIRECS;9997.0;2
891660;;;ASH_COATED_OSMIUM;XIRECS;10006.0;3
892196;;;INTARIAN_PEPPER_ROOT;XIRECS;46889.0;3
893799;;;INTARIAN_PEPPER_ROOT;XIRECS;46901.0;5
896723;;;ASH_COATED_OSMIUM;XIRECS;10010.0;3
898061;;;ASH_COATED_OSMIUM;XIRECS;10015.0;8
899938;;;ASH_COATED_OSMIUM;XIRECS;10009.0;6
900026;;;ASH_COATED_OSMIUM;XIRECS;9988.0;5
900493;;;INTARIAN_PEPPER_ROOT;XIRECS;46895.0;4
901263;;;INTARIAN_PEPPER_ROOT;XIRECS;46897.0;5
903778;;;INTARIAN_PEPPER_ROOT;XIRECS;46897.0;7
903939;;;INTARIAN_PEPPER_ROOT;XIRECS;46911.0;5
905204;;;ASH_COATED_OSMIUM;XIRECS;10001.0;5
906554;;;ASH_COATED_OSMIUM;XIRECS;9997.0;3
908287;;;ASH_COATED_OSMIUM;XIRECS;9993.0;5
910643;;;INTARIAN_PEPPER_ROOT;XIRECS;46908.0;6
911779;;;INTARIAN_PEPPER_ROOT;XIRECS;46915.0;3
914043;;;INTARIAN_PEPPER_ROOT;XIRECS;46918.0;7
914589;;;ASH_COATED_OSMIUM;XIRECS;9981.0;6
914613;;;ASH_COATED_OSMIUM;XIRECS;10001.0;10
915015;;;INTARIAN_PEPPER_ROOT;XIRECS;46910.0;4
915861;;;ASH_COATED_OSMIUM;XIRECS;9990.0;2
915877;;;ASH_COATED_OSMIUM;XIRECS;10006.0;10
917944;;;INTARIAN_PEPPER_ROOT;XIRECS;46925.0;7
921922;;;INTARIAN_PEPPER_ROOT;XIRECS;46918.0;6
923393;;;ASH_COATED_OSMIUM;XIRECS;9998.0;5
924229;;;ASH_COATED_OSMIUM;XIRECS;10007.0;2
924245;;;ASH_COATED_OSMIUM;XIRECS;9991.0;2
925112;;;INTARIAN_PEPPER_ROOT;XIRECS;46931.0;6
926093;;;ASH_COATED_OSMIUM;XIRECS;9989.0;7
927124;;;ASH_COATED_OSMIUM;XIRECS;10017.0;5
927349;;;ASH_COATED_OSMIUM;XIRECS;10004.0;6
929253;;;ASH_COATED_OSMIUM;XIRECS;9985.0;10
930134;;;ASH_COATED_OSMIUM;XIRECS;10004.0;8
930698;;;ASH_COATED_OSMIUM;XIRECS;10009.0;2
931497;;;ASH_COATED_OSMIUM;XIRECS;10010.0;6
933676;;;ASH_COATED_OSMIUM;XIRECS;10008.0;8
937041;;;ASH_COATED_OSMIUM;XIRECS;10011.0;6
937433;;;INTARIAN_PEPPER_ROOT;XIRECS;46942.0;8
939574;;;ASH_COATED_OSMIUM;XIRECS;9990.0;4
941791;;;ASH_COATED_OSMIUM;XIRECS;10004.0;3
942039;;;ASH_COATED_OSMIUM;XIRECS;10015.0;2
945974;;;ASH_COATED_OSMIUM;XIRECS;9989.0;5
947509;;;INTARIAN_PEPPER_ROOT;XIRECS;46941.0;7
947679;;;INTARIAN_PEPPER_ROOT;XIRECS;46958.0;6
949254;;;INTARIAN_PEPPER_ROOT;XIRECS;46942.0;4
949775;;;ASH_COATED_OSMIUM;XIRECS;9988.0;4
951171;;;ASH_COATED_OSMIUM;XIRECS;10002.0;6
952439;;;ASH_COATED_OSMIUM;XIRECS;10000.0;3
953104;;;ASH_COATED_OSMIUM;XIRECS;9998.0;9
953229;;;ASH_COATED_OSMIUM;XIRECS;10009.0;9
954328;;;INTARIAN_PEPPER_ROOT;XIRECS;46944.0;6
954441;;;ASH_COATED_OSMIUM;XIRECS;9998.0;7
955911;;;ASH_COATED_OSMIUM;XIRECS;10013.0;10
956897;;;ASH_COATED_OSMIUM;XIRECS;10009.0;5
957706;;;INTARIAN_PEPPER_ROOT;XIRECS;46950.0;5
957724;;;INTARIAN_PEPPER_ROOT;XIRECS;46961.0;4
959491;;;ASH_COATED_OSMIUM;XIRECS;9995.0;4
959899;;;INTARIAN_PEPPER_ROOT;XIRECS;46953.0;5
961897;;;ASH_COATED_OSMIUM;XIRECS;9995.0;8
962217;;;INTARIAN_PEPPER_ROOT;XIRECS;46954.0;7
962385;;;ASH_COATED_OSMIUM;XIRECS;10008.0;9
965397;;;INTARIAN_PEPPER_ROOT;XIRECS;46961.0;3
965470;;;ASH_COATED_OSMIUM;XIRECS;9984.0;7
967198;;;INTARIAN_PEPPER_ROOT;XIRECS;46960.0;6
968172;;;ASH_COATED_OSMIUM;XIRECS;10001.0;5
969043;;;INTARIAN_PEPPER_ROOT;XIRECS;46962.0;6
969997;;;INTARIAN_PEPPER_ROOT;XIRECS;46962.0;5
971410;;;ASH_COATED_OSMIUM;XIRECS;10002.0;6
972615;;;ASH_COATED_OSMIUM;XIRECS;10011.0;3
972876;;;ASH_COATED_OSMIUM;XIRECS;10011.0;5
980042;;;INTARIAN_PEPPER_ROOT;XIRECS;46978.0;7
980443;;;INTARIAN_PEPPER_ROOT;XIRECS;46975.0;3
981006;;;INTARIAN_PEPPER_ROOT;XIRECS;46974.0;4
981839;;;ASH_COATED_OSMIUM;XIRECS;9995.0;5
983556;;;INTARIAN_PEPPER_ROOT;XIRECS;46988.0;7
984560;;;ASH_COATED_OSMIUM;XIRECS;10016.0;8
986500;;;ASH_COATED_OSMIUM;XIRECS;9991.0;2
989222;;;INTARIAN_PEPPER_ROOT;XIRECS;46999.0;3
989549;;;INTARIAN_PEPPER_ROOT;XIRECS;46984.0;4
993107;;;INTARIAN_PEPPER_ROOT;XIRECS;46984.0;7
996253;;;INTARIAN_PEPPER_ROOT;XIRECS;46987.0;4
998911;;;ASH_COATED_OSMIUM;XIRECS;10012.0;9
999070;;;ASH_COATED_OSMIUM;XIRECS;10001.0;2
999531;;;ASH_COATED_OSMIUM;XIRECS;9994.0;5