timestamp;buyer;seller;symbol;currency;price;quantity
4201;;;INTARIAN_PEPPER_ROOT;XIRECS;35000.0;5
6410;;;ASH_COATED_OSMIUM;XIRECS;10012.0;4
9318;;;INTARIAN_PEPPER_ROOT;XIRECS;35015.0;3
10145;;;INTARIAN_PEPPER_ROOT;XIRECS;35000.0;3
10589;;;INTARIAN_PEPPER_ROOT;XIRECS;35006.0;7
10634;;;ASH_COATED_OSMIUM;XIRECS;9983.0;9
13906;;;ASH_COATED_OSMIUM;XIRECS;9997.0;10
14175;;;INTARIAN_PEPPER_ROOT;XIRECS;35006.0;6
18188;;;ASH_COATED_OSMIUM;XIRECS;9999.0;3
18511;;;INTARIAN_PEPPER_ROOT;XIRECS;35029.0;6
19177;;;ASH_COATED_OSMIUM;XIRECS;10009.0;4
19443;;;ASH_COATED_OSMIUM;XIRECS;10020.0;4
19661;;;ASH_COATED_OSMIUM;XIRECS;10004.0;5
19894;;;ASH_COATED_OSMIUM;XIRECS;10016.0;7
20311;;;INTARIAN_PEPPER_ROOT;XIRECS;35021.0;7
20426;;;ASH_COATED_OSMIUM;XIRECS;10012.0;3
21018;;;ASH_COATED_OSMIUM;XIRECS;10005.0;5
22680;;;ASH_COATED_OSMIUM;XIRECS;10012.0;2
25378;;;ASH_COATED_OSMIUM;XIRECS;9994.0;5
25513;;;ASH_COATED_OSMIUM;XIRECS;9998.0;5
27363;;;ASH_COATED_OSMIUM;XIRECS;10015.0;2
28843;;;ASH_COATED_OSMIUM;XIRECS;9985.0;6
30097;;;INTARIAN_PEPPER_ROOT;XIRECS;35036.0;6
30572;;;INTARIAN_PEPPER_ROOT;XIRECS;35039.0;3
32969;;;ASH_COATED_OSMIUM;XIRECS;9993.0;3
33170;;;ASH_COATED_OSMIUM;XIRECS;9994.0;2
37350;;;ASH_COATED_OSMIUM;XIRECS;9991.0;3
37366;;;ASH_COATED_OSMIUM;XIRECS;9991.0;2
37656;;;INTARIAN_PEPPER_ROOT;XIRECS;35045.0;3
40202;;;INTARIAN_PEPPER_ROOT;XIRECS;35036.0;6
40510;;;ASH_COATED_OSMIUM;XIRECS;9989.0;9
42272;;;ASH_COATED_OSMIUM;XIRECS;10001.0;5
42319;;;INTARIAN_PEPPER_ROOT;XIRECS;35037.0;6
46274;;;INTARIAN_PEPPER_ROOT;XIRECS;35044.0;6
46355;;;ASH_COATED_OSMIUM;XIRECS;9994.0;5
50911;;;ASH_COATED_OSMIUM;XIRECS;10013.0;3
52487;;;ASH_COATED_OSMIUM;XIRECS;9987.0;2
52870;;;INTARIAN_PEPPER_ROOT;XIRECS;35046.0;4
55033;;;ASH_COATED_OSMIUM;XIRECS;10007.0;6
59865;;;ASH_COATED_OSMIUM;XIRECS;9990.0;7
60791;;;ASH_COATED_OSMIUM;XIRECS;10006.0;4
61438;;;ASH_COATED_OSMIUM;XIRECS;9997.0;3
62274;;;ASH_COATED_OSMIUM;XIRECS;9988.0;4
65043;;;INTARIAN_PEPPER_ROOT;XIRECS;35058.0;7
65289;;;INTARIAN_PEPPER_ROOT;XIRECS;35058.0;5
66039;;;INTARIAN_PEPPER_ROOT;XIRECS;35074.0;5
67386;;;INTARIAN_PEPPER_ROOT;XIRECS;35058.0;5
68396;;;INTARIAN_PEPPER_ROOT;XIRECS;35063.0;7
68692;;;ASH_COATED_OSMIUM;XIRECS;10006.0;9
71637;;;INTARIAN_PEPPER_ROOT;XIRECS;35079.0;5
72719;;;INTARIAN_PEPPER_ROOT;XIRECS;35065.0;4
74283;;;ASH_COATED_OSMIUM;XIRECS;9981.0;6
75996;;;ASH_COATED_OSMIUM;XIRECS;9996.0;9
78212;;;ASH_COATED_OSMIUM;XIRECS;9985.0;3
82807;;;ASH_COATED_OSMIUM;XIRECS;9992.0;6
83183;;;ASH_COATED_OSMIUM;XIRECS;10003.0;6
84250;;;INTARIAN_PEPPER_ROOT;XIRECS;35077.0;8
87711;;;ASH_COATED_OSMIUM;XIRECS;9989.0;5
88582;;;INTARIAN_PEPPER_ROOT;XIRECS;35095.0;5
90636;;;INTARIAN_PEPPER_ROOT;XIRECS;35081.0;5
91060;;;ASH_COATED_OSMIUM;XIRECS;9996.0;2
93232;;;INTARIAN_PEPPER_ROOT;XIRECS;35087.0;7
93460;;;ASH_COATED_OSMIUM;XIRECS;9993.0;3
93924;;;ASH_COATED_OSMIUM;XIRECS;9990.0;4
95062;;;ASH_COATED_OSMIUM;XIRECS;10004.0;2
97920;;;INTARIAN_PEPPER_ROOT;XIRECS;35089.0;5
98470;;;ASH_COATED_OSMIUM;XIRECS;10011.0;9
100238;;;ASH_COATED_OSMIUM;XIRECS;9997.0;4
102163;;;ASH_COATED_OSMIUM;XIRECS;9995.0;8
102784;;;INTARIAN_PEPPER_ROOT;XIRECS;35107.0;7
105156;;;ASH_COATED_OSMIUM;XIRECS;9999.0;5
106863;;;ASH_COATED_OSMIUM;XIRECS;9989.0;6
107221;;;ASH_COATED_OSMIUM;XIRECS;10000.0;6
114596;;;INTARIAN_PEPPER_ROOT;XIRECS;35121.0;7
114862;;;INTARIAN_PEPPER_ROOT;XIRECS;35123.0;3
114968;;;INTARIAN_PEPPER_ROOT;XIRECS;35106.0;4
115376;;;ASH_COATED_OSMIUM;XIRECS;9990.0;10
116967;;;INTARIAN_PEPPER_ROOT;XIRECS;35108.0;5
117309;;;INTARIAN_PEPPER_ROOT;XIRECS;35123.0;6
117867;;;ASH_COATED_OSMIUM;XIRECS;10012.0;4
119764;;;ASH_COATED_OSMIUM;XIRECS;10006.0;6
121175;;;INTARIAN_PEPPER_ROOT;XIRECS;35126.0;7
124166;;;ASH_COATED_OSMIUM;XIRECS;10015.0;8
126872;;;ASH_COATED_OSMIUM;XIRECS;10001.0;3
127179;;;ASH_COATED_OSMIUM;XIRECS;9986.0;5
127866;;;ASH_COATED_OSMIUM;XIRECS;10002.0;3
128795;;;INTARIAN_PEPPER_ROOT;XIRECS;35134.0;7
132164;;;ASH_COATED_OSMIUM;XIRECS;9997.0;10
132346;;;ASH_COATED_OSMIUM;XIRECS;10018.0;5
136764;;;ASH_COATED_OSMIUM;XIRECS;10014.0;2
140466;;;ASH_COATED_OSMIUM;XIRECS;9990.0;3
140839;;;INTARIAN_PEPPER_ROOT;XIRECS;35150.0;4
143126;;;INTARIAN_PEPPER_ROOT;XIRECS;35139.0;3
143399;;;INTARIAN_PEPPER_ROOT;XIRECS;35154.0;4
146576;;;ASH_COATED_OSMIUM;XIRECS;10000.0;8
146695;;;ASH_COATED_OSMIUM;XIRECS;10012.0;4
146769;;;INTARIAN_PEPPER_ROOT;XIRECS;35138.0;4
147887;;;INTARIAN_PEPPER_ROOT;XIRECS;35157.0;7
148090;;;ASH_COATED_OSMIUM;XIRECS;9995.0;9
148679;;;INTARIAN_PEPPER_ROOT;XIRECS;35143.0;3
149673;;;ASH_COATED_OSMIUM;XIRECS;10017.0;9
149908;;;INTARIAN_PEPPER_ROOT;XIRECS;35145.0;5
150856;;;INTARIAN_PEPPER_ROOT;XIRECS;35142.0;6
150937;;;INTARIAN_PEPPER_ROOT;XIRECS;35157.0;4
153105;;;ASH_COATED_OSMIUM;XIRECS;9987.0;6
156672;;;ASH_COATED_OSMIUM;XIRECS;9998.0;10
157933;;;INTARIAN_PEPPER_ROOT;XIRECS;35164.0;5
158657;;;ASH_COATED_OSMIUM;XIRECS;9990.0;5
159526;;;ASH_COATED_OSMIUM;XIRECS;10006.0;9
160954;;;INTARIAN_PEPPER_ROOT;XIRECS;35155.0;7
161165;;;ASH_COATED_OSMIUM;XIRECS;10014.0;5
164728;;;ASH_COATED_OSMIUM;XIRECS;9979.0;5
168171;;;ASH_COATED_OSMIUM;XIRECS;9997.0;9
170361;;;INTARIAN_PEPPER_ROOT;XIRECS;35166.0;6
172440;;;INTARIAN_PEPPER_ROOT;XIRECS;35170.0;3
173513;;;INTARIAN_PEPPER_ROOT;XIRECS;35179.0;5
173815;;;INTARIAN_PEPPER_ROOT;XIRECS;35182.0;4
175090;;;INTARIAN_PEPPER_ROOT;XIRECS;35166.0;6
175484;;;ASH_COATED_OSMIUM;XIRECS;9991.0;6
175714;;;INTARIAN_PEPPER_ROOT;XIRECS;35168.0;3
175848;;;INTARIAN_PEPPER_ROOT;XIRECS;35182.0;3
176824;;;ASH_COATED_OSMIUM;XIRECS;10012.0;2
179016;;;ASH_COATED_OSMIUM;XIRECS;10010.0;10
180514;;;INTARIAN_PEPPER_ROOT;XIRECS;35170.0;7
181268;;;ASH_COATED_OSMIUM;XIRECS;9993.0;9
181769;;;INTARIAN_PEPPER_ROOT;XIRECS;35190.0;5
182786;;;ASH_COATED_OSMIUM;XIRECS;9981.0;5
183359;;;ASH_COATED_OSMIUM;XIRECS;10003.0;3
183474;;;INTARIAN_PEPPER_ROOT;XIRECS;35174.0;6
188333;;;INTARIAN_PEPPER_ROOT;XIRECS;35194.0;5
188558;;;INTARIAN_PEPPER_ROOT;XIRECS;35194.0;3
188682;;;ASH_COATED_OSMIUM;XIRECS;9980.0;3
188941;;;INTARIAN_PEPPER_ROOT;XIRECS;35192.0;8
189240;;;INTARIAN_PEPPER_ROOT;XIRECS;35203.0;6
190484;;;INTARIAN_PEPPER_ROOT;XIRECS;35183.0;8
191035;;;ASH_COATED_OSMIUM;XIRECS;9998.0;8
191761;;;ASH_COATED_OSMIUM;XIRECS;10002.0;6
194155;;;INTARIAN_PEPPER_ROOT;XIRECS;35199.0;7
199870;;;INTARIAN_PEPPER_ROOT;XIRECS;35190.0;5
200232;;;ASH_COATED_OSMIUM;XIRECS;9980.0;2
201688;;;ASH_COATED_OSMIUM;XIRECS;9989.0;7
202523;;;ASH_COATED_OSMIUM;XIRECS;10007.0;6
203601;;;ASH_COATED_OSMIUM;XIRECS;10011.0;8
203653;;;ASH_COATED_OSMIUM;XIRECS;10011.0;2
210100;;;INTARIAN_PEPPER_ROOT;XIRECS;35214.0;5
210536;;;ASH_COATED_OSMIUM;XIRECS;10021.0;9
211364;;;INTARIAN_PEPPER_ROOT;XIRECS;35220.0;6
212166;;;INTARIAN_PEPPER_ROOT;XIRECS;35218.0;7
212817;;;INTARIAN_PEPPER_ROOT;XIRECS;35204.0;7
213575;;;INTARIAN_PEPPER_ROOT;XIRECS;35211.0;3
214023;;;INTARIAN_PEPPER_ROOT;XIRECS;35222.0;3
214749;;;INTARIAN_PEPPER_ROOT;XIRECS;35211.0;5
215691;;;INTARIAN_PEPPER_ROOT;XIRECS;35203.0;6
216150;;;INTARIAN_PEPPER_ROOT;XIRECS;35211.0;5
216154;;;ASH_COATED_OSMIUM;XIRECS;10002.0;6
216905;;;INTARIAN_PEPPER_ROOT;XIRECS;35211.0;5
217157;;;ASH_COATED_OSMIUM;XIRECS;9984.0;4
218828;;;ASH_COATED_OSMIUM;XIRECS;10006.0;9
219440;;;INTARIAN_PEPPER_ROOT;XIRECS;35212.0;5
219721;;;ASH_COATED_OSMIUM;XIRECS;9983.0;5
222357;;;ASH_COATED_OSMIUM;XIRECS;9974.0;5
222517;;;INTARIAN_PEPPER_ROOT;XIRECS;35214.0;5
222568;;;ASH_COATED_OSMIUM;XIRECS;9979.0;6
223108;;;INTARIAN_PEPPER_ROOT;XIRECS;35228.0;7
226408;;;ASH_COATED_OSMIUM;XIRECS;10003.0;6
227300;;;ASH_COATED_OSMIUM;XIRECS;10007.0;5
231009;;;INTARIAN_PEPPER_ROOT;XIRECS;35223.0;7
231551;;;INTARIAN_PEPPER_ROOT;XIRECS;35239.0;3
231558;;;ASH_COATED_OSMIUM;XIRECS;9993.0;2
231775;;;INTARIAN_PEPPER_ROOT;XIRECS;35223.0;5
232054;;;INTARIAN_PEPPER_ROOT;XIRECS;35239.0;6
232543;;;INTARIAN_PEPPER_ROOT;XIRECS;35223.0;7
233080;;;INTARIAN_PEPPER_ROOT;XIRECS;35237.0;4
235537;;;ASH_COATED_OSMIUM;XIRECS;9999.0;5
236390;;;ASH_COATED_OSMIUM;XIRECS;10001.0;4
237242;;;ASH_COATED_OSMIUM;XIRECS;10000.0;6
237381;;;ASH_COATED_OSMIUM;XIRECS;10007.0;5
237501;;;INTARIAN_PEPPER_ROOT;XIRECS;35241.0;3
240855;;;ASH_COATED_OSMIUM;XIRECS;10015.0;9
241284;;;INTARIAN_PEPPER_ROOT;XIRECS;35235.0;5
241465;;;ASH_COATED_OSMIUM;XIRECS;9987.0;7
242350;;;ASH_COATED_OSMIUM;XIRECS;9998.0;6
242711;;;ASH_COATED_OSMIUM;XIRECS;9991.0;3
242875;;;INTARIAN_PEPPER_ROOT;XIRECS;35250.0;7
243269;;;INTARIAN_PEPPER_ROOT;XIRECS;35236.0;5
244351;;;ASH_COATED_OSMIUM;XIRECS;10013.0;4
245092;;;INTARIAN_PEPPER_ROOT;XIRECS;35239.0;3
246223;;;ASH_COATED_OSMIUM;XIRECS;10012.0;5
246946;;;ASH_COATED_OSMIUM;XIRECS;9990.0;2
246990;;;ASH_COATED_OSMIUM;XIRECS;10006.0;10
248316;;;INTARIAN_PEPPER_ROOT;XIRECS;35253.0;5
248376;;;ASH_COATED_OSMIUM;XIRECS;9983.0;6
252530;;;INTARIAN_PEPPER_ROOT;XIRECS;35259.0;6
254159;;;INTARIAN_PEPPER_ROOT;XIRECS;35247.0;4
254822;;;INTARIAN_PEPPER_ROOT;XIRECS;35260.0;7
256797;;;ASH_COATED_OSMIUM;XIRECS;9993.0;2
257106;;;INTARIAN_PEPPER_ROOT;XIRECS;35264.0;4
258471;;;ASH_COATED_OSMIUM;XIRECS;10011.0;6
261047;;;INTARIAN_PEPPER_ROOT;XIRECS;35251.0;6
263707;;;INTARIAN_PEPPER_ROOT;XIRECS;35270.0;3
265469;;;ASH_COATED_OSMIUM;XIRECS;10014.0;9
266622;;;INTARIAN_PEPPER_ROOT;XIRECS;35259.0;6
267732;;;ASH_COATED_OSMIUM;XIRECS;9981.0;2
268289;;;INTARIAN_PEPPER_ROOT;XIRECS;35271.0;6
269154;;;ASH_COATED_OSMIUM;XIRECS;10009.0;5
270621;;;ASH_COATED_OSMIUM;XIRECS;9996.0;2
270665;;;ASH_COATED_OSMIUM;XIRECS;9996.0;2
272526;;;INTARIAN_PEPPER_ROOT;XIRECS;35267.0;6
272872;;;ASH_COATED_OSMIUM;XIRECS;10001.0;10
273726;;;ASH_COATED_OSMIUM;XIRECS;10015.0;6
274438;;;ASH_COATED_OSMIUM;XIRECS;10006.0;3
275476;;;ASH_COATED_OSMIUM;XIRECS;9999.0;10
275761;;;ASH_COATED_OSMIUM;XIRECS;9991.0;2
276577;;;ASH_COATED_OSMIUM;XIRECS;10002.0;3
276638;;;ASH_COATED_OSMIUM;XIRECS;10016.0;5
277200;;;ASH_COATED_OSMIUM;XIRECS;10020.0;2
279151;;;INTARIAN_PEPPER_ROOT;XIRECS;35286.0;4
283725;;;INTARIAN_PEPPER_ROOT;XIRECS;35280.0;6
284296;;;INTARIAN_PEPPER_ROOT;XIRECS;35291.0;7
285356;;;INTARIAN_PEPPER_ROOT;XIRECS;35280.0;5
286503;;;ASH_COATED_OSMIUM;XIRECS;9993.0;5
287101;;;ASH_COATED_OSMIUM;XIRECS;10006.0;7
289215;;;ASH_COATED_OSMIUM;XIRECS;9981.0;7
291331;;;ASH_COATED_OSMIUM;XIRECS;9999.0;3
291732;;;ASH_COATED_OSMIUM;XIRECS;10014.0;3
292402;;;INTARIAN_PEPPER_ROOT;XIRECS;35288.0;6
295282;;;ASH_COATED_OSMIUM;XIRECS;9992.0;3
296933;;;INTARIAN_PEPPER_ROOT;XIRECS;35292.0;5
298203;;;INTARIAN_PEPPER_ROOT;XIRECS;35306.0;4
300720;;;ASH_COATED_OSMIUM;XIRECS;10004.0;4
303096;;;INTARIAN_PEPPER_ROOT;XIRECS;35295.0;7
303316;;;INTARIAN_PEPPER_ROOT;XIRECS;35310.0;6
303763;;;ASH_COATED_OSMIUM;XIRECS;10001.0;3
304066;;;ASH_COATED_OSMIUM;XIRECS;9985.0;2
305147;;;ASH_COATED_OSMIUM;XIRECS;9988.0;2
305294;;;ASH_COATED_OSMIUM;XIRECS;9995.0;5
305830;;;ASH_COATED_OSMIUM;XIRECS;9994.0;9
306203;;;INTARIAN_PEPPER_ROOT;XIRECS;35303.0;4
307900;;;INTARIAN_PEPPER_ROOT;XIRECS;35319.0;4
310182;;;INTARIAN_PEPPER_ROOT;XIRECS;35303.0;6
310847;;;ASH_COATED_OSMIUM;XIRECS;10012.0;10
311725;;;ASH_COATED_OSMIUM;XIRECS;10003.0;3
311835;;;ASH_COATED_OSMIUM;XIRECS;9987.0;6
312125;;;INTARIAN_PEPPER_ROOT;XIRECS;35316.0;4
312767;;;INTARIAN_PEPPER_ROOT;XIRECS;35319.0;3
313517;;;INTARIAN_PEPPER_ROOT;XIRECS;35320.0;4
314274;;;ASH_COATED_OSMIUM;XIRECS;10003.0;2
314751;;;INTARIAN_PEPPER_ROOT;XIRECS;35310.0;7
315798;;;INTARIAN_PEPPER_ROOT;XIRECS;35325.0;3
315922;;;INTARIAN_PEPPER_ROOT;XIRECS;35306.0;7
318363;;;ASH_COATED_OSMIUM;XIRECS;9991.0;4
318693;;;INTARIAN_PEPPER_ROOT;XIRECS;35315.0;4
319839;;;INTARIAN_PEPPER_ROOT;XIRECS;35309.0;4
321038;;;ASH_COATED_OSMIUM;XIRECS;10008.0;6
321293;;;ASH_COATED_OSMIUM;XIRECS;10013.0;2
325460;;;ASH_COATED_OSMIUM;XIRECS;10013.0;9
326570;;;INTARIAN_PEPPER_ROOT;XIRECS;35317.0;8
333624;;;INTARIAN_PEPPER_ROOT;XIRECS;35327.0;4
333681;;;ASH_COATED_OSMIUM;XIRECS;10003.0;3
334738;;;ASH_COATED_OSMIUM;XIRECS;10014.0;2
337014;;;ASH_COATED_OSMIUM;XIRECS;9991.0;2
338862;;;ASH_COATED_OSMIUM;XIRECS;9994.0;9
339224;;;ASH_COATED_OSMIUM;XIRECS;9991.0;4
340369;;;INTARIAN_PEPPER_ROOT;XIRECS;35335.0;5
340687;;;ASH_COATED_OSMIUM;XIRECS;9995.0;5
342793;;;ASH_COATED_OSMIUM;XIRECS;10010.0;5
343074;;;ASH_COATED_OSMIUM;XIRECS;10014.0;10
343322;;;ASH_COATED_OSMIUM;XIRECS;10016.0;6
343665;;;INTARIAN_PEPPER_ROOT;XIRECS;35336.0;4
344838;;;ASH_COATED_OSMIUM;XIRECS;9993.0;10
345155;;;INTARIAN_PEPPER_ROOT;XIRECS;35353.0;6
346500;;;ASH_COATED_OSMIUM;XIRECS;10020.0;7
348606;;;INTARIAN_PEPPER_ROOT;XIRECS;35343.0;7
348947;;;INTARIAN_PEPPER_ROOT;XIRECS;35355.0;8
349843;;;ASH_COATED_OSMIUM;XIRECS;9988.0;3
350444;;;ASH_COATED_OSMIUM;XIRECS;10007.0;3
351217;;;INTARIAN_PEPPER_ROOT;XIRECS;35357.0;3
352015;;;INTARIAN_PEPPER_ROOT;XIRECS;35348.0;5
353430;;;ASH_COATED_OSMIUM;XIRECS;9999.0;4
354079;;;ASH_COATED_OSMIUM;XIRECS;10015.0;3
354446;;;INTARIAN_PEPPER_ROOT;XIRECS;35346.0;5
355866;;;ASH_COATED_OSMIUM;XIRECS;9987.0;7
356520;;;ASH_COATED_OSMIUM;XIRECS;10008.0;5
356522;;;INTARIAN_PEPPER_ROOT;XIRECS;35358.0;4
357890;;;ASH_COATED_OSMIUM;XIRECS;9990.0;3
359170;;;ASH_COATED_OSMIUM;XIRECS;9991.0;5
359942;;;INTARIAN_PEPPER_ROOT;XIRECS;35356.0;7
360399;;;ASH_COATED_OSMIUM;XIRECS;9979.0;4
360444;;;ASH_COATED_OSMIUM;XIRECS;9983.0;10
360518;;;INTARIAN_PEPPER_ROOT;XIRECS;35361.0;5
360656;;;ASH_COATED_OSMIUM;XIRECS;10001.0;5
360887;;;ASH_COATED_OSMIUM;XIRECS;10005.0;3
362151;;;INTARIAN_PEPPER_ROOT;XIRECS;35356.0;6
365902;;;INTARIAN_PEPPER_ROOT;XIRECS;35357.0;8
366404;;;ASH_COATED_OSMIUM;XIRECS;10009.0;2
367126;;;ASH_COATED_OSMIUM;XIRECS;10000.0;5
368043;;;ASH_COATED_OSMIUM;XIRECS;10010.0;6
368516;;;ASH_COATED_OSMIUM;XIRECS;9994.0;5
369363;;;INTARIAN_PEPPER_ROOT;XIRECS;35364.0;5
371333;;;ASH_COATED_OSMIUM;XIRECS;9989.0;5
372490;;;ASH_COATED_OSMIUM;XIRECS;9997.0;9
374894;;;INTARIAN_PEPPER_ROOT;XIRECS;35377.0;6
375849;;;ASH_COATED_OSMIUM;XIRECS;9994.0;5
378461;;;ASH_COATED_OSMIUM;XIRECS;10010.0;10
379860;;;ASH_COATED_OSMIUM;XIRECS;9989.0;5
381386;;;ASH_COATED_OSMIUM;XIRECS;10006.0;6
382847;;;ASH_COATED_OSMIUM;XIRECS;10003.0;6
383533;;;ASH_COATED_OSMIUM;XIRECS;10008.0;9
383566;;;INTARIAN_PEPPER_ROOT;XIRECS;35376.0;5
384940;;;ASH_COATED_OSMIUM;XIRECS;10007.0;4
385428;;;ASH_COATED_OSMIUM;XIRECS;9998.0;10
386988;;;INTARIAN_PEPPER_ROOT;XIRECS;35382.0;5
388958;;;ASH_COATED_OSMIUM;XIRECS;9989.0;5
389253;;;ASH_COATED_OSMIUM;XIRECS;10004.0;2
389296;;;INTARIAN_PEPPER_ROOT;XIRECS;35380.0;8
390160;;;ASH_COATED_OSMIUM;XIRECS;9997.0;3
390449;;;ASH_COATED_OSMIUM;XIRECS;10007.0;8
392119;;;ASH_COATED_OSMIUM;XIRECS;9995.0;10
393927;;;ASH_COATED_OSMIUM;XIRECS;10004.0;4
394278;;;ASH_COATED_OSMIUM;XIRECS;9984.0;5
394344;;;ASH_COATED_OSMIUM;XIRECS;9982.0;6
394818;;;ASH_COATED_OSMIUM;XIRECS;10012.0;2
394931;;;INTARIAN_PEPPER_ROOT;XIRECS;35389.0;7
395325;;;ASH_COATED_OSMIUM;XIRECS;10009.0;4
396647;;;ASH_COATED_OSMIUM;XIRECS;9996.0;6
398904;;;INTARIAN_PEPPER_ROOT;XIRECS;35389.0;6
400580;;;ASH_COATED_OSMIUM;XIRECS;9989.0;3
404545;;;ASH_COATED_OSMIUM;XIRECS;9997.0;2
406192;;;INTARIAN_PEPPER_ROOT;XIRECS;35409.0;3
407536;;;INTARIAN_PEPPER_ROOT;XIRECS;35407.0;6
407624;;;ASH_COATED_OSMIUM;XIRECS;9989.0;5
407668;;;ASH_COATED_OSMIUM;XIRECS;9989.0;6
408263;;;INTARIAN_PEPPER_ROOT;XIRECS;35402.0;7
408607;;;ASH_COATED_OSMIUM;XIRECS;10006.0;3
409637;;;INTARIAN_PEPPER_ROOT;XIRECS;35404.0;7
410158;;;INTARIAN_PEPPER_ROOT;XIRECS;35398.0;4
410510;;;ASH_COATED_OSMIUM;XIRECS;9987.0;10
410841;;;ASH_COATED_OSMIUM;XIRECS;9990.0;2
410857;;;INTARIAN_PEPPER_ROOT;XIRECS;35404.0;6
414234;;;ASH_COATED_OSMIUM;XIRECS;9990.0;4
414348;;;INTARIAN_PEPPER_ROOT;XIRECS;35417.0;7
414984;;;INTARIAN_PEPPER_ROOT;XIRECS;35404.0;4
417376;;;ASH_COATED_OSMIUM;XIRECS;9992.0;2
417911;;;ASH_COATED_OSMIUM;XIRECS;9994.0;6
418774;;;ASH_COATED_OSMIUM;XIRECS;10004.0;6
419075;;;ASH_COATED_OSMIUM;XIRECS;10012.0;6
419583;;;ASH_COATED_OSMIUM;XIRECS;10015.0;2
420796;;;INTARIAN_PEPPER_ROOT;XIRECS;35425.0;7
421029;;;ASH_COATED_OSMIUM;XIRECS;10010.0;10
421489;;;ASH_COATED_OSMIUM;XIRECS;9990.0;5
422932;;;ASH_COATED_OSMIUM;XIRECS;9992.0;5
423497;;;ASH_COATED_OSMIUM;XIRECS;10014.0;5
424369;;;INTARIAN_PEPPER_ROOT;XIRECS;35431.0;5
425190;;;ASH_COATED_OSMIUM;XIRECS;10007.0;5
425872;;;INTARIAN_PEPPER_ROOT;XIRECS;35417.0;4
427724;;;INTARIAN_PEPPER_ROOT;XIRECS;35419.0;6
435451;;;INTARIAN_PEPPER_ROOT;XIRECS;35440.0;8
438502;;;ASH_COATED_OSMIUM;XIRECS;10008.0;5
438513;;;ASH_COATED_OSMIUM;XIRECS;10008.0;6
438662;;;ASH_COATED_OSMIUM;XIRECS;9990.0;6
440100;;;ASH_COATED_OSMIUM;XIRECS;9991.0;2
443895;;;ASH_COATED_OSMIUM;XIRECS;9995.0;3
444329;;;INTARIAN_PEPPER_ROOT;XIRECS;35437.0;6
448659;;;INTARIAN_PEPPER_ROOT;XIRECS;35443.0;3
448744;;;INTARIAN_PEPPER_ROOT;XIRECS;35456.0;6
448859;;;ASH_COATED_OSMIUM;XIRECS;10017.0;5
450694;;;ASH_COATED_OSMIUM;XIRECS;9999.0;6
452901;;;INTARIAN_PEPPER_ROOT;XIRECS;35447.0;5
455882;;;ASH_COATED_OSMIUM;XIRECS;9989.0;6
457065;;;INTARIAN_PEPPER_ROOT;XIRECS;35450.0;7
458554;;;INTARIAN_PEPPER_ROOT;XIRECS;35466.0;7
458627;;;INTARIAN_PEPPER_ROOT;XIRECS;35468.0;6
458861;;;INTARIAN_PEPPER_ROOT;XIRECS;35454.0;5
460900;;;ASH_COATED_OSMIUM;XIRECS;10003.0;4
461041;;;INTARIAN_PEPPER_ROOT;XIRECS;35451.0;6
461086;;;ASH_COATED_OSMIUM;XIRECS;10013.0;6
461457;;;ASH_COATED_OSMIUM;XIRECS;9992.0;4
461595;;;ASH_COATED_OSMIUM;XIRECS;9993.0;4
462020;;;INTARIAN_PEPPER_ROOT;XIRECS;35456.0;7
465553;;;ASH_COATED_OSMIUM;XIRECS;9995.0;8
466506;;;INTARIAN_PEPPER_ROOT;XIRECS;35473.0;6
470166;;;INTARIAN_PEPPER_ROOT;XIRECS;35478.0;4
470635;;;ASH_COATED_OSMIUM;XIRECS;9987.0;5
471327;;;ASH_COATED_OSMIUM;XIRECS;10013.0;6
473335;;;ASH_COATED_OSMIUM;XIRECS;10011.0;6
477725;;;INTARIAN_PEPPER_ROOT;XIRECS;35485.0;6
478974;;;ASH_COATED_OSMIUM;XIRECS;9983.0;6
479186;;;INTARIAN_PEPPER_ROOT;XIRECS;35464.0;5
480314;;;ASH_COATED_OSMIUM;XIRECS;10017.0;10
480694;;;INTARIAN_PEPPER_ROOT;XIRECS;35473.0;3
481245;;;INTARIAN_PEPPER_ROOT;XIRECS;35489.0;7
483163;;;INTARIAN_PEPPER_ROOT;XIRECS;35475.0;4
483216;;;INTARIAN_PEPPER_ROOT;XIRECS;35474.0;3
483881;;;INTARIAN_PEPPER_ROOT;XIRECS;35488.0;7
485233;;;ASH_COATED_OSMIUM;XIRECS;9998.0;4
485906;;;INTARIAN_PEPPER_ROOT;XIRECS;35480.0;6
487886;;;INTARIAN_PEPPER_ROOT;XIRECS;35482.0;4
490777;;;INTARIAN_PEPPER_ROOT;XIRECS;35497.0;5
492086;;;ASH_COATED_OSMIUM;XIRECS;10012.0;2
492506;;;INTARIAN_PEPPER_ROOT;XIRECS;35487.0;6
493219;;;INTARIAN_PEPPER_ROOT;XIRECS;35487.0;6
493839;;;ASH_COATED_OSMIUM;XIRECS;10014.0;7
494023;;;ASH_COATED_OSMIUM;XIRECS;10008.0;2
495035;;;INTARIAN_PEPPER_ROOT;XIRECS;35496.0;7
496822;;;INTARIAN_PEPPER_ROOT;XIRECS;35501.0;3
497410;;;INTARIAN_PEPPER_ROOT;XIRECS;35502.0;5
497519;;;ASH_COATED_OSMIUM;XIRECS;10006.0;2
498190;;;ASH_COATED_OSMIUM;XIRECS;10007.0;2
498576;;;INTARIAN_PEPPER_ROOT;XIRECS;35504.0;4
499947;;;INTARIAN_PEPPER_ROOT;XIRECS;35508.0;5
501649;;;INTARIAN_PEPPER_ROOT;XIRECS;35510.0;4
502047;;;ASH_COATED_OSMIUM;XIRECS;9994.0;4
502668;;;INTARIAN_PEPPER_ROOT;XIRECS;35499.0;5
503205;;;INTARIAN_PEPPER_ROOT;XIRECS;35495.0;5
505096;;;ASH_COATED_OSMIUM;XIRECS;9997.0;10
505235;;;ASH_COATED_OSMIUM;XIRECS;10005.0;2
507452;;;ASH_COATED_OSMIUM;XIRECS;10006.0;2
508930;;;INTARIAN_PEPPER_ROOT;XIRECS;35502.0;3
509665;;;ASH_COATED_OSMIUM;XIRECS;9988.0;7
509665;;;ASH_COATED_OSMIUM;XIRECS;9988.0;3
510366;;;ASH_COATED_OSMIUM;XIRECS;9996.0;3
512934;;;INTARIAN_PEPPER_ROOT;XIRECS;35506.0;4
515196;;;INTARIAN_PEPPER_ROOT;XIRECS;35522.0;5
517066;;;ASH_COATED_OSMIUM;XIRECS;10013.0;2
518028;;;ASH_COATED_OSMIUM;XIRECS;10002.0;4
518109;;;ASH_COATED_OSMIUM;XIRECS;9984.0;9
520431;;;ASH_COATED_OSMIUM;XIRECS;10006.0;5
521975;;;INTARIAN_PEPPER_ROOT;XIRECS;35513.0;7
522542;;;INTARIAN_PEPPER_ROOT;XIRECS;35513.0;7
522610;;;INTARIAN_PEPPER_ROOT;XIRECS;35530.0;6
523275;;;INTARIAN_PEPPER_ROOT;XIRECS;35530.0;7
524281;;;ASH_COATED_OSMIUM;XIRECS;9997.0;2
528036;;;ASH_COATED_OSMIUM;XIRECS;10006.0;6
528228;;;INTARIAN_PEPPER_ROOT;XIRECS;35517.0;3
531174;;;ASH_COATED_OSMIUM;XIRECS;10005.0;8
531364;;;INTARIAN_PEPPER_ROOT;XIRECS;35547.0;6
531838;;;ASH_COATED_OSMIUM;XIRECS;9991.0;6
531864;;;ASH_COATED_OSMIUM;XIRECS;9991.0;8
536179;;;INTARIAN_PEPPER_ROOT;XIRECS;35528.0;3
536626;;;INTARIAN_PEPPER_ROOT;XIRECS;35529.0;4
537738;;;ASH_COATED_OSMIUM;XIRECS;10011.0;5
537788;;;ASH_COATED_OSMIUM;XIRECS;10011.0;2
540212;;;ASH_COATED_OSMIUM;XIRECS;9994.0;6
542999;;;INTARIAN_PEPPER_ROOT;XIRECS;35549.0;6
544391;;;INTARIAN_PEPPER_ROOT;XIRECS;35539.0;5
554219;;;INTARIAN_PEPPER_ROOT;XIRECS;35558.0;6
560100;;;INTARIAN_PEPPER_ROOT;XIRECS;35565.0;7
561855;;;INTARIAN_PEPPER_ROOT;XIRECS;35553.0;5
562141;;;ASH_COATED_OSMIUM;XIRECS;10006.0;6
562320;;;ASH_COATED_OSMIUM;XIRECS;9983.0;6
562799;;;INTARIAN_PEPPER_ROOT;XIRECS;35560.0;5
566415;;;ASH_COATED_OSMIUM;XIRECS;10005.0;6
567089;;;ASH_COATED_OSMIUM;XIRECS;9991.0;5
567141;;;ASH_COATED_OSMIUM;XIRECS;9990.0;2
568162;;;INTARIAN_PEPPER_ROOT;XIRECS;35572.0;6
574264;;;INTARIAN_PEPPER_ROOT;XIRECS;35585.0;3
575964;;;ASH_COATED_OSMIUM;XIRECS;10002.0;7
578343;;;INTARIAN_PEPPER_ROOT;XIRECS;35569.0;4
583098;;;INTARIAN_PEPPER_ROOT;XIRECS;35572.0;3
583506;;;ASH_COATED_OSMIUM;XIRECS;10016.0;2
585075;;;ASH_COATED_OSMIUM;XIRECS;10018.0;3
585474;;;ASH_COATED_OSMIUM;XIRECS;10010.0;2
587921;;;ASH_COATED_OSMIUM;XIRECS;10001.0;9
589277;;;INTARIAN_PEPPER_ROOT;XIRECS;35598.0;5
590365;;;INTARIAN_PEPPER_ROOT;XIRECS;35596.0;6
590861;;;ASH_COATED_OSMIUM;XIRECS;10007.0;2
592653;;;ASH_COATED_OSMIUM;XIRECS;9988.0;2
593693;;;INTARIAN_PEPPER_ROOT;XIRECS;35599.0;6
595283;;;INTARIAN_PEPPER_ROOT;XIRECS;35602.0;7
595602;;;ASH_COATED_OSMIUM;XIRECS;9996.0;2
596909;;;ASH_COATED_OSMIUM;XIRECS;10005.0;10
597873;;;ASH_COATED_OSMIUM;XIRECS;9990.0;2
603108;;;ASH_COATED_OSMIUM;XIRECS;10011.0;3
605414;;;ASH_COATED_OSMIUM;XIRECS;10006.0;6
607021;;;INTARIAN_PEPPER_ROOT;XIRECS;35599.0;8
608586;;;ASH_COATED_OSMIUM;XIRECS;10015.0;6
608831;;;ASH_COATED_OSMIUM;XIRECS;10015.0;9
611650;;;INTARIAN_PEPPER_ROOT;XIRECS;35623.0;6
612727;;;INTARIAN_PEPPER_ROOT;XIRECS;35615.0;6
614504;;;ASH_COATED_OSMIUM;XIRECS;10009.0;5
618528;;;INTARIAN_PEPPER_ROOT;XIRECS;35626.0;6
619481;;;ASH_COATED_OSMIUM;XIRECS;10009.0;9
620459;;;ASH_COATED_OSMIUM;XIRECS;10012.0;5
622877;;;ASH_COATED_OSMIUM;XIRECS;9997.0;4
623178;;;ASH_COATED_OSMIUM;XIRECS;10002.0;3
624767;;;INTARIAN_PEPPER_ROOT;XIRECS;35618.0;5
629981;;;ASH_COATED_OSMIUM;XIRECS;9984.0;8
631208;;;ASH_COATED_OSMIUM;XIRECS;9997.0;5
631453;;;INTARIAN_PEPPER_ROOT;XIRECS;35645.0;7
632398;;;ASH_COATED_OSMIUM;XIRECS;9995.0;6
632944;;;INTARIAN_PEPPER_ROOT;XIRECS;35629.0;7
633102;;;ASH_COATED_OSMIUM;XIRECS;9985.0;9
634400;;;ASH_COATED_OSMIUM;XIRECS;10008.0;5
635079;;;ASH_COATED_OSMIUM;XIRECS;10008.0;4
635294;;;INTARIAN_PEPPER_ROOT;XIRECS;35643.0;6
644835;;;INTARIAN_PEPPER_ROOT;XIRECS;35637.0;6
646123;;;ASH_COATED_OSMIUM;XIRECS;10012.0;2
647446;;;ASH_COATED_OSMIUM;XIRECS;10000.0;3
648602;;;INTARIAN_PEPPER_ROOT;XIRECS;35640.0;4
648820;;;ASH_COATED_OSMIUM;XIRECS;9983.0;2
650613;;;ASH_COATED_OSMIUM;XIRECS;10009.0;6
652104;;;ASH_COATED_OSMIUM;XIRECS;10020.0;3
652932;;;ASH_COATED_OSMIUM;XIRECS;10015.0;2
654319;;;INTARIAN_PEPPER_ROOT;XIRECS;35650.0;8
654942;;;INTARIAN_PEPPER_ROOT;XIRECS;35650.0;4
655912;;;ASH_COATED_OSMIUM;XIRECS;9990.0;9
657314;;;ASH_COATED_OSMIUM;XIRECS;10003.0;8
657455;;;INTARIAN_PEPPER_ROOT;XIRECS;35659.0;6
658705;;;INTARIAN_PEPPER_ROOT;XIRECS;35668.0;7
664191;;;INTARIAN_PEPPER_ROOT;XIRECS;35656.0;2
666223;;;INTARIAN_PEPPER_ROOT;XIRECS;35665.0;5
666433;;;INTARIAN_PEPPER_ROOT;XIRECS;35658.0;4
666511;;;ASH_COATED_OSMIUM;XIRECS;10011.0;2
669154;;;INTARIAN_PEPPER_ROOT;XIRECS;35677.0;6
670659;;;INTARIAN_PEPPER_ROOT;XIRECS;35658.0;6
670843;;;ASH_COATED_OSMIUM;XIRECS;9994.0;5
672760;;;INTARIAN_PEPPER_ROOT;XIRECS;35678.0;3
672847;;;ASH_COATED_OSMIUM;XIRECS;9990.0;6
673559;;;INTARIAN_PEPPER_ROOT;XIRECS;35682.0;5
674053;;;INTARIAN_PEPPER_ROOT;XIRECS;35664.0;7
674631;;;INTARIAN_PEPPER_ROOT;XIRECS;35667.0;5
676438;;;INTARIAN_PEPPER_ROOT;XIRECS;35673.0;3
680837;;;ASH_COATED_OSMIUM;XIRECS;10010.0;4
681523;;;ASH_COATED_OSMIUM;XIRECS;10017.0;6
681993;;;ASH_COATED_OSMIUM;XIRECS;9997.0;4
682785;;;INTARIAN_PEPPER_ROOT;XIRECS;35676.0;4
682974;;;INTARIAN_PEPPER_ROOT;XIRECS;35690.0;6
684543;;;INTARIAN_PEPPER_ROOT;XIRECS;35694.0;3
687843;;;ASH_COATED_OSMIUM;XIRECS;10003.0;4
688459;;;ASH_COATED_OSMIUM;XIRECS;10011.0;6
689666;;;ASH_COATED_OSMIUM;XIRECS;9996.0;8
690192;;;INTARIAN_PEPPER_ROOT;XIRECS;35699.0;4
690586;;;INTARIAN_PEPPER_ROOT;XIRECS;35682.0;4
690781;;;INTARIAN_PEPPER_ROOT;XIRECS;35684.0;3
692102;;;INTARIAN_PEPPER_ROOT;XIRECS;35703.0;7
693522;;;ASH_COATED_OSMIUM;XIRECS;9994.0;10
693559;;;ASH_COATED_OSMIUM;XIRECS;9994.0;5
693881;;;ASH_COATED_OSMIUM;XIRECS;9989.0;7
695142;;;INTARIAN_PEPPER_ROOT;XIRECS;35701.0;7
695891;;;ASH_COATED_OSMIUM;XIRECS;10001.0;2
696943;;;ASH_COATED_OSMIUM;XIRECS;10005.0;3
699001;;;ASH_COATED_OSMIUM;XIRECS;9992.0;3
699006;;;ASH_COATED_OSMIUM;XIRECS;10008.0;5
699274;;;ASH_COATED_OSMIUM;XIRECS;10011.0;4
700200;;;ASH_COATED_OSMIUM;XIRECS;9996.0;3
700295;;;ASH_COATED_OSMIUM;XIRECS;9996.0;4
700904;;;INTARIAN_PEPPER_ROOT;XIRECS;35706.0;7
702038;;;INTARIAN_PEPPER_ROOT;XIRECS;35692.0;6
702971;;;INTARIAN_PEPPER_ROOT;XIRECS;35699.0;3
703174;;;INTARIAN_PEPPER_ROOT;XIRECS;35712.0;6
703413;;;INTARIAN_PEPPER_ROOT;XIRECS;35696.0;6
704971;;;INTARIAN_PEPPER_ROOT;XIRECS;35701.0;5
706844;;;INTARIAN_PEPPER_ROOT;XIRECS;35714.0;5
708968;;;INTARIAN_PEPPER_ROOT;XIRECS;35701.0;7
711054;;;INTARIAN_PEPPER_ROOT;XIRECS;35715.0;3
713437;;;INTARIAN_PEPPER_ROOT;XIRECS;35706.0;5
717176;;;INTARIAN_PEPPER_ROOT;XIRECS;35726.0;4
717757;;;INTARIAN_PEPPER_ROOT;XIRECS;35723.0;8
718956;;;ASH_COATED_OSMIUM;XIRECS;10003.0;4
720754;;;INTARIAN_PEPPER_ROOT;XIRECS;35716.0;3
722578;;;ASH_COATED_OSMIUM;XIRECS;9985.0;3
722925;;;INTARIAN_PEPPER_ROOT;XIRECS;35732.0;4
725551;;;ASH_COATED_OSMIUM;XIRECS;9993.0;2
725679;;;INTARIAN_PEPPER_ROOT;XIRECS;35718.0;3
726529;;;ASH_COATED_OSMIUM;XIRECS;9997.0;9
727982;;;ASH_COATED_OSMIUM;XIRECS;9987.0;4
728339;;;ASH_COATED_OSMIUM;XIRECS;10008.0;5
732670;;;INTARIAN_PEPPER_ROOT;XIRECS;35741.0;4
734578;;;ASH_COATED_OSMIUM;XIRECS;10009.0;9
736829;;;ASH_COATED_OSMIUM;XIRECS;9989.0;6
738566;;;INTARIAN_PEPPER_ROOT;XIRECS;35728.0;5
740929;;;INTARIAN_PEPPER_ROOT;XIRECS;35731.0;4
743206;;;ASH_COATED_OSMIUM;XIRECS;9987.0;10
743620;;;INTARIAN_PEPPER_ROOT;XIRECS;35736.0;6
743913;;;INTARIAN_PEPPER_ROOT;XIRECS;35737.0;7
748508;;;INTARIAN_PEPPER_ROOT;XIRECS;35750.0;6
751114;;;INTARIAN_PEPPER_ROOT;XIRECS;35758.0;6
751309;;;INTARIAN_PEPPER_ROOT;XIRECS;35756.0;3
753113;;;INTARIAN_PEPPER_ROOT;XIRECS;35745.0;6
754015;;;ASH_COATED_OSMIUM;XIRECS;10003.0;3
754444;;;ASH_COATED_OSMIUM;XIRECS;10014.0;6
765586;;;INTARIAN_PEPPER_ROOT;XIRECS;35757.0;6
767026;;;ASH_COATED_OSMIUM;XIRECS;10001.0;6
767689;;;INTARIAN_PEPPER_ROOT;XIRECS;35771.0;7
769858;;;ASH_COATED_OSMIUM;XIRECS;10010.0;5
770524;;;INTARIAN_PEPPER_ROOT;XIRECS;35775.0;3
771251;;;INTARIAN_PEPPER_ROOT;XIRECS;35780.0;3
771418;;;ASH_COATED_OSMIUM;XIRECS;9992.0;6
771908;;;INTARIAN_PEPPER_ROOT;XIRECS;35769.0;5
772222;;;ASH_COATED_OSMIUM;XIRECS;9992.0;3
772692;;;ASH_COATED_OSMIUM;XIRECS;9989.0;6
772897;;;ASH_COATED_OSMIUM;XIRECS;9986.0;4
773667;;;INTARIAN_PEPPER_ROOT;XIRECS;35781.0;8
774398;;;INTARIAN_PEPPER_ROOT;XIRECS;35784.0;3
775889;;;INTARIAN_PEPPER_ROOT;XIRECS;35783.0;4
775933;;;ASH_COATED_OSMIUM;XIRECS;9989.0;8
777546;;;ASH_COATED_OSMIUM;XIRECS;9983.0;5
778408;;;INTARIAN_PEPPER_ROOT;XIRECS;35786.0;5
781526;;;ASH_COATED_OSMIUM;XIRECS;10002.0;5
782536;;;ASH_COATED_OSMIUM;XIRECS;9985.0;2
785865;;;ASH_COATED_OSMIUM;XIRECS;10014.0;2
787044;;;ASH_COATED_OSMIUM;XIRECS;10010.0;2
788352;;;ASH_COATED_OSMIUM;XIRECS;10012.0;5
789110;;;ASH_COATED_OSMIUM;XIRECS;10004.0;6
789404;;;ASH_COATED_OSMIUM;XIRECS;9993.0;4
791039;;;INTARIAN_PEPPER_ROOT;XIRECS;35796.0;3
795029;;;INTARIAN_PEPPER_ROOT;XIRECS;35805.0;4
795992;;;INTARIAN_PEPPER_ROOT;XIRECS;35790.0;7
798519;;;ASH_COATED_OSMIUM;XIRECS;10010.0;7
798804;;;INTARIAN_PEPPER_ROOT;XIRECS;35805.0;5
799407;;;ASH_COATED_OSMIUM;XIRECS;10013.0;2
799659;;;ASH_COATED_OSMIUM;XIRECS;9994.0;6
799839;;;ASH_COATED_OSMIUM;XIRECS;10012.0;6
800019;;;ASH_COATED_OSMIUM;XIRECS;9999.0;5
800167;;;ASH_COATED_OSMIUM;XIRECS;10015.0;7
800917;;;ASH_COATED_OSMIUM;XIRECS;9992.0;2
801699;;;ASH_COATED_OSMIUM;XIRECS;9993.0;7
802208;;;ASH_COATED_OSMIUM;XIRECS;9995.0;4
807855;;;INTARIAN_PEPPER_ROOT;XIRECS;35816.0;4
808092;;;ASH_COATED_OSMIUM;XIRECS;10013.0;10
810112;;;INTARIAN_PEPPER_ROOT;XIRECS;35820.0;4
810297;;;INTARIAN_PEPPER_ROOT;XIRECS;35803.0;3
811308;;;ASH_COATED_OSMIUM;XIRECS;9995.0;3
811817;;;INTARIAN_PEPPER_ROOT;XIRECS;35818.0;5
812006;;;ASH_COATED_OSMIUM;XIRECS;10007.0;3
812535;;;ASH_COATED_OSMIUM;XIRECS;10007.0;5
814576;;;INTARIAN_PEPPER_ROOT;XIRECS;35806.0;4
818969;;;ASH_COATED_OSMIUM;XIRECS;10007.0;5
819746;;;INTARIAN_PEPPER_ROOT;XIRECS;35827.0;7
820049;;;INTARIAN_PEPPER_ROOT;XIRECS;35814.0;5
821286;;;ASH_COATED_OSMIUM;XIRECS;10017.0;3
821323;;;INTARIAN_PEPPER_ROOT;XIRECS;35828.0;5
821575;;;ASH_COATED_OSMIUM;XIRECS;9995.0;4
821688;;;INTARIAN_PEPPER_ROOT;XIRECS;35817.0;4
821940;;;INTARIAN_PEPPER_ROOT;XIRECS;35830.0;6
821963;;;ASH_COATED_OSMIUM;XIRECS;10009.0;6
823427;;;INTARIAN_PEPPER_ROOT;XIRECS;35819.0;5
823640;;;ASH_COATED_OSMIUM;XIRECS;9994.0;9
825243;;;INTARIAN_PEPPER_ROOT;XIRECS;35819.0;5
825272;;;INTARIAN_PEPPER_ROOT;XIRECS;35833.0;6
828866;;;INTARIAN_PEPPER_ROOT;XIRECS;35834.0;6
829441;;;ASH_COATED_OSMIUM;XIRECS;9997.0;10
830365;;;INTARIAN_PEPPER_ROOT;XIRECS;35826.0;3
831147;;;ASH_COATED_OSMIUM;XIRECS;10005.0;3
832119;;;INTARIAN_PEPPER_ROOT;XIRECS;35837.0;6
834227;;;INTARIAN_PEPPER_ROOT;XIRECS;35841.0;5
834751;;;ASH_COATED_OSMIUM;XIRECS;10004.0;4
835787;;;ASH_COATED_OSMIUM;XIRECS;10010.0;7
837146;;;INTARIAN_PEPPER_ROOT;XIRECS;35844.0;6
837905;;;INTARIAN_PEPPER_ROOT;XIRECS;35837.0;3
838148;;;ASH_COATED_OSMIUM;XIRECS;10007.0;9
838566;;;ASH_COATED_OSMIUM;XIRECS;10010.0;6
841753;;;ASH_COATED_OSMIUM;XIRECS;10005.0;4
842991;;;INTARIAN_PEPPER_ROOT;XIRECS;35838.0;6
846877;;;ASH_COATED_OSMIUM;XIRECS;9998.0;4
851374;;;ASH_COATED_OSMIUM;XIRECS;10010.0;5
852420;;;INTARIAN_PEPPER_ROOT;XIRECS;35859.0;7
852970;;;ASH_COATED_OSMIUM;XIRECS;10005.0;4
853175;;;INTARIAN_PEPPER_ROOT;XIRECS;35856.0;4
855176;;;INTARIAN_PEPPER_ROOT;XIRECS;35847.0;7
856181;;;INTARIAN_PEPPER_ROOT;XIRECS;35851.0;6
859909;;;ASH_COATED_OSMIUM;XIRECS;10008.0;7
861173;;;INTARIAN_PEPPER_ROOT;XIRECS;35873.0;3
861632;;;ASH_COATED_OSMIUM;XIRECS;9989.0;5
861772;;;INTARIAN_PEPPER_ROOT;XIRECS;35851.0;7
863519;;;INTARIAN_PEPPER_ROOT;XIRECS;35852.0;7
864177;;;ASH_COATED_OSMIUM;XIRECS;9996.0;6
864758;;;INTARIAN_PEPPER_ROOT;XIRECS;35874.0;3
866338;;;INTARIAN_PEPPER_ROOT;XIRECS;35876.0;6
868552;;;INTARIAN_PEPPER_ROOT;XIRECS;35875.0;3
869088;;;INTARIAN_PEPPER_ROOT;XIRECS;35866.0;5
870782;;;INTARIAN_PEPPER_ROOT;XIRECS;35868.0;5
871024;;;INTARIAN_PEPPER_ROOT;XIRECS;35875.0;4
871451;;;INTARIAN_PEPPER_ROOT;XIRECS;35878.0;4
873335;;;ASH_COATED_OSMIUM;XIRECS;9988.0;5
874144;;;INTARIAN_PEPPER_ROOT;XIRECS;35868.0;3
874396;;;ASH_COATED_OSMIUM;XIRECS;9998.0;6
875073;;;ASH_COATED_OSMIUM;XIRECS;9987.0;3
876075;;;ASH_COATED_OSMIUM;XIRECS;9993.0;5
877701;;;ASH_COATED_OSMIUM;XIRECS;9982.0;5
878146;;;INTARIAN_PEPPER_ROOT;XIRECS;35885.0;5
878376;;;ASH_COATED_OSMIUM;XIRECS;10007.0;5
879221;;;ASH_COATED_OSMIUM;XIRECS;10006.0;10
880503;;;ASH_COATED_OSMIUM;XIRECS;9990.0;2
883899;;;ASH_COATED_OSMIUM;XIRECS;9986.0;10
884689;;;INTARIAN_PEPPER_ROOT;XIRECS;35889.0;7
885703;;;ASH_COATED_OSMIUM;XIRECS;9985.0;5
885983;;;ASH_COATED_OSMIUM;XIRECS;9982.0;4
886184;;;INTARIAN_PEPPER_ROOT;XIRECS;35891.0;3
887205;;;INTARIAN_PEPPER_ROOT;XIRECS;35894.0;5
888027;;;ASH_COATED_OSMIUM;XIRECS;10014.0;4
890334;;;ASH_COATED_OSMIUM;XIRECS;10001.0;3
890513;;;ASH_COATED_OSMIUM;XIRECS;9983.0;3
890849;;;INTARIAN_PEPPER_ROOT;XIRECS;35899.0;5
892183;;;ASH_COATED_OSMIUM;XIRECS;10006.0;2
892231;;;ASH_COATED_OSMIUM;XIRECS;10006.0;3
894297;;;INTARIAN_PEPPER_ROOT;XIRECS;35887.0;6
897576;;;INTARIAN_PEPPER_ROOT;XIRECS;35893.0;6
901194;;;ASH_COATED_OSMIUM;XIRECS;10008.0;6
902217;;;INTARIAN_PEPPER_ROOT;XIRECS;35895.0;7
904479;;;INTARIAN_PEPPER_ROOT;XIRECS;35896.0;4
904714;;;INTARIAN_PEPPER_ROOT;XIRECS;35908.0;4
907144;;;ASH_COATED_OSMIUM;XIRECS;10001.0;2
907214;;;ASH_COATED_OSMIUM;XIRECS;9996.0;5
910060;;;ASH_COATED_OSMIUM;XIRECS;9990.0;4
912310;;;ASH_COATED_OSMIUM;XIRECS;10015.0;5
915791;;;ASH_COATED_OSMIUM;XIRECS;10008.0;8
916244;;;INTARIAN_PEPPER_ROOT;XIRECS;35917.0;7
918117;;;INTARIAN_PEPPER_ROOT;XIRECS;35911.0;4
919208;;;INTARIAN_PEPPER_ROOT;XIRECS;35928.0;4
922975;;;INTARIAN_PEPPER_ROOT;XIRECS;35915.0;6
924527;;;ASH_COATED_OSMIUM;XIRECS;10010.0;3
926876;;;ASH_COATED_OSMIUM;XIRECS;9992.0;5
928004;;;ASH_COATED_OSMIUM;XIRECS;9988.0;5
928119;;;INTARIAN_PEPPER_ROOT;XIRECS;35922.0;6
929258;;;ASH_COATED_OSMIUM;XIRECS;10009.0;6
930223;;;ASH_COATED_OSMIUM;XIRECS;10006.0;10
932339;;;INTARIAN_PEPPER_ROOT;XIRECS;35924.0;7
935204;;;INTARIAN_PEPPER_ROOT;XIRECS;35933.0;5
936754;;;ASH_COATED_OSMIUM;XIRECS;10003.0;6
936786;;;ASH_COATED_OSMIUM;XIRECS;9987.0;2
936907;;;ASH_COATED_OSMIUM;XIRECS;10006.0;10
937023;;;ASH_COATED_OSMIUM;XIRECS;9993.0;3
937049;;;INTARIAN_PEPPER_ROOT;XIRECS;35942.0;4
938389;;;INTARIAN_PEPPER_ROOT;XIRECS;35931.0;6
938821;;;ASH_COATED_OSMIUM;XIRECS;10009.0;2
938962;;;INTARIAN_PEPPER_ROOT;XIRECS;35943.0;3
939469;;;ASH_COATED_OSMIUM;XIRECS;10004.0;3
939928;;;INTARIAN_PEPPER_ROOT;XIRECS;35933.0;3
944302;;;ASH_COATED_OSMIUM;XIRECS;9992.0;5
944409;;;INTARIAN_PEPPER_ROOT;XIRECS;35936.0;6
945055;;;ASH_COATED_OSMIUM;XIRECS;10009.0;2
948825;;;ASH_COATED_OSMIUM;XIRECS;10016.0;4
957219;;;ASH_COATED_OSMIUM;XIRECS;10004.0;2
957501;;;INTARIAN_PEPPER_ROOT;XIRECS;35966.0;8
959314;;;INTARIAN_PEPPER_ROOT;XIRECS;35963.0;3
961127;;;ASH_COATED_OSMIUM;XIRECS;9987.0;4
961392;;;ASH_COATED_OSMIUM;XIRECS;9985.0;9
962835;;;ASH_COATED_OSMIUM;XIRECS;10000.0;3
964845;;;INTARIAN_PEPPER_ROOT;XIRECS;35958.0;5
965472;;;INTARIAN_PEPPER_ROOT;XIRECS;35955.0;3
965694;;;ASH_COATED_OSMIUM;XIRECS;9984.0;5
966104;;;INTARIAN_PEPPER_ROOT;XIRECS;35973.0;7
967302;;;INTARIAN_PEPPER_ROOT;XIRECS;35963.0;7
967566;;;ASH_COATED_OSMIUM;XIRECS;10003.0;5
968145;;;INTARIAN_PEPPER_ROOT;XIRECS;35972.0;6
970785;;;ASH_COATED_OSMIUM;XIRECS;10011.0;6
971074;;;ASH_COATED_OSMIUM;XIRECS;10003.0;5
973686;;;ASH_COATED_OSMIUM;XIRECS;10014.0;6
975116;;;ASH_COATED_OSMIUM;XIRECS;10007.0;7
976420;;;ASH_COATED_OSMIUM;XIRECS;9993.0;3
977564;;;ASH_COATED_OSMIUM;XIRECS;10016.0;10
978261;;;ASH_COATED_OSMIUM;XIRECS;10016.0;9
978998;;;ASH_COATED_OSMIUM;XIRECS;10011.0;2
979617;;;INTARIAN_PEPPER_ROOT;XIRECS;35987.0;6
983159;;;ASH_COATED_OSMIUM;XIRECS;9997.0;6
984115;;;ASH_COATED_OSMIUM;XIRECS;10002.0;5
986173;;;ASH_COATED_OSMIUM;XIRECS;9980.0;5
990004;;;INTARIAN_PEPPER_ROOT;XIRECS;35981.0;7
990335;;;INTARIAN_PEPPER_ROOT;XIRECS;35998.0;4
991130;;;ASH_COATED_OSMIUM;XIRECS;9994.0;2
991441;;;INTARIAN_PEPPER_ROOT;XIRECS;36000.0;4
993718;;;ASH_COATED_OSMIUM;XIRECS;10015.0;8
995888;;;ASH_COATED_OSMIUM;XIRECS;10002.0;7
999108;;;ASH_COATED_OSMIUM;XIRECS;10007.0;6