timestamp;buyer;seller;symbol;currency;price;quantity
625;;;ASH_COATED_OSMIUM;XIRECS;9989.0;4
1445;;;INTARIAN_PEPPER_ROOT;XIRECS;19996.0;5
2835;;;ASH_COATED_OSMIUM;XIRECS;9992.0;4
3724;;;ASH_COATED_OSMIUM;XIRECS;10013.0;3
4112;;;ASH_COATED_OSMIUM;XIRECS;9994.0;2
4896;;;ASH_COATED_OSMIUM;XIRECS;9990.0;3
5209;;;ASH_COATED_OSMIUM;XIRECS;9991.0;7
5282;;;ASH_COATED_OSMIUM;XIRECS;10007.0;4
5662;;;ASH_COATED_OSMIUM;XIRECS;10012.0;4
6485;;;ASH_COATED_OSMIUM;XIRECS;9997.0;5
10038;;;ASH_COATED_OSMIUM;XIRECS;9987.0;3
12071;;;ASH_COATED_OSMIUM;XIRECS;10001.0;5
14059;;;ASH_COATED_OSMIUM;XIRECS;9995.0;7
15237;;;ASH_COATED_OSMIUM;XIRECS;10002.0;3
15336;;;INTARIAN_PEPPER_ROOT;XIRECS;20009.0;5
17011;;;ASH_COATED_OSMIUM;XIRECS;10009.0;7
17112;;;INTARIAN_PEPPER_ROOT;XIRECS;20011.0;6
17356;;;ASH_COATED_OSMIUM;XIRECS;10010.0;3
20524;;;INTARIAN_PEPPER_ROOT;XIRECS;20029.0;3
20900;;;ASH_COATED_OSMIUM;XIRECS;9987.0;3
21138;;;INTARIAN_PEPPER_ROOT;XIRECS;20030.0;6
24182;;;ASH_COATED_OSMIUM;XIRECS;9990.0;5
24264;;;ASH_COATED_OSMIUM;XIRECS;9990.0;9
24972;;;ASH_COATED_OSMIUM;XIRECS;9999.0;9
25621;;;ASH_COATED_OSMIUM;XIRECS;10011.0;4
25691;;;INTARIAN_PEPPER_ROOT;XIRECS;20032.0;4
25696;;;ASH_COATED_OSMIUM;XIRECS;10011.0;5
26259;;;ASH_COATED_OSMIUM;XIRECS;9995.0;7
27681;;;ASH_COATED_OSMIUM;XIRECS;10008.0;7
28811;;;ASH_COATED_OSMIUM;XIRECS;10011.0;4
29647;;;ASH_COATED_OSMIUM;XIRECS;9991.0;7
33048;;;INTARIAN_PEPPER_ROOT;XIRECS;20042.0;6
34544;;;INTARIAN_PEPPER_ROOT;XIRECS;20043.0;3
35198;;;ASH_COATED_OSMIUM;XIRECS;9994.0;2
36306;;;ASH_COATED_OSMIUM;XIRECS;10002.0;4
36624;;;ASH_COATED_OSMIUM;XIRECS;10008.0;6
37126;;;ASH_COATED_OSMIUM;XIRECS;9990.0;5
40521;;;ASH_COATED_OSMIUM;XIRECS;10003.0;4
41705;;;INTARIAN_PEPPER_ROOT;XIRECS;20045.0;7
42912;;;INTARIAN_PEPPER_ROOT;XIRECS;20037.0;3
44561;;;INTARIAN_PEPPER_ROOT;XIRECS;20052.0;6
45947;;;INTARIAN_PEPPER_ROOT;XIRECS;20039.0;6
47718;;;ASH_COATED_OSMIUM;XIRECS;9986.0;10
49608;;;ASH_COATED_OSMIUM;XIRECS;9991.0;5
50581;;;INTARIAN_PEPPER_ROOT;XIRECS;20044.0;5
51713;;;ASH_COATED_OSMIUM;XIRECS;9986.0;8
53265;;;ASH_COATED_OSMIUM;XIRECS;9999.0;5
55089;;;ASH_COATED_OSMIUM;XIRECS;10006.0;6
57230;;;INTARIAN_PEPPER_ROOT;XIRECS;20052.0;5
57636;;;INTARIAN_PEPPER_ROOT;XIRECS;20063.0;4
58126;;;ASH_COATED_OSMIUM;XIRECS;9991.0;3
65206;;;ASH_COATED_OSMIUM;XIRECS;10000.0;6
66990;;;ASH_COATED_OSMIUM;XIRECS;10001.0;3
67877;;;INTARIAN_PEPPER_ROOT;XIRECS;20070.0;4
71662;;;INTARIAN_PEPPER_ROOT;XIRECS;20064.0;5
71836;;;INTARIAN_PEPPER_ROOT;XIRECS;20062.0;5
72134;;;ASH_COATED_OSMIUM;XIRECS;10002.0;5
73388;;;ASH_COATED_OSMIUM;XIRECS;9992.0;3
74345;;;INTARIAN_PEPPER_ROOT;XIRECS;20066.0;4
76841;;;INTARIAN_PEPPER_ROOT;XIRECS;20067.0;5
78875;;;ASH_COATED_OSMIUM;XIRECS;9998.0;3
79101;;;ASH_COATED_OSMIUM;XIRECS;10009.0;5
79501;;;ASH_COATED_OSMIUM;XIRECS;9988.0;10
79738;;;ASH_COATED_OSMIUM;XIRECS;9993.0;10
81426;;;ASH_COATED_OSMIUM;XIRECS;9988.0;2
81993;;;INTARIAN_PEPPER_ROOT;XIRECS;20080.0;4
81995;;;ASH_COATED_OSMIUM;XIRECS;9989.0;8
82086;;;INTARIAN_PEPPER_ROOT;XIRECS;20088.0;7
82781;;;INTARIAN_PEPPER_ROOT;XIRECS;20089.0;3
86004;;;INTARIAN_PEPPER_ROOT;XIRECS;20090.0;4
86224;;;ASH_COATED_OSMIUM;XIRECS;9994.0;6
86845;;;ASH_COATED_OSMIUM;XIRECS;9994.0;5
87234;;;ASH_COATED_OSMIUM;XIRECS;9989.0;5
91822;;;ASH_COATED_OSMIUM;XIRECS;9996.0;6
93690;;;INTARIAN_PEPPER_ROOT;XIRECS;20095.0;3
94487;;;ASH_COATED_OSMIUM;XIRECS;10013.0;6
98976;;;INTARIAN_PEPPER_ROOT;XIRECS;20105.0;6
99174;;;INTARIAN_PEPPER_ROOT;XIRECS;20094.0;6
102411;;;INTARIAN_PEPPER_ROOT;XIRECS;20107.0;4
105564;;;INTARIAN_PEPPER_ROOT;XIRECS;20097.0;3
107126;;;INTARIAN_PEPPER_ROOT;XIRECS;20115.0;7
108427;;;ASH_COATED_OSMIUM;XIRECS;9991.0;3
108903;;;INTARIAN_PEPPER_ROOT;XIRECS;20103.0;5
109474;;;INTARIAN_PEPPER_ROOT;XIRECS;20102.0;4
110848;;;ASH_COATED_OSMIUM;XIRECS;9986.0;6
112801;;;ASH_COATED_OSMIUM;XIRECS;10003.0;9
113242;;;INTARIAN_PEPPER_ROOT;XIRECS;20121.0;5
115839;;;ASH_COATED_OSMIUM;XIRECS;9986.0;4
118104;;;ASH_COATED_OSMIUM;XIRECS;10003.0;2
120208;;;ASH_COATED_OSMIUM;XIRECS;9982.0;3
120333;;;ASH_COATED_OSMIUM;XIRECS;9983.0;4
120407;;;INTARIAN_PEPPER_ROOT;XIRECS;20128.0;4
120558;;;INTARIAN_PEPPER_ROOT;XIRECS;20115.0;6
122542;;;INTARIAN_PEPPER_ROOT;XIRECS;20127.0;4
125545;;;ASH_COATED_OSMIUM;XIRECS;9986.0;4
129175;;;ASH_COATED_OSMIUM;XIRECS;9991.0;9
130042;;;INTARIAN_PEPPER_ROOT;XIRECS;20123.0;7
130255;;;INTARIAN_PEPPER_ROOT;XIRECS;20118.0;3
131322;;;ASH_COATED_OSMIUM;XIRECS;10001.0;2
132436;;;INTARIAN_PEPPER_ROOT;XIRECS;20135.0;3
133365;;;ASH_COATED_OSMIUM;XIRECS;9987.0;6
136359;;;INTARIAN_PEPPER_ROOT;XIRECS;20147.0;7
137770;;;ASH_COATED_OSMIUM;XIRECS;9987.0;9
139445;;;ASH_COATED_OSMIUM;XIRECS;9994.0;8
140087;;;ASH_COATED_OSMIUM;XIRECS;9987.0;4
140369;;;ASH_COATED_OSMIUM;XIRECS;9988.0;6
141175;;;INTARIAN_PEPPER_ROOT;XIRECS;20156.0;7
142191;;;INTARIAN_PEPPER_ROOT;XIRECS;20149.0;5
143075;;;ASH_COATED_OSMIUM;XIRECS;9989.0;2
144323;;;ASH_COATED_OSMIUM;XIRECS;9990.0;5
145823;;;INTARIAN_PEPPER_ROOT;XIRECS;20139.0;7
150553;;;ASH_COATED_OSMIUM;XIRECS;9990.0;2
152363;;;ASH_COATED_OSMIUM;XIRECS;9992.0;2
153146;;;INTARIAN_PEPPER_ROOT;XIRECS;20163.0;4
154889;;;ASH_COATED_OSMIUM;XIRECS;9998.0;10
159469;;;ASH_COATED_OSMIUM;XIRECS;9997.0;5
160389;;;ASH_COATED_OSMIUM;XIRECS;9994.0;7
161858;;;ASH_COATED_OSMIUM;XIRECS;10007.0;8
162580;;;ASH_COATED_OSMIUM;XIRECS;10011.0;4
163277;;;ASH_COATED_OSMIUM;XIRECS;9995.0;9
164099;;;INTARIAN_PEPPER_ROOT;XIRECS;20155.0;3
164913;;;INTARIAN_PEPPER_ROOT;XIRECS;20168.0;4
165673;;;INTARIAN_PEPPER_ROOT;XIRECS;20162.0;5
166495;;;INTARIAN_PEPPER_ROOT;XIRECS;20174.0;3
167434;;;INTARIAN_PEPPER_ROOT;XIRECS;20176.0;7
168031;;;ASH_COATED_OSMIUM;XIRECS;10013.0;5
172833;;;ASH_COATED_OSMIUM;XIRECS;10013.0;2
173760;;;INTARIAN_PEPPER_ROOT;XIRECS;20168.0;6
175798;;;ASH_COATED_OSMIUM;XIRECS;10009.0;3
176791;;;ASH_COATED_OSMIUM;XIRECS;10008.0;5
177190;;;ASH_COATED_OSMIUM;XIRECS;9996.0;9
178662;;;INTARIAN_PEPPER_ROOT;XIRECS;20176.0;4
178858;;;ASH_COATED_OSMIUM;XIRECS;9992.0;2
184422;;;ASH_COATED_OSMIUM;XIRECS;10017.0;7
185113;;;ASH_COATED_OSMIUM;XIRECS;9999.0;4
189461;;;INTARIAN_PEPPER_ROOT;XIRECS;20184.0;5
190807;;;ASH_COATED_OSMIUM;XIRECS;10008.0;4
193593;;;INTARIAN_PEPPER_ROOT;XIRECS;20185.0;5
194359;;;INTARIAN_PEPPER_ROOT;XIRECS;20188.0;5
195649;;;ASH_COATED_OSMIUM;XIRECS;9999.0;5
196608;;;ASH_COATED_OSMIUM;XIRECS;9999.0;2
198719;;;ASH_COATED_OSMIUM;XIRECS;10015.0;3
199244;;;INTARIAN_PEPPER_ROOT;XIRECS;20205.0;3
199730;;;INTARIAN_PEPPER_ROOT;XIRECS;20205.0;5
200164;;;ASH_COATED_OSMIUM;XIRECS;9991.0;6
200302;;;ASH_COATED_OSMIUM;XIRECS;9994.0;7
205202;;;ASH_COATED_OSMIUM;XIRECS;9992.0;3
206641;;;ASH_COATED_OSMIUM;XIRECS;9993.0;5
209603;;;ASH_COATED_OSMIUM;XIRECS;10013.0;4
213011;;;ASH_COATED_OSMIUM;XIRECS;10011.0;5
214596;;;ASH_COATED_OSMIUM;XIRECS;10002.0;4
216126;;;ASH_COATED_OSMIUM;XIRECS;10016.0;6
217399;;;ASH_COATED_OSMIUM;XIRECS;9996.0;4
217499;;;INTARIAN_PEPPER_ROOT;XIRECS;20211.0;3
217732;;;ASH_COATED_OSMIUM;XIRECS;10012.0;5
219921;;;ASH_COATED_OSMIUM;XIRECS;10018.0;5
220002;;;ASH_COATED_OSMIUM;XIRECS;10017.0;6
221682;;;INTARIAN_PEPPER_ROOT;XIRECS;20226.0;3
221963;;;INTARIAN_PEPPER_ROOT;XIRECS;20216.0;6
222011;;;ASH_COATED_OSMIUM;XIRECS;9998.0;5
222863;;;INTARIAN_PEPPER_ROOT;XIRECS;20216.0;5
223605;;;ASH_COATED_OSMIUM;XIRECS;9994.0;4
223786;;;ASH_COATED_OSMIUM;XIRECS;10007.0;8
224541;;;ASH_COATED_OSMIUM;XIRECS;9988.0;9
224560;;;INTARIAN_PEPPER_ROOT;XIRECS;20216.0;5
226552;;;INTARIAN_PEPPER_ROOT;XIRECS;20232.0;4
226767;;;ASH_COATED_OSMIUM;XIRECS;10008.0;3
227438;;;INTARIAN_PEPPER_ROOT;XIRECS;20218.0;4
228512;;;ASH_COATED_OSMIUM;XIRECS;10006.0;6
228775;;;INTARIAN_PEPPER_ROOT;XIRECS;20234.0;7
229118;;;ASH_COATED_OSMIUM;XIRECS;9990.0;6
229701;;;INTARIAN_PEPPER_ROOT;XIRECS;20237.0;4
231740;;;ASH_COATED_OSMIUM;XIRECS;9994.0;10
231808;;;ASH_COATED_OSMIUM;XIRECS;10011.0;10
232300;;;INTARIAN_PEPPER_ROOT;XIRECS;20238.0;8
233025;;;INTARIAN_PEPPER_ROOT;XIRECS;20238.0;7
235466;;;ASH_COATED_OSMIUM;XIRECS;9993.0;8
235921;;;ASH_COATED_OSMIUM;XIRECS;10012.0;3
242806;;;INTARIAN_PEPPER_ROOT;XIRECS;20230.0;5
246424;;;ASH_COATED_OSMIUM;XIRECS;10002.0;8
250781;;;ASH_COATED_OSMIUM;XIRECS;10007.0;10
251784;;;INTARIAN_PEPPER_ROOT;XIRECS;20251.0;4
252009;;;ASH_COATED_OSMIUM;XIRECS;9986.0;8
252089;;;ASH_COATED_OSMIUM;XIRECS;10002.0;10
252873;;;INTARIAN_PEPPER_ROOT;XIRECS;20245.0;7
253441;;;ASH_COATED_OSMIUM;XIRECS;9984.0;3
258424;;;ASH_COATED_OSMIUM;XIRECS;9996.0;3
259471;;;INTARIAN_PEPPER_ROOT;XIRECS;20254.0;3
262433;;;ASH_COATED_OSMIUM;XIRECS;9993.0;9
263765;;;ASH_COATED_OSMIUM;XIRECS;10008.0;3
264694;;;INTARIAN_PEPPER_ROOT;XIRECS;20271.0;5
265120;;;INTARIAN_PEPPER_ROOT;XIRECS;20260.0;3
265755;;;INTARIAN_PEPPER_ROOT;XIRECS;20275.0;5
268259;;;ASH_COATED_OSMIUM;XIRECS;10001.0;3
270969;;;ASH_COATED_OSMIUM;XIRECS;10001.0;6
271125;;;INTARIAN_PEPPER_ROOT;XIRECS;20264.0;4
274756;;;INTARIAN_PEPPER_ROOT;XIRECS;20281.0;6
274990;;;INTARIAN_PEPPER_ROOT;XIRECS;20268.0;5
280794;;;INTARIAN_PEPPER_ROOT;XIRECS;20285.0;8
281005;;;INTARIAN_PEPPER_ROOT;XIRECS;20296.0;4
281985;;;ASH_COATED_OSMIUM;XIRECS;9992.0;6
282727;;;ASH_COATED_OSMIUM;XIRECS;10012.0;5
284189;;;ASH_COATED_OSMIUM;XIRECS;10012.0;3
284358;;;ASH_COATED_OSMIUM;XIRECS;9991.0;6
288866;;;INTARIAN_PEPPER_ROOT;XIRECS;20285.0;5
290600;;;INTARIAN_PEPPER_ROOT;XIRECS;20292.0;4
293187;;;INTARIAN_PEPPER_ROOT;XIRECS;20301.0;3
294458;;;INTARIAN_PEPPER_ROOT;XIRECS;20301.0;6
295809;;;ASH_COATED_OSMIUM;XIRECS;10007.0;7
296308;;;INTARIAN_PEPPER_ROOT;XIRECS;20301.0;3
300286;;;ASH_COATED_OSMIUM;XIRECS;9988.0;2
301082;;;ASH_COATED_OSMIUM;XIRECS;9987.0;5
302626;;;INTARIAN_PEPPER_ROOT;XIRECS;20295.0;7
304273;;;ASH_COATED_OSMIUM;XIRECS;10003.0;7
305276;;;INTARIAN_PEPPER_ROOT;XIRECS;20297.0;4
306766;;;INTARIAN_PEPPER_ROOT;XIRECS;20302.0;6
306797;;;INTARIAN_PEPPER_ROOT;XIRECS;20313.0;5
308036;;;ASH_COATED_OSMIUM;XIRECS;9984.0;4
309796;;;ASH_COATED_OSMIUM;XIRECS;9987.0;4
309876;;;INTARIAN_PEPPER_ROOT;XIRECS;20315.0;7
310119;;;INTARIAN_PEPPER_ROOT;XIRECS;20315.0;7
310776;;;ASH_COATED_OSMIUM;XIRECS;10008.0;6
311228;;;INTARIAN_PEPPER_ROOT;XIRECS;20303.0;7
312104;;;ASH_COATED_OSMIUM;XIRECS;9986.0;2
312361;;;INTARIAN_PEPPER_ROOT;XIRECS;20306.0;6
312787;;;ASH_COATED_OSMIUM;XIRECS;9994.0;7
312891;;;ASH_COATED_OSMIUM;XIRECS;9989.0;2
315136;;;ASH_COATED_OSMIUM;XIRECS;10007.0;6
315605;;;ASH_COATED_OSMIUM;XIRECS;10002.0;6
316021;;;ASH_COATED_OSMIUM;XIRECS;10002.0;2
316296;;;ASH_COATED_OSMIUM;XIRECS;10008.0;9
316399;;;ASH_COATED_OSMIUM;XIRECS;9986.0;3
316749;;;INTARIAN_PEPPER_ROOT;XIRECS;20310.0;5
317415;;;INTARIAN_PEPPER_ROOT;XIRECS;20330.0;5
320214;;;INTARIAN_PEPPER_ROOT;XIRECS;20314.0;8
320422;;;ASH_COATED_OSMIUM;XIRECS;9983.0;7
320929;;;INTARIAN_PEPPER_ROOT;XIRECS;20330.0;5
321324;;;ASH_COATED_OSMIUM;XIRECS;10003.0;8
321896;;;ASH_COATED_OSMIUM;XIRECS;10005.0;5
322083;;;ASH_COATED_OSMIUM;XIRECS;9982.0;4
322548;;;ASH_COATED_OSMIUM;XIRECS;9998.0;6
323011;;;INTARIAN_PEPPER_ROOT;XIRECS;20333.0;5
324280;;;ASH_COATED_OSMIUM;XIRECS;10005.0;7
328712;;;ASH_COATED_OSMIUM;XIRECS;9994.0;4
331338;;;ASH_COATED_OSMIUM;XIRECS;10006.0;3
332312;;;ASH_COATED_OSMIUM;XIRECS;10010.0;4
333754;;;ASH_COATED_OSMIUM;XIRECS;10010.0;8
334437;;;INTARIAN_PEPPER_ROOT;XIRECS;20338.0;6
334770;;;ASH_COATED_OSMIUM;XIRECS;10009.0;3
335420;;;INTARIAN_PEPPER_ROOT;XIRECS;20338.0;7
336030;;;ASH_COATED_OSMIUM;XIRECS;10006.0;6
336972;;;INTARIAN_PEPPER_ROOT;XIRECS;20341.0;3
337848;;;ASH_COATED_OSMIUM;XIRECS;9990.0;8
338002;;;ASH_COATED_OSMIUM;XIRECS;9994.0;9
338312;;;INTARIAN_PEPPER_ROOT;XIRECS;20344.0;5
338879;;;INTARIAN_PEPPER_ROOT;XIRECS;20343.0;5
339499;;;ASH_COATED_OSMIUM;XIRECS;9996.0;2
342678;;;ASH_COATED_OSMIUM;XIRECS;10011.0;5
342904;;;ASH_COATED_OSMIUM;XIRECS;9990.0;5
345000;;;ASH_COATED_OSMIUM;XIRECS;10006.0;2
345211;;;INTARIAN_PEPPER_ROOT;XIRECS;20351.0;8
345550;;;ASH_COATED_OSMIUM;XIRECS;9994.0;2
346588;;;INTARIAN_PEPPER_ROOT;XIRECS;20339.0;6
347570;;;INTARIAN_PEPPER_ROOT;XIRECS;20339.0;6
349267;;;INTARIAN_PEPPER_ROOT;XIRECS;20342.0;4
353306;;;INTARIAN_PEPPER_ROOT;XIRECS;20347.0;6
357157;;;ASH_COATED_OSMIUM;XIRECS;9997.0;3
357180;;;INTARIAN_PEPPER_ROOT;XIRECS;20351.0;3
359468;;;ASH_COATED_OSMIUM;XIRECS;10014.0;5
360026;;;INTARIAN_PEPPER_ROOT;XIRECS;20353.0;7
364982;;;ASH_COATED_OSMIUM;XIRECS;9995.0;9
365023;;;INTARIAN_PEPPER_ROOT;XIRECS;20358.0;5
365800;;;ASH_COATED_OSMIUM;XIRECS;9997.0;10
366919;;;ASH_COATED_OSMIUM;XIRECS;10000.0;6
368665;;;ASH_COATED_OSMIUM;XIRECS;10018.0;2
369456;;;INTARIAN_PEPPER_ROOT;XIRECS;20377.0;7
369471;;;ASH_COATED_OSMIUM;XIRECS;10002.0;6
369556;;;ASH_COATED_OSMIUM;XIRECS;10000.0;6
369757;;;ASH_COATED_OSMIUM;XIRECS;9995.0;2
370114;;;INTARIAN_PEPPER_ROOT;XIRECS;20374.0;7
370701;;;INTARIAN_PEPPER_ROOT;XIRECS;20376.0;7
371326;;;ASH_COATED_OSMIUM;XIRECS;10013.0;8
371483;;;INTARIAN_PEPPER_ROOT;XIRECS;20376.0;5
375615;;;ASH_COATED_OSMIUM;XIRECS;9996.0;6
378216;;;ASH_COATED_OSMIUM;XIRECS;9992.0;4
380290;;;ASH_COATED_OSMIUM;XIRECS;9998.0;2
381030;;;ASH_COATED_OSMIUM;XIRECS;9994.0;9
382550;;;ASH_COATED_OSMIUM;XIRECS;9994.0;7
383012;;;INTARIAN_PEPPER_ROOT;XIRECS;20390.0;7
385743;;;ASH_COATED_OSMIUM;XIRECS;10018.0;6
385842;;;ASH_COATED_OSMIUM;XIRECS;10014.0;6
388190;;;ASH_COATED_OSMIUM;XIRECS;10013.0;2
388925;;;INTARIAN_PEPPER_ROOT;XIRECS;20378.0;5
389441;;;ASH_COATED_OSMIUM;XIRECS;10019.0;5
390977;;;INTARIAN_PEPPER_ROOT;XIRECS;20402.0;5
391474;;;INTARIAN_PEPPER_ROOT;XIRECS;20397.0;4
392873;;;INTARIAN_PEPPER_ROOT;XIRECS;20395.0;5
397044;;;ASH_COATED_OSMIUM;XIRECS;10004.0;2
397081;;;ASH_COATED_OSMIUM;XIRECS;10004.0;4
397382;;;INTARIAN_PEPPER_ROOT;XIRECS;20404.0;3
399553;;;ASH_COATED_OSMIUM;XIRECS;10005.0;7
401391;;;ASH_COATED_OSMIUM;XIRECS;9995.0;3
403156;;;INTARIAN_PEPPER_ROOT;XIRECS;20410.0;4
408392;;;ASH_COATED_OSMIUM;XIRECS;10015.0;8
409715;;;ASH_COATED_OSMIUM;XIRECS;10020.0;3
410033;;;ASH_COATED_OSMIUM;XIRECS;9999.0;4
410079;;;INTARIAN_PEPPER_ROOT;XIRECS;20403.0;7
410566;;;INTARIAN_PEPPER_ROOT;XIRECS;20402.0;3
410819;;;INTARIAN_PEPPER_ROOT;XIRECS;20405.0;5
416985;;;ASH_COATED_OSMIUM;XIRECS;9997.0;10
417384;;;INTARIAN_PEPPER_ROOT;XIRECS;20406.0;6
417453;;;ASH_COATED_OSMIUM;XIRECS;10014.0;9
419356;;;ASH_COATED_OSMIUM;XIRECS;10015.0;7
421482;;;INTARIAN_PEPPER_ROOT;XIRECS;20414.0;5
423468;;;ASH_COATED_OSMIUM;XIRECS;10004.0;5
428106;;;ASH_COATED_OSMIUM;XIRECS;10003.0;3
430124;;;ASH_COATED_OSMIUM;XIRECS;9995.0;5
431648;;;ASH_COATED_OSMIUM;XIRECS;9995.0;5
431893;;;INTARIAN_PEPPER_ROOT;XIRECS;20436.0;7
435176;;;INTARIAN_PEPPER_ROOT;XIRECS;20443.0;3
439333;;;ASH_COATED_OSMIUM;XIRECS;10015.0;3
441162;;;INTARIAN_PEPPER_ROOT;XIRECS;20435.0;4
441512;;;INTARIAN_PEPPER_ROOT;XIRECS;20450.0;5
441572;;;INTARIAN_PEPPER_ROOT;XIRECS;20436.0;4
442008;;;ASH_COATED_OSMIUM;XIRECS;10023.0;6
443153;;;ASH_COATED_OSMIUM;XIRECS;10017.0;2
447029;;;INTARIAN_PEPPER_ROOT;XIRECS;20450.0;4
447531;;;INTARIAN_PEPPER_ROOT;XIRECS;20454.0;4
447936;;;ASH_COATED_OSMIUM;XIRECS;10016.0;6
448935;;;INTARIAN_PEPPER_ROOT;XIRECS;20446.0;7
450206;;;INTARIAN_PEPPER_ROOT;XIRECS;20456.0;4
452157;;;ASH_COATED_OSMIUM;XIRECS;10021.0;6
454843;;;ASH_COATED_OSMIUM;XIRECS;10014.0;6
457342;;;INTARIAN_PEPPER_ROOT;XIRECS;20465.0;4
460373;;;INTARIAN_PEPPER_ROOT;XIRECS;20452.0;5
461512;;;INTARIAN_PEPPER_ROOT;XIRECS;20455.0;6
462479;;;ASH_COATED_OSMIUM;XIRECS;10018.0;4
462706;;;INTARIAN_PEPPER_ROOT;XIRECS;20454.0;7
465052;;;ASH_COATED_OSMIUM;XIRECS;10004.0;2
465721;;;ASH_COATED_OSMIUM;XIRECS;9999.0;3
470348;;;ASH_COATED_OSMIUM;XIRECS;10015.0;2
471140;;;ASH_COATED_OSMIUM;XIRECS;10005.0;6
472624;;;INTARIAN_PEPPER_ROOT;XIRECS;20468.0;4
476370;;;ASH_COATED_OSMIUM;XIRECS;10021.0;5
477327;;;INTARIAN_PEPPER_ROOT;XIRECS;20481.0;5
477354;;;ASH_COATED_OSMIUM;XIRECS;10006.0;6
478423;;;INTARIAN_PEPPER_ROOT;XIRECS;20484.0;6
479190;;;ASH_COATED_OSMIUM;XIRECS;10018.0;8
480036;;;INTARIAN_PEPPER_ROOT;XIRECS;20485.0;6
484256;;;INTARIAN_PEPPER_ROOT;XIRECS;20488.0;4
485269;;;INTARIAN_PEPPER_ROOT;XIRECS;20489.0;6
485642;;;ASH_COATED_OSMIUM;XIRECS;10020.0;2
485642;;;INTARIAN_PEPPER_ROOT;XIRECS;20483.0;8
487019;;;ASH_COATED_OSMIUM;XIRECS;10016.0;2
489279;;;INTARIAN_PEPPER_ROOT;XIRECS;20477.0;5
489771;;;ASH_COATED_OSMIUM;XIRECS;10000.0;9
495158;;;ASH_COATED_OSMIUM;XIRECS;10002.0;5
497171;;;ASH_COATED_OSMIUM;XIRECS;9999.0;10
498759;;;INTARIAN_PEPPER_ROOT;XIRECS;20489.0;5
498828;;;INTARIAN_PEPPER_ROOT;XIRECS;20490.0;7
499604;;;INTARIAN_PEPPER_ROOT;XIRECS;20504.0;4
500848;;;ASH_COATED_OSMIUM;XIRECS;10010.0;3
501715;;;ASH_COATED_OSMIUM;XIRECS;9992.0;7
502434;;;ASH_COATED_OSMIUM;XIRECS;9997.0;6
502678;;;INTARIAN_PEPPER_ROOT;XIRECS;20497.0;7
503502;;;INTARIAN_PEPPER_ROOT;XIRECS;20510.0;4
506399;;;INTARIAN_PEPPER_ROOT;XIRECS;20499.0;8
508089;;;ASH_COATED_OSMIUM;XIRECS;9996.0;3
508903;;;ASH_COATED_OSMIUM;XIRECS;9990.0;3
509666;;;INTARIAN_PEPPER_ROOT;XIRECS;20504.0;6
511673;;;ASH_COATED_OSMIUM;XIRECS;10014.0;3
513902;;;INTARIAN_PEPPER_ROOT;XIRECS;20524.0;5
518080;;;ASH_COATED_OSMIUM;XIRECS;10004.0;2
518702;;;ASH_COATED_OSMIUM;XIRECS;10010.0;6
519433;;;ASH_COATED_OSMIUM;XIRECS;10012.0;3
520295;;;INTARIAN_PEPPER_ROOT;XIRECS;20527.0;5
520361;;;INTARIAN_PEPPER_ROOT;XIRECS;20513.0;5
521279;;;ASH_COATED_OSMIUM;XIRECS;10006.0;8
522592;;;ASH_COATED_OSMIUM;XIRECS;10012.0;4
530257;;;INTARIAN_PEPPER_ROOT;XIRECS;20521.0;7
533014;;;INTARIAN_PEPPER_ROOT;XIRECS;20526.0;5
533735;;;INTARIAN_PEPPER_ROOT;XIRECS;20527.0;3
534209;;;ASH_COATED_OSMIUM;XIRECS;9992.0;3
537167;;;ASH_COATED_OSMIUM;XIRECS;10007.0;6
537592;;;INTARIAN_PEPPER_ROOT;XIRECS;20533.0;3
538788;;;INTARIAN_PEPPER_ROOT;XIRECS;20534.0;5
541303;;;ASH_COATED_OSMIUM;XIRECS;9990.0;6
542123;;;ASH_COATED_OSMIUM;XIRECS;9992.0;4
543115;;;ASH_COATED_OSMIUM;XIRECS;9994.0;3
543831;;;ASH_COATED_OSMIUM;XIRECS;9990.0;3
544844;;;INTARIAN_PEPPER_ROOT;XIRECS;20551.0;7
550016;;;INTARIAN_PEPPER_ROOT;XIRECS;20554.0;8
551808;;;ASH_COATED_OSMIUM;XIRECS;10008.0;10
553052;;;ASH_COATED_OSMIUM;XIRECS;10006.0;7
553756;;;ASH_COATED_OSMIUM;XIRECS;10005.0;5
555363;;;ASH_COATED_OSMIUM;XIRECS;10002.0;5
555428;;;ASH_COATED_OSMIUM;XIRECS;10007.0;2
557693;;;ASH_COATED_OSMIUM;XIRECS;10011.0;4
558533;;;INTARIAN_PEPPER_ROOT;XIRECS;20549.0;3
558870;;;ASH_COATED_OSMIUM;XIRECS;10007.0;3
561270;;;INTARIAN_PEPPER_ROOT;XIRECS;20566.0;4
561332;;;ASH_COATED_OSMIUM;XIRECS;9988.0;8
563660;;;ASH_COATED_OSMIUM;XIRECS;9989.0;4
567671;;;INTARIAN_PEPPER_ROOT;XIRECS;20575.0;8
567865;;;ASH_COATED_OSMIUM;XIRECS;10012.0;5
568635;;;INTARIAN_PEPPER_ROOT;XIRECS;20565.0;4
569697;;;INTARIAN_PEPPER_ROOT;XIRECS;20561.0;7
570871;;;ASH_COATED_OSMIUM;XIRECS;9996.0;3
574735;;;ASH_COATED_OSMIUM;XIRECS;10010.0;3
575359;;;INTARIAN_PEPPER_ROOT;XIRECS;20573.0;4
576695;;;ASH_COATED_OSMIUM;XIRECS;10012.0;3
577651;;;ASH_COATED_OSMIUM;XIRECS;9994.0;2
583715;;;ASH_COATED_OSMIUM;XIRECS;10008.0;4
584092;;;ASH_COATED_OSMIUM;XIRECS;9996.0;7
587177;;;INTARIAN_PEPPER_ROOT;XIRECS;20593.0;7
589631;;;ASH_COATED_OSMIUM;XIRECS;9999.0;5
591682;;;INTARIAN_PEPPER_ROOT;XIRECS;20584.0;7
591912;;;ASH_COATED_OSMIUM;XIRECS;10002.0;2
592725;;;ASH_COATED_OSMIUM;XIRECS;10013.0;10
593499;;;INTARIAN_PEPPER_ROOT;XIRECS;20589.0;4
600453;;;ASH_COATED_OSMIUM;XIRECS;9994.0;10
607584;;;ASH_COATED_OSMIUM;XIRECS;10019.0;5
609214;;;ASH_COATED_OSMIUM;XIRECS;10000.0;10
610071;;;INTARIAN_PEPPER_ROOT;XIRECS;20616.0;7
610928;;;INTARIAN_PEPPER_ROOT;XIRECS;20616.0;5
615002;;;INTARIAN_PEPPER_ROOT;XIRECS;20609.0;5
616198;;;INTARIAN_PEPPER_ROOT;XIRECS;20623.0;3
616253;;;INTARIAN_PEPPER_ROOT;XIRECS;20623.0;5
616370;;;ASH_COATED_OSMIUM;XIRECS;9997.0;8
616982;;;INTARIAN_PEPPER_ROOT;XIRECS;20625.0;6
619509;;;ASH_COATED_OSMIUM;XIRECS;10019.0;10
621458;;;ASH_COATED_OSMIUM;XIRECS;10016.0;10
622868;;;ASH_COATED_OSMIUM;XIRECS;9996.0;6
627694;;;INTARIAN_PEPPER_ROOT;XIRECS;20635.0;5
628732;;;INTARIAN_PEPPER_ROOT;XIRECS;20634.0;7
630985;;;ASH_COATED_OSMIUM;XIRECS;9994.0;5
631087;;;ASH_COATED_OSMIUM;XIRECS;10017.0;2
637875;;;INTARIAN_PEPPER_ROOT;XIRECS;20630.0;4
638132;;;INTARIAN_PEPPER_ROOT;XIRECS;20645.0;5
638509;;;INTARIAN_PEPPER_ROOT;XIRECS;20629.0;5
638900;;;ASH_COATED_OSMIUM;XIRECS;10017.0;5
640554;;;ASH_COATED_OSMIUM;XIRECS;10017.0;4
641334;;;ASH_COATED_OSMIUM;XIRECS;10011.0;5
644698;;;ASH_COATED_OSMIUM;XIRECS;10013.0;6
645442;;;INTARIAN_PEPPER_ROOT;XIRECS;20653.0;3
648536;;;INTARIAN_PEPPER_ROOT;XIRECS;20657.0;6
648639;;;INTARIAN_PEPPER_ROOT;XIRECS;20655.0;3
650845;;;ASH_COATED_OSMIUM;XIRECS;9996.0;2
653419;;;ASH_COATED_OSMIUM;XIRECS;9993.0;4
656252;;;ASH_COATED_OSMIUM;XIRECS;10009.0;7
657163;;;INTARIAN_PEPPER_ROOT;XIRECS;20665.0;3
657329;;;INTARIAN_PEPPER_ROOT;XIRECS;20650.0;6
657930;;;ASH_COATED_OSMIUM;XIRECS;9995.0;2
658168;;;INTARIAN_PEPPER_ROOT;XIRECS;20664.0;6
658659;;;ASH_COATED_OSMIUM;XIRECS;10006.0;2
659028;;;ASH_COATED_OSMIUM;XIRECS;9984.0;3
659367;;;ASH_COATED_OSMIUM;XIRECS;9984.0;5
659499;;;ASH_COATED_OSMIUM;XIRECS;10001.0;5
659579;;;ASH_COATED_OSMIUM;XIRECS;10000.0;2
660263;;;ASH_COATED_OSMIUM;XIRECS;9982.0;6
661261;;;INTARIAN_PEPPER_ROOT;XIRECS;20656.0;5
662710;;;ASH_COATED_OSMIUM;XIRECS;10005.0;5
663084;;;ASH_COATED_OSMIUM;XIRECS;9990.0;10
666192;;;INTARIAN_PEPPER_ROOT;XIRECS;20660.0;5
669167;;;ASH_COATED_OSMIUM;XIRECS;9997.0;5
670365;;;ASH_COATED_OSMIUM;XIRECS;9982.0;9
674822;;;INTARIAN_PEPPER_ROOT;XIRECS;20665.0;5
675604;;;ASH_COATED_OSMIUM;XIRECS;9989.0;5
677051;;;ASH_COATED_OSMIUM;XIRECS;10005.0;5
678823;;;INTARIAN_PEPPER_ROOT;XIRECS;20684.0;7
680333;;;INTARIAN_PEPPER_ROOT;XIRECS;20673.0;6
682922;;;INTARIAN_PEPPER_ROOT;XIRECS;20693.0;7
683023;;;INTARIAN_PEPPER_ROOT;XIRECS;20690.0;7
683584;;;ASH_COATED_OSMIUM;XIRECS;10008.0;5
683981;;;ASH_COATED_OSMIUM;XIRECS;9991.0;4
686166;;;ASH_COATED_OSMIUM;XIRECS;10009.0;6
686759;;;ASH_COATED_OSMIUM;XIRECS;9989.0;5
687344;;;ASH_COATED_OSMIUM;XIRECS;10009.0;6
688131;;;ASH_COATED_OSMIUM;XIRECS;9991.0;2
688661;;;INTARIAN_PEPPER_ROOT;XIRECS;20693.0;3
689780;;;INTARIAN_PEPPER_ROOT;XIRECS;20695.0;5
691577;;;INTARIAN_PEPPER_ROOT;XIRECS;20699.0;3
692374;;;ASH_COATED_OSMIUM;XIRECS;9987.0;5
693170;;;INTARIAN_PEPPER_ROOT;XIRECS;20685.0;4
693869;;;INTARIAN_PEPPER_ROOT;XIRECS;20705.0;3
695052;;;INTARIAN_PEPPER_ROOT;XIRECS;20701.0;5
695586;;;ASH_COATED_OSMIUM;XIRECS;10007.0;6
700133;;;INTARIAN_PEPPER_ROOT;XIRECS;20699.0;7
700510;;;ASH_COATED_OSMIUM;XIRECS;9999.0;6
700792;;;INTARIAN_PEPPER_ROOT;XIRECS;20709.0;6
700922;;;INTARIAN_PEPPER_ROOT;XIRECS;20694.0;3
701670;;;ASH_COATED_OSMIUM;XIRECS;9990.0;3
703118;;;INTARIAN_PEPPER_ROOT;XIRECS;20713.0;7
703899;;;ASH_COATED_OSMIUM;XIRECS;9991.0;4
705952;;;ASH_COATED_OSMIUM;XIRECS;10008.0;6
706157;;;ASH_COATED_OSMIUM;XIRECS;9997.0;6
706264;;;ASH_COATED_OSMIUM;XIRECS;10009.0;5
706601;;;ASH_COATED_OSMIUM;XIRECS;9996.0;6
707516;;;INTARIAN_PEPPER_ROOT;XIRECS;20698.0;5
708812;;;INTARIAN_PEPPER_ROOT;XIRECS;20698.0;6
710024;;;INTARIAN_PEPPER_ROOT;XIRECS;20702.0;6
710437;;;ASH_COATED_OSMIUM;XIRECS;10015.0;10
710678;;;ASH_COATED_OSMIUM;XIRECS;10012.0;10
711172;;;INTARIAN_PEPPER_ROOT;XIRECS;20704.0;8
713698;;;INTARIAN_PEPPER_ROOT;XIRECS;20719.0;7
713789;;;ASH_COATED_OSMIUM;XIRECS;9994.0;4
713940;;;ASH_COATED_OSMIUM;XIRECS;10003.0;5
715731;;;ASH_COATED_OSMIUM;XIRECS;10011.0;5
715846;;;ASH_COATED_OSMIUM;XIRECS;9999.0;3
715847;;;ASH_COATED_OSMIUM;XIRECS;9999.0;7
719819;;;INTARIAN_PEPPER_ROOT;XIRECS;20709.0;5
720035;;;ASH_COATED_OSMIUM;XIRECS;10006.0;7
721025;;;ASH_COATED_OSMIUM;XIRECS;9992.0;6
721922;;;ASH_COATED_OSMIUM;XIRECS;10006.0;2
723438;;;ASH_COATED_OSMIUM;XIRECS;9993.0;4
725867;;;ASH_COATED_OSMIUM;XIRECS;9995.0;5
726836;;;ASH_COATED_OSMIUM;XIRECS;10001.0;5
727814;;;INTARIAN_PEPPER_ROOT;XIRECS;20721.0;6
730181;;;INTARIAN_PEPPER_ROOT;XIRECS;20724.0;5
730922;;;ASH_COATED_OSMIUM;XIRECS;10006.0;2
730957;;;ASH_COATED_OSMIUM;XIRECS;9996.0;10
731070;;;ASH_COATED_OSMIUM;XIRECS;10008.0;9
732914;;;INTARIAN_PEPPER_ROOT;XIRECS;20739.0;3
733044;;;INTARIAN_PEPPER_ROOT;XIRECS;20739.0;4
734194;;;ASH_COATED_OSMIUM;XIRECS;9996.0;4
734857;;;INTARIAN_PEPPER_ROOT;XIRECS;20727.0;7
736020;;;INTARIAN_PEPPER_ROOT;XIRECS;20732.0;3
737664;;;ASH_COATED_OSMIUM;XIRECS;9992.0;3
738852;;;ASH_COATED_OSMIUM;XIRECS;9990.0;9
739019;;;INTARIAN_PEPPER_ROOT;XIRECS;20732.0;7
740991;;;INTARIAN_PEPPER_ROOT;XIRECS;20737.0;8
742150;;;INTARIAN_PEPPER_ROOT;XIRECS;20737.0;5
743113;;;INTARIAN_PEPPER_ROOT;XIRECS;20736.0;4
743941;;;ASH_COATED_OSMIUM;XIRECS;10006.0;6
745796;;;ASH_COATED_OSMIUM;XIRECS;10008.0;3
747230;;;INTARIAN_PEPPER_ROOT;XIRECS;20752.0;6
750471;;;INTARIAN_PEPPER_ROOT;XIRECS;20744.0;5
752115;;;ASH_COATED_OSMIUM;XIRECS;9995.0;6
753579;;;INTARIAN_PEPPER_ROOT;XIRECS;20756.0;6
755360;;;INTARIAN_PEPPER_ROOT;XIRECS;20763.0;3
755543;;;ASH_COATED_OSMIUM;XIRECS;9994.0;3
756442;;;ASH_COATED_OSMIUM;XIRECS;10001.0;7
758221;;;ASH_COATED_OSMIUM;XIRECS;9993.0;6
760020;;;ASH_COATED_OSMIUM;XIRECS;9997.0;5
760668;;;ASH_COATED_OSMIUM;XIRECS;9993.0;2
761386;;;ASH_COATED_OSMIUM;XIRECS;10013.0;10
761584;;;INTARIAN_PEPPER_ROOT;XIRECS;20761.0;7
762538;;;ASH_COATED_OSMIUM;XIRECS;9998.0;6
762602;;;ASH_COATED_OSMIUM;XIRECS;10004.0;3
764573;;;INTARIAN_PEPPER_ROOT;XIRECS;20758.0;4
768129;;;ASH_COATED_OSMIUM;XIRECS;10016.0;6
771028;;;ASH_COATED_OSMIUM;XIRECS;10018.0;4
771119;;;INTARIAN_PEPPER_ROOT;XIRECS;20762.0;4
772139;;;INTARIAN_PEPPER_ROOT;XIRECS;20768.0;4
773862;;;INTARIAN_PEPPER_ROOT;XIRECS;20777.0;5
775318;;;ASH_COATED_OSMIUM;XIRECS;9995.0;5
775825;;;ASH_COATED_OSMIUM;XIRECS;10017.0;4
779515;;;INTARIAN_PEPPER_ROOT;XIRECS;20787.0;3
779625;;;INTARIAN_PEPPER_ROOT;XIRECS;20784.0;7
779648;;;ASH_COATED_OSMIUM;XIRECS;10012.0;9
780311;;;ASH_COATED_OSMIUM;XIRECS;10014.0;6
782400;;;INTARIAN_PEPPER_ROOT;XIRECS;20792.0;7
782898;;;ASH_COATED_OSMIUM;XIRECS;10012.0;7
783019;;;ASH_COATED_OSMIUM;XIRECS;10018.0;6
786002;;;ASH_COATED_OSMIUM;XIRECS;9992.0;5
787100;;;ASH_COATED_OSMIUM;XIRECS;9998.0;10
787474;;;INTARIAN_PEPPER_ROOT;XIRECS;20792.0;7
787808;;;INTARIAN_PEPPER_ROOT;XIRECS;20781.0;7
787941;;;ASH_COATED_OSMIUM;XIRECS;10013.0;6
788524;;;INTARIAN_PEPPER_ROOT;XIRECS;20798.0;3
791062;;;ASH_COATED_OSMIUM;XIRECS;10013.0;3
793421;;;INTARIAN_PEPPER_ROOT;XIRECS;20788.0;3
795881;;;INTARIAN_PEPPER_ROOT;XIRECS;20788.0;6
798949;;;INTARIAN_PEPPER_ROOT;XIRECS;20804.0;7
801130;;;INTARIAN_PEPPER_ROOT;XIRECS;20794.0;6
803227;;;INTARIAN_PEPPER_ROOT;XIRECS;20809.0;7
803924;;;ASH_COATED_OSMIUM;XIRECS;10001.0;9
805041;;;INTARIAN_PEPPER_ROOT;XIRECS;20813.0;7
805359;;;ASH_COATED_OSMIUM;XIRECS;9998.0;5
806004;;;ASH_COATED_OSMIUM;XIRECS;10013.0;4
807162;;;INTARIAN_PEPPER_ROOT;XIRECS;20799.0;6
807649;;;ASH_COATED_OSMIUM;XIRECS;10003.0;6
811770;;;INTARIAN_PEPPER_ROOT;XIRECS;20808.0;3
812005;;;INTARIAN_PEPPER_ROOT;XIRECS;20802.0;7
812175;;;ASH_COATED_OSMIUM;XIRECS;10005.0;4
812971;;;ASH_COATED_OSMIUM;XIRECS;10017.0;8
813638;;;INTARIAN_PEPPER_ROOT;XIRECS;20811.0;3
814341;;;INTARIAN_PEPPER_ROOT;XIRECS;20808.0;3
815657;;;INTARIAN_PEPPER_ROOT;XIRECS;20820.0;3
816137;;;ASH_COATED_OSMIUM;XIRECS;9997.0;5
817747;;;ASH_COATED_OSMIUM;XIRECS;10009.0;2
817859;;;ASH_COATED_OSMIUM;XIRECS;9996.0;6
822582;;;INTARIAN_PEPPER_ROOT;XIRECS;20818.0;4
823083;;;INTARIAN_PEPPER_ROOT;XIRECS;20820.0;6
824104;;;INTARIAN_PEPPER_ROOT;XIRECS;20817.0;5
824646;;;ASH_COATED_OSMIUM;XIRECS;9994.0;8
826134;;;INTARIAN_PEPPER_ROOT;XIRECS;20830.0;7
827678;;;INTARIAN_PEPPER_ROOT;XIRECS;20818.0;7
830701;;;INTARIAN_PEPPER_ROOT;XIRECS;20822.0;4
831314;;;INTARIAN_PEPPER_ROOT;XIRECS;20812.0;8
831384;;;ASH_COATED_OSMIUM;XIRECS;9990.0;2
834661;;;ASH_COATED_OSMIUM;XIRECS;10009.0;2
835441;;;ASH_COATED_OSMIUM;XIRECS;9998.0;5
837567;;;INTARIAN_PEPPER_ROOT;XIRECS;20842.0;8
838985;;;INTARIAN_PEPPER_ROOT;XIRECS;20848.0;6
842563;;;INTARIAN_PEPPER_ROOT;XIRECS;20850.0;3
844572;;;INTARIAN_PEPPER_ROOT;XIRECS;20839.0;5
844685;;;ASH_COATED_OSMIUM;XIRECS;10010.0;4
846504;;;ASH_COATED_OSMIUM;XIRECS;10000.0;9
846687;;;ASH_COATED_OSMIUM;XIRECS;10016.0;6
848646;;;ASH_COATED_OSMIUM;XIRECS;10007.0;3
848764;;;INTARIAN_PEPPER_ROOT;XIRECS;20855.0;3
850497;;;ASH_COATED_OSMIUM;XIRECS;10007.0;4
850529;;;INTARIAN_PEPPER_ROOT;XIRECS;20854.0;7
853382;;;ASH_COATED_OSMIUM;XIRECS;9994.0;6
854286;;;INTARIAN_PEPPER_ROOT;XIRECS;20861.0;7
857026;;;ASH_COATED_OSMIUM;XIRECS;10015.0;2
857332;;;ASH_COATED_OSMIUM;XIRECS;10009.0;4
858646;;;ASH_COATED_OSMIUM;XIRECS;10015.0;9
858852;;;INTARIAN_PEPPER_ROOT;XIRECS;20855.0;6
859231;;;ASH_COATED_OSMIUM;XIRECS;10010.0;3
860702;;;ASH_COATED_OSMIUM;XIRECS;10010.0;3
861019;;;ASH_COATED_OSMIUM;XIRECS;10015.0;9
862669;;;INTARIAN_PEPPER_ROOT;XIRECS;20865.0;7
863476;;;ASH_COATED_OSMIUM;XIRECS;9999.0;6
864204;;;ASH_COATED_OSMIUM;XIRECS;10018.0;2
865180;;;INTARIAN_PEPPER_ROOT;XIRECS;20869.0;6
868645;;;INTARIAN_PEPPER_ROOT;XIRECS;20878.0;6
871866;;;INTARIAN_PEPPER_ROOT;XIRECS;20881.0;4
872368;;;ASH_COATED_OSMIUM;XIRECS;10021.0;8
875081;;;ASH_COATED_OSMIUM;XIRECS;10001.0;3
876659;;;INTARIAN_PEPPER_ROOT;XIRECS;20879.0;4
877004;;;INTARIAN_PEPPER_ROOT;XIRECS;20885.0;7
877231;;;ASH_COATED_OSMIUM;XIRECS;10001.0;4
880635;;;ASH_COATED_OSMIUM;XIRECS;10012.0;4
882339;;;INTARIAN_PEPPER_ROOT;XIRECS;20880.0;4
882372;;;INTARIAN_PEPPER_ROOT;XIRECS;20880.0;4
885849;;;INTARIAN_PEPPER_ROOT;XIRECS;20880.0;3
885929;;;INTARIAN_PEPPER_ROOT;XIRECS;20895.0;7
885967;;;INTARIAN_PEPPER_ROOT;XIRECS;20895.0;5
886162;;;INTARIAN_PEPPER_ROOT;XIRECS;20893.0;7
886209;;;ASH_COATED_OSMIUM;XIRECS;9998.0;4
886938;;;INTARIAN_PEPPER_ROOT;XIRECS;20883.0;4
888007;;;ASH_COATED_OSMIUM;XIRECS;10021.0;9
889524;;;ASH_COATED_OSMIUM;XIRECS;9998.0;6
890265;;;ASH_COATED_OSMIUM;XIRECS;10020.0;2
893105;;;INTARIAN_PEPPER_ROOT;XIRECS;20886.0;7
895905;;;INTARIAN_PEPPER_ROOT;XIRECS;20892.0;3
897860;;;INTARIAN_PEPPER_ROOT;XIRECS;20900.0;4
900392;;;INTARIAN_PEPPER_ROOT;XIRECS;20904.0;7
902774;;;INTARIAN_PEPPER_ROOT;XIRECS;20907.0;7
903411;;;INTARIAN_PEPPER_ROOT;XIRECS;20906.0;7
904299;;;ASH_COATED_OSMIUM;XIRECS;9993.0;4
904883;;;INTARIAN_PEPPER_ROOT;XIRECS;20896.0;8
905602;;;INTARIAN_PEPPER_ROOT;XIRECS;20911.0;5
906849;;;INTARIAN_PEPPER_ROOT;XIRECS;20916.0;7
906930;;;ASH_COATED_OSMIUM;XIRECS;9992.0;6
907065;;;INTARIAN_PEPPER_ROOT;XIRECS;20918.0;6
907859;;;ASH_COATED_OSMIUM;XIRECS;9991.0;5
908311;;;INTARIAN_PEPPER_ROOT;XIRECS;20922.0;7
909293;;;ASH_COATED_OSMIUM;XIRECS;9998.0;4
909731;;;INTARIAN_PEPPER_ROOT;XIRECS;20916.0;3
911972;;;ASH_COATED_OSMIUM;XIRECS;10016.0;6
911984;;;ASH_COATED_OSMIUM;XIRECS;9998.0;4
913185;;;ASH_COATED_OSMIUM;XIRECS;9998.0;5
913770;;;INTARIAN_PEPPER_ROOT;XIRECS;20920.0;3
915538;;;ASH_COATED_OSMIUM;XIRECS;9990.0;3
915810;;;ASH_COATED_OSMIUM;XIRECS;10006.0;3
916237;;;ASH_COATED_OSMIUM;XIRECS;9989.0;10
918056;;;ASH_COATED_OSMIUM;XIRECS;9988.0;4
920320;;;ASH_COATED_OSMIUM;XIRECS;10012.0;3
922607;;;ASH_COATED_OSMIUM;XIRECS;9996.0;3
923996;;;ASH_COATED_OSMIUM;XIRECS;9992.0;5
926294;;;ASH_COATED_OSMIUM;XIRECS;9997.0;7
929383;;;ASH_COATED_OSMIUM;XIRECS;9998.0;3
930878;;;ASH_COATED_OSMIUM;XIRECS;10009.0;6
932409;;;INTARIAN_PEPPER_ROOT;XIRECS;20937.0;6
932688;;;ASH_COATED_OSMIUM;XIRECS;10014.0;6
933961;;;INTARIAN_PEPPER_ROOT;XIRECS;20935.0;5
934697;;;ASH_COATED_OSMIUM;XIRECS;10015.0;4
936766;;;INTARIAN_PEPPER_ROOT;XIRECS;20944.0;7
937301;;;ASH_COATED_OSMIUM;XIRECS;10013.0;2
937444;;;ASH_COATED_OSMIUM;XIRECS;9992.0;9
938152;;;INTARIAN_PEPPER_ROOT;XIRECS;20947.0;3
938469;;;INTARIAN_PEPPER_ROOT;XIRECS;20944.0;6
940176;;;ASH_COATED_OSMIUM;XIRECS;9990.0;5
940225;;;INTARIAN_PEPPER_ROOT;XIRECS;20933.0;4
941339;;;ASH_COATED_OSMIUM;XIRECS;10012.0;3
944411;;;INTARIAN_PEPPER_ROOT;XIRECS;20950.0;5
944803;;;INTARIAN_PEPPER_ROOT;XIRECS;20952.0;7
945204;;;ASH_COATED_OSMIUM;XIRECS;10007.0;9
947348;;;INTARIAN_PEPPER_ROOT;XIRECS;20942.0;5
947571;;;INTARIAN_PEPPER_ROOT;XIRECS;20937.0;7
948901;;;INTARIAN_PEPPER_ROOT;XIRECS;20939.0;3
950711;;;INTARIAN_PEPPER_ROOT;XIRECS;20947.0;4
954525;;;ASH_COATED_OSMIUM;XIRECS;10017.0;4
954753;;;INTARIAN_PEPPER_ROOT;XIRECS;20965.0;7
955376;;;ASH_COATED_OSMIUM;XIRECS;10015.0;2
956130;;;INTARIAN_PEPPER_ROOT;XIRECS;20963.0;5
961910;;;INTARIAN_PEPPER_ROOT;XIRECS;20966.0;5
962903;;;INTARIAN_PEPPER_ROOT;XIRECS;20965.0;5
966820;;;ASH_COATED_OSMIUM;XIRECS;9994.0;3
968228;;;INTARIAN_PEPPER_ROOT;XIRECS;20974.0;4
968291;;;ASH_COATED_OSMIUM;XIRECS;9996.0;10
970931;;;INTARIAN_PEPPER_ROOT;XIRECS;20963.0;3
972042;;;INTARIAN_PEPPER_ROOT;XIRECS;20972.0;5
972859;;;ASH_COATED_OSMIUM;XIRECS;9998.0;10
972953;;;INTARIAN_PEPPER_ROOT;XIRECS;20979.0;6
975007;;;ASH_COATED_OSMIUM;XIRECS;10003.0;4
975007;;;INTARIAN_PEPPER_ROOT;XIRECS;20965.0;4
978133;;;ASH_COATED_OSMIUM;XIRECS;10001.0;2
978604;;;ASH_COATED_OSMIUM;XIRECS;10003.0;6
980155;;;ASH_COATED_OSMIUM;XIRECS;10002.0;7
980421;;;INTARIAN_PEPPER_ROOT;XIRECS;20988.0;3
982463;;;INTARIAN_PEPPER_ROOT;XIRECS;20975.0;6
982787;;;INTARIAN_PEPPER_ROOT;XIRECS;20988.0;3
983311;;;ASH_COATED_OSMIUM;XIRECS;10002.0;2
984685;;;INTARIAN_PEPPER_ROOT;XIRECS;20978.0;4
985136;;;ASH_COATED_OSMIUM;XIRECS;10014.0;9
985860;;;ASH_COATED_OSMIUM;XIRECS;9997.0;6
986779;;;ASH_COATED_OSMIUM;XIRECS;10016.0;7
987514;;;INTARIAN_PEPPER_ROOT;XIRECS;20984.0;7
987679;;;INTARIAN_PEPPER_ROOT;XIRECS;20996.0;6
988730;;;INTARIAN_PEPPER_ROOT;XIRECS;20980.0;3
988786;;;ASH_COATED_OSMIUM;XIRECS;9998.0;2
989309;;;ASH_COATED_OSMIUM;XIRECS;10011.0;2
989760;;;ASH_COATED_OSMIUM;XIRECS;10010.0;9
989924;;;ASH_COATED_OSMIUM;XIRECS;10015.0;2
990539;;;INTARIAN_PEPPER_ROOT;XIRECS;20996.0;6
990554;;;ASH_COATED_OSMIUM;XIRECS;10009.0;6
991377;;;INTARIAN_PEPPER_ROOT;XIRECS;20984.0;7
992340;;;INTARIAN_PEPPER_ROOT;XIRECS;20984.0;6
994275;;;ASH_COATED_OSMIUM;XIRECS;9993.0;9
994577;;;INTARIAN_PEPPER_ROOT;XIRECS;20990.0;7
995749;;;INTARIAN_PEPPER_ROOT;XIRECS;21002.0;8
999516;;;ASH_COATED_OSMIUM;XIRECS;9998.0;5