timestamp;buyer;seller;symbol;currency;price;quantity
765;;;ASH_COATED_OSMIUM;XIRECS;10006.0;6
4647;;;INTARIAN_PEPPER_ROOT;XIRECS;22000.0;7
5842;;;ASH_COATED_OSMIUM;XIRECS;10009.0;5
9712;;;INTARIAN_PEPPER_ROOT;XIRECS;22003.0;6
9936;;;ASH_COATED_OSMIUM;XIRECS;9991.0;4
11191;;;INTARIAN_PEPPER_ROOT;XIRECS;22006.0;7
15502;;;ASH_COATED_OSMIUM;XIRECS;9988.0;9
17537;;;INTARIAN_PEPPER_ROOT;XIRECS;22023.0;5
18327;;;ASH_COATED_OSMIUM;XIRECS;9997.0;5
18388;;;ASH_COATED_OSMIUM;XIRECS;9997.0;3
19357;;;ASH_COATED_OSMIUM;XIRECS;9993.0;2
19359;;;INTARIAN_PEPPER_ROOT;XIRECS;22014.0;6
19883;;;INTARIAN_PEPPER_ROOT;XIRECS;22011.0;4
20529;;;ASH_COATED_OSMIUM;XIRECS;9992.0;2
22008;;;INTARIAN_PEPPER_ROOT;XIRECS;22029.0;5
23058;;;ASH_COATED_OSMIUM;XIRECS;10010.0;2
23144;;;ASH_COATED_OSMIUM;XIRECS;10015.0;3
23586;;;INTARIAN_PEPPER_ROOT;XIRECS;22029.0;3
23695;;;ASH_COATED_OSMIUM;XIRECS;10000.0;10
25518;;;ASH_COATED_OSMIUM;XIRECS;9994.0;2
25839;;;ASH_COATED_OSMIUM;XIRECS;9999.0;4
27679;;;ASH_COATED_OSMIUM;XIRECS;10007.0;2
28066;;;ASH_COATED_OSMIUM;XIRECS;9993.0;5
32753;;;INTARIAN_PEPPER_ROOT;XIRECS;22024.0;3
34148;;;INTARIAN_PEPPER_ROOT;XIRECS;22041.0;4
34411;;;ASH_COATED_OSMIUM;XIRECS;10008.0;6
35167;;;ASH_COATED_OSMIUM;XIRECS;10005.0;2
35414;;;ASH_COATED_OSMIUM;XIRECS;9999.0;4
35619;;;INTARIAN_PEPPER_ROOT;XIRECS;22043.0;4
35638;;;INTARIAN_PEPPER_ROOT;XIRECS;22029.0;4
36587;;;ASH_COATED_OSMIUM;XIRECS;10007.0;5
36782;;;INTARIAN_PEPPER_ROOT;XIRECS;22033.0;6
37415;;;ASH_COATED_OSMIUM;XIRECS;10009.0;7
37484;;;INTARIAN_PEPPER_ROOT;XIRECS;22035.0;3
38472;;;ASH_COATED_OSMIUM;XIRECS;9995.0;7
38995;;;INTARIAN_PEPPER_ROOT;XIRECS;22031.0;7
39669;;;ASH_COATED_OSMIUM;XIRECS;9989.0;6
39692;;;ASH_COATED_OSMIUM;XIRECS;9989.0;9
39715;;;INTARIAN_PEPPER_ROOT;XIRECS;22044.0;7
46793;;;INTARIAN_PEPPER_ROOT;XIRECS;22056.0;5
47144;;;ASH_COATED_OSMIUM;XIRECS;9989.0;8
48112;;;ASH_COATED_OSMIUM;XIRECS;10011.0;5
48765;;;INTARIAN_PEPPER_ROOT;XIRECS;22041.0;4
49015;;;ASH_COATED_OSMIUM;XIRECS;9992.0;5
51810;;;ASH_COATED_OSMIUM;XIRECS;9988.0;3
52238;;;INTARIAN_PEPPER_ROOT;XIRECS;22057.0;8
52994;;;ASH_COATED_OSMIUM;XIRECS;10009.0;2
53635;;;ASH_COATED_OSMIUM;XIRECS;9987.0;9
53695;;;INTARIAN_PEPPER_ROOT;XIRECS;22051.0;6
53791;;;INTARIAN_PEPPER_ROOT;XIRECS;22058.0;7
57135;;;INTARIAN_PEPPER_ROOT;XIRECS;22063.0;5
57244;;;INTARIAN_PEPPER_ROOT;XIRECS;22053.0;6
61859;;;INTARIAN_PEPPER_ROOT;XIRECS;22058.0;7
67932;;;INTARIAN_PEPPER_ROOT;XIRECS;22059.0;5
70676;;;ASH_COATED_OSMIUM;XIRECS;9997.0;2
70897;;;ASH_COATED_OSMIUM;XIRECS;9993.0;4
71754;;;ASH_COATED_OSMIUM;XIRECS;9994.0;4
75283;;;INTARIAN_PEPPER_ROOT;XIRECS;22083.0;3
75953;;;ASH_COATED_OSMIUM;XIRECS;9986.0;4
76936;;;INTARIAN_PEPPER_ROOT;XIRECS;22079.0;7
77309;;;ASH_COATED_OSMIUM;XIRECS;9985.0;8
77421;;;ASH_COATED_OSMIUM;XIRECS;10008.0;4
79365;;;ASH_COATED_OSMIUM;XIRECS;10008.0;5
79754;;;ASH_COATED_OSMIUM;XIRECS;9990.0;9
80911;;;ASH_COATED_OSMIUM;XIRECS;10006.0;4
82981;;;INTARIAN_PEPPER_ROOT;XIRECS;22094.0;5
83342;;;ASH_COATED_OSMIUM;XIRECS;9994.0;3
85089;;;INTARIAN_PEPPER_ROOT;XIRECS;22075.0;4
86053;;;INTARIAN_PEPPER_ROOT;XIRECS;22074.0;3
87635;;;INTARIAN_PEPPER_ROOT;XIRECS;22084.0;3
87813;;;INTARIAN_PEPPER_ROOT;XIRECS;22080.0;3
91660;;;INTARIAN_PEPPER_ROOT;XIRECS;22099.0;7
92922;;;ASH_COATED_OSMIUM;XIRECS;9998.0;3
93624;;;ASH_COATED_OSMIUM;XIRECS;10014.0;2
94459;;;INTARIAN_PEPPER_ROOT;XIRECS;22089.0;5
97434;;;INTARIAN_PEPPER_ROOT;XIRECS;22090.0;4
99548;;;INTARIAN_PEPPER_ROOT;XIRECS;22088.0;3
99877;;;INTARIAN_PEPPER_ROOT;XIRECS;22104.0;7
100609;;;INTARIAN_PEPPER_ROOT;XIRECS;22107.0;7
100694;;;ASH_COATED_OSMIUM;XIRECS;10005.0;5
100747;;;INTARIAN_PEPPER_ROOT;XIRECS;22110.0;3
103237;;;INTARIAN_PEPPER_ROOT;XIRECS;22098.0;3
105232;;;INTARIAN_PEPPER_ROOT;XIRECS;22100.0;3
108824;;;ASH_COATED_OSMIUM;XIRECS;9991.0;6
109111;;;ASH_COATED_OSMIUM;XIRECS;10007.0;8
110895;;;ASH_COATED_OSMIUM;XIRECS;10008.0;5
112837;;;INTARIAN_PEPPER_ROOT;XIRECS;22100.0;3
113229;;;INTARIAN_PEPPER_ROOT;XIRECS;22120.0;5
114437;;;ASH_COATED_OSMIUM;XIRECS;10008.0;5
116430;;;ASH_COATED_OSMIUM;XIRECS;9993.0;3
119381;;;ASH_COATED_OSMIUM;XIRECS;9999.0;7
120482;;;INTARIAN_PEPPER_ROOT;XIRECS;22112.0;7
120768;;;INTARIAN_PEPPER_ROOT;XIRECS;22123.0;6
122960;;;ASH_COATED_OSMIUM;XIRECS;10009.0;10
123150;;;INTARIAN_PEPPER_ROOT;XIRECS;22117.0;6
123180;;;ASH_COATED_OSMIUM;XIRECS;9996.0;3
126737;;;INTARIAN_PEPPER_ROOT;XIRECS;22119.0;4
127279;;;INTARIAN_PEPPER_ROOT;XIRECS;22119.0;3
130944;;;INTARIAN_PEPPER_ROOT;XIRECS;22119.0;3
131163;;;INTARIAN_PEPPER_ROOT;XIRECS;22126.0;3
131433;;;INTARIAN_PEPPER_ROOT;XIRECS;22133.0;5
134302;;;ASH_COATED_OSMIUM;XIRECS;10010.0;5
134514;;;INTARIAN_PEPPER_ROOT;XIRECS;22128.0;5
134835;;;INTARIAN_PEPPER_ROOT;XIRECS;22142.0;7
135146;;;ASH_COATED_OSMIUM;XIRECS;10013.0;4
139101;;;ASH_COATED_OSMIUM;XIRECS;9997.0;5
139534;;;INTARIAN_PEPPER_ROOT;XIRECS;22147.0;5
141693;;;INTARIAN_PEPPER_ROOT;XIRECS;22137.0;4
141980;;;INTARIAN_PEPPER_ROOT;XIRECS;22147.0;5
142015;;;ASH_COATED_OSMIUM;XIRECS;10012.0;2
142936;;;ASH_COATED_OSMIUM;XIRECS;9993.0;8
145211;;;INTARIAN_PEPPER_ROOT;XIRECS;22135.0;3
145467;;;INTARIAN_PEPPER_ROOT;XIRECS;22136.0;6
147046;;;ASH_COATED_OSMIUM;XIRECS;10021.0;9
147476;;;ASH_COATED_OSMIUM;XIRECS;10005.0;4
148616;;;INTARIAN_PEPPER_ROOT;XIRECS;22141.0;5
149652;;;INTARIAN_PEPPER_ROOT;XIRECS;22146.0;3
149842;;;ASH_COATED_OSMIUM;XIRECS;10018.0;2
152367;;;INTARIAN_PEPPER_ROOT;XIRECS;22157.0;7
154408;;;INTARIAN_PEPPER_ROOT;XIRECS;22163.0;6
154972;;;ASH_COATED_OSMIUM;XIRECS;10019.0;2
155352;;;ASH_COATED_OSMIUM;XIRECS;10019.0;3
157350;;;ASH_COATED_OSMIUM;XIRECS;9997.0;10
157376;;;ASH_COATED_OSMIUM;XIRECS;9997.0;9
157475;;;INTARIAN_PEPPER_ROOT;XIRECS;22167.0;6
160642;;;ASH_COATED_OSMIUM;XIRECS;10003.0;9
162286;;;ASH_COATED_OSMIUM;XIRECS;10002.0;3
163396;;;ASH_COATED_OSMIUM;XIRECS;10017.0;4
163487;;;ASH_COATED_OSMIUM;XIRECS;10012.0;5
163573;;;INTARIAN_PEPPER_ROOT;XIRECS;22171.0;5
167094;;;INTARIAN_PEPPER_ROOT;XIRECS;22173.0;6
167646;;;INTARIAN_PEPPER_ROOT;XIRECS;22170.0;6
168126;;;INTARIAN_PEPPER_ROOT;XIRECS;22160.0;7
168616;;;INTARIAN_PEPPER_ROOT;XIRECS;22157.0;5
168645;;;ASH_COATED_OSMIUM;XIRECS;10016.0;2
168695;;;ASH_COATED_OSMIUM;XIRECS;10000.0;10
168924;;;ASH_COATED_OSMIUM;XIRECS;9995.0;9
170039;;;INTARIAN_PEPPER_ROOT;XIRECS;22175.0;4
170892;;;ASH_COATED_OSMIUM;XIRECS;9998.0;5
170929;;;ASH_COATED_OSMIUM;XIRECS;10017.0;2
171020;;;ASH_COATED_OSMIUM;XIRECS;9993.0;9
171923;;;ASH_COATED_OSMIUM;XIRECS;10014.0;2
172068;;;INTARIAN_PEPPER_ROOT;XIRECS;22164.0;4
172475;;;ASH_COATED_OSMIUM;XIRECS;10008.0;7
172729;;;INTARIAN_PEPPER_ROOT;XIRECS;22181.0;4
173014;;;INTARIAN_PEPPER_ROOT;XIRECS;22167.0;6
178323;;;ASH_COATED_OSMIUM;XIRECS;10008.0;5
179642;;;ASH_COATED_OSMIUM;XIRECS;9993.0;2
181360;;;INTARIAN_PEPPER_ROOT;XIRECS;22174.0;3
181565;;;ASH_COATED_OSMIUM;XIRECS;10004.0;10
181721;;;ASH_COATED_OSMIUM;XIRECS;10004.0;3
183099;;;INTARIAN_PEPPER_ROOT;XIRECS;22173.0;3
185575;;;INTARIAN_PEPPER_ROOT;XIRECS;22188.0;3
188194;;;INTARIAN_PEPPER_ROOT;XIRECS;22197.0;7
188575;;;INTARIAN_PEPPER_ROOT;XIRECS;22180.0;4
189005;;;INTARIAN_PEPPER_ROOT;XIRECS;22186.0;7
189264;;;ASH_COATED_OSMIUM;XIRECS;10005.0;5
189555;;;ASH_COATED_OSMIUM;XIRECS;10012.0;5
191056;;;INTARIAN_PEPPER_ROOT;XIRECS;22184.0;7
192987;;;INTARIAN_PEPPER_ROOT;XIRECS;22185.0;4
193478;;;ASH_COATED_OSMIUM;XIRECS;9996.0;7
195291;;;ASH_COATED_OSMIUM;XIRECS;10012.0;5
195818;;;INTARIAN_PEPPER_ROOT;XIRECS;22204.0;5
197467;;;INTARIAN_PEPPER_ROOT;XIRECS;22208.0;6
198458;;;INTARIAN_PEPPER_ROOT;XIRECS;22194.0;3
198548;;;INTARIAN_PEPPER_ROOT;XIRECS;22190.0;6
201363;;;ASH_COATED_OSMIUM;XIRECS;9991.0;9
202458;;;ASH_COATED_OSMIUM;XIRECS;10003.0;6
202969;;;INTARIAN_PEPPER_ROOT;XIRECS;22210.0;4
204191;;;INTARIAN_PEPPER_ROOT;XIRECS;22197.0;6
205492;;;INTARIAN_PEPPER_ROOT;XIRECS;22198.0;5
206520;;;INTARIAN_PEPPER_ROOT;XIRECS;22201.0;5
206789;;;ASH_COATED_OSMIUM;XIRECS;10007.0;8
208926;;;ASH_COATED_OSMIUM;XIRECS;9983.0;3
209260;;;ASH_COATED_OSMIUM;XIRECS;10007.0;3
214350;;;ASH_COATED_OSMIUM;XIRECS;10006.0;6
216615;;;ASH_COATED_OSMIUM;XIRECS;9998.0;2
216945;;;ASH_COATED_OSMIUM;XIRECS;10004.0;4
218384;;;INTARIAN_PEPPER_ROOT;XIRECS;22222.0;5
218920;;;INTARIAN_PEPPER_ROOT;XIRECS;22212.0;5
220120;;;ASH_COATED_OSMIUM;XIRECS;9981.0;5
221887;;;ASH_COATED_OSMIUM;XIRECS;10005.0;9
222818;;;INTARIAN_PEPPER_ROOT;XIRECS;22228.0;7
222981;;;ASH_COATED_OSMIUM;XIRECS;9997.0;7
224705;;;INTARIAN_PEPPER_ROOT;XIRECS;22219.0;6
227087;;;ASH_COATED_OSMIUM;XIRECS;10002.0;10
227503;;;INTARIAN_PEPPER_ROOT;XIRECS;22223.0;7
228585;;;ASH_COATED_OSMIUM;XIRECS;9989.0;10
229191;;;ASH_COATED_OSMIUM;XIRECS;9984.0;4
230026;;;INTARIAN_PEPPER_ROOT;XIRECS;22235.0;7
230647;;;ASH_COATED_OSMIUM;XIRECS;9984.0;2
230800;;;ASH_COATED_OSMIUM;XIRECS;10006.0;6
232116;;;ASH_COATED_OSMIUM;XIRECS;10002.0;8
232570;;;INTARIAN_PEPPER_ROOT;XIRECS;22226.0;7
235426;;;ASH_COATED_OSMIUM;XIRECS;9985.0;2
236047;;;INTARIAN_PEPPER_ROOT;XIRECS;22229.0;4
237151;;;INTARIAN_PEPPER_ROOT;XIRECS;22230.0;7
238808;;;ASH_COATED_OSMIUM;XIRECS;10010.0;6
239010;;;INTARIAN_PEPPER_ROOT;XIRECS;22243.0;5
239038;;;ASH_COATED_OSMIUM;XIRECS;9984.0;8
239906;;;INTARIAN_PEPPER_ROOT;XIRECS;22244.0;6
243351;;;ASH_COATED_OSMIUM;XIRECS;10004.0;6
244635;;;ASH_COATED_OSMIUM;XIRECS;9989.0;4
251085;;;INTARIAN_PEPPER_ROOT;XIRECS;22247.0;6
252415;;;INTARIAN_PEPPER_ROOT;XIRECS;22254.0;4
252601;;;ASH_COATED_OSMIUM;XIRECS;9994.0;5
255123;;;INTARIAN_PEPPER_ROOT;XIRECS;22260.0;7
261722;;;INTARIAN_PEPPER_ROOT;XIRECS;22265.0;7
264591;;;ASH_COATED_OSMIUM;XIRECS;10015.0;8
265117;;;INTARIAN_PEPPER_ROOT;XIRECS;22257.0;4
266884;;;ASH_COATED_OSMIUM;XIRECS;10010.0;4
267041;;;INTARIAN_PEPPER_ROOT;XIRECS;22274.0;5
272295;;;ASH_COATED_OSMIUM;XIRECS;10014.0;2
272305;;;INTARIAN_PEPPER_ROOT;XIRECS;22282.0;5
273058;;;ASH_COATED_OSMIUM;XIRECS;10015.0;3
273137;;;INTARIAN_PEPPER_ROOT;XIRECS;22278.0;5
273688;;;INTARIAN_PEPPER_ROOT;XIRECS;22281.0;5
276684;;;INTARIAN_PEPPER_ROOT;XIRECS;22283.0;3
277346;;;INTARIAN_PEPPER_ROOT;XIRECS;22282.0;4
278675;;;INTARIAN_PEPPER_ROOT;XIRECS;22273.0;4
280851;;;ASH_COATED_OSMIUM;XIRECS;10016.0;2
282254;;;INTARIAN_PEPPER_ROOT;XIRECS;22275.0;5
282656;;;INTARIAN_PEPPER_ROOT;XIRECS;22276.0;3
285509;;;ASH_COATED_OSMIUM;XIRECS;10011.0;7
291785;;;INTARIAN_PEPPER_ROOT;XIRECS;22286.0;4
296127;;;INTARIAN_PEPPER_ROOT;XIRECS;22293.0;7
296409;;;ASH_COATED_OSMIUM;XIRECS;9998.0;5
300328;;;ASH_COATED_OSMIUM;XIRECS;10019.0;3
300385;;;ASH_COATED_OSMIUM;XIRECS;10019.0;6
301156;;;ASH_COATED_OSMIUM;XIRECS;10001.0;4
302290;;;ASH_COATED_OSMIUM;XIRECS;10020.0;3
302924;;;INTARIAN_PEPPER_ROOT;XIRECS;22307.0;4
303410;;;ASH_COATED_OSMIUM;XIRECS;10006.0;4
303872;;;ASH_COATED_OSMIUM;XIRECS;10020.0;9
306309;;;ASH_COATED_OSMIUM;XIRECS;10000.0;2
307416;;;INTARIAN_PEPPER_ROOT;XIRECS;22305.0;6
307765;;;INTARIAN_PEPPER_ROOT;XIRECS;22301.0;3
309153;;;INTARIAN_PEPPER_ROOT;XIRECS;22314.0;6
309498;;;ASH_COATED_OSMIUM;XIRECS;9994.0;6
310455;;;ASH_COATED_OSMIUM;XIRECS;10009.0;2
312791;;;INTARIAN_PEPPER_ROOT;XIRECS;22306.0;4
315120;;;INTARIAN_PEPPER_ROOT;XIRECS;22286.0;4
315140;;;INTARIAN_PEPPER_ROOT;XIRECS;22286.0;8
315769;;;ASH_COATED_OSMIUM;XIRECS;9990.0;10
319717;;;ASH_COATED_OSMIUM;XIRECS;9992.0;6
320583;;;ASH_COATED_OSMIUM;XIRECS;10009.0;8
322054;;;INTARIAN_PEPPER_ROOT;XIRECS;22315.0;4
322281;;;INTARIAN_PEPPER_ROOT;XIRECS;22329.0;3
325170;;;INTARIAN_PEPPER_ROOT;XIRECS;22319.0;6
328279;;;ASH_COATED_OSMIUM;XIRECS;10001.0;6
331922;;;INTARIAN_PEPPER_ROOT;XIRECS;22324.0;7
333206;;;INTARIAN_PEPPER_ROOT;XIRECS;22342.0;7
335496;;;ASH_COATED_OSMIUM;XIRECS;10007.0;3
335505;;;INTARIAN_PEPPER_ROOT;XIRECS;22325.0;4
335522;;;INTARIAN_PEPPER_ROOT;XIRECS;22325.0;5
337196;;;ASH_COATED_OSMIUM;XIRECS;10008.0;9
337766;;;ASH_COATED_OSMIUM;XIRECS;10007.0;7
337862;;;INTARIAN_PEPPER_ROOT;XIRECS;22345.0;6
338082;;;INTARIAN_PEPPER_ROOT;XIRECS;22332.0;5
342942;;;ASH_COATED_OSMIUM;XIRECS;10015.0;5
345467;;;INTARIAN_PEPPER_ROOT;XIRECS;22352.0;7
345699;;;INTARIAN_PEPPER_ROOT;XIRECS;22355.0;6
346120;;;ASH_COATED_OSMIUM;XIRECS;9995.0;6
346615;;;ASH_COATED_OSMIUM;XIRECS;9996.0;3
348024;;;ASH_COATED_OSMIUM;XIRECS;9992.0;7
352120;;;INTARIAN_PEPPER_ROOT;XIRECS;22341.0;3
352887;;;ASH_COATED_OSMIUM;XIRECS;9994.0;4
354430;;;INTARIAN_PEPPER_ROOT;XIRECS;22346.0;4
355391;;;INTARIAN_PEPPER_ROOT;XIRECS;22363.0;7
357930;;;INTARIAN_PEPPER_ROOT;XIRECS;22353.0;5
359608;;;INTARIAN_PEPPER_ROOT;XIRECS;22371.0;7
360425;;;ASH_COATED_OSMIUM;XIRECS;10013.0;4
361063;;;INTARIAN_PEPPER_ROOT;XIRECS;22367.0;3
361793;;;INTARIAN_PEPPER_ROOT;XIRECS;22371.0;3
363352;;;INTARIAN_PEPPER_ROOT;XIRECS;22357.0;5
363571;;;ASH_COATED_OSMIUM;XIRECS;9995.0;9
366139;;;INTARIAN_PEPPER_ROOT;XIRECS;22370.0;6
367979;;;INTARIAN_PEPPER_ROOT;XIRECS;22374.0;8
368262;;;ASH_COATED_OSMIUM;XIRECS;10011.0;4
368977;;;ASH_COATED_OSMIUM;XIRECS;9990.0;3
369781;;;ASH_COATED_OSMIUM;XIRECS;10011.0;5
369949;;;ASH_COATED_OSMIUM;XIRECS;10011.0;8
371058;;;INTARIAN_PEPPER_ROOT;XIRECS;22368.0;6
371392;;;ASH_COATED_OSMIUM;XIRECS;10004.0;4
371613;;;INTARIAN_PEPPER_ROOT;XIRECS;22365.0;5
372257;;;ASH_COATED_OSMIUM;XIRECS;9989.0;3
372587;;;INTARIAN_PEPPER_ROOT;XIRECS;22382.0;6
372671;;;INTARIAN_PEPPER_ROOT;XIRECS;22375.0;6
373532;;;ASH_COATED_OSMIUM;XIRECS;10011.0;3
373558;;;INTARIAN_PEPPER_ROOT;XIRECS;22362.0;6
375075;;;ASH_COATED_OSMIUM;XIRECS;9995.0;4
377151;;;ASH_COATED_OSMIUM;XIRECS;10005.0;4
378040;;;ASH_COATED_OSMIUM;XIRECS;10003.0;9
378848;;;ASH_COATED_OSMIUM;XIRECS;10007.0;7
382673;;;INTARIAN_PEPPER_ROOT;XIRECS;22388.0;3
382677;;;ASH_COATED_OSMIUM;XIRECS;10011.0;9
382937;;;ASH_COATED_OSMIUM;XIRECS;9989.0;4
383350;;;ASH_COATED_OSMIUM;XIRECS;10006.0;3
383811;;;ASH_COATED_OSMIUM;XIRECS;9995.0;2
388608;;;INTARIAN_PEPPER_ROOT;XIRECS;22394.0;7
388709;;;INTARIAN_PEPPER_ROOT;XIRECS;22393.0;5
389685;;;INTARIAN_PEPPER_ROOT;XIRECS;22382.0;7
391233;;;INTARIAN_PEPPER_ROOT;XIRECS;22399.0;7
391753;;;INTARIAN_PEPPER_ROOT;XIRECS;22401.0;6
392538;;;INTARIAN_PEPPER_ROOT;XIRECS;22397.0;5
393651;;;ASH_COATED_OSMIUM;XIRECS;10007.0;8
394476;;;ASH_COATED_OSMIUM;XIRECS;9983.0;4
401181;;;ASH_COATED_OSMIUM;XIRECS;10014.0;4
402641;;;ASH_COATED_OSMIUM;XIRECS;10013.0;6
403492;;;INTARIAN_PEPPER_ROOT;XIRECS;22396.0;3
404656;;;ASH_COATED_OSMIUM;XIRECS;10004.0;5
405500;;;ASH_COATED_OSMIUM;XIRECS;9989.0;4
408019;;;ASH_COATED_OSMIUM;XIRECS;10004.0;2
408803;;;ASH_COATED_OSMIUM;XIRECS;9988.0;6
409941;;;ASH_COATED_OSMIUM;XIRECS;10004.0;10
412227;;;ASH_COATED_OSMIUM;XIRECS;10011.0;7
413008;;;ASH_COATED_OSMIUM;XIRECS;10004.0;2
413344;;;ASH_COATED_OSMIUM;XIRECS;10004.0;3
415566;;;INTARIAN_PEPPER_ROOT;XIRECS;22406.0;4
415854;;;INTARIAN_PEPPER_ROOT;XIRECS;22409.0;7
418417;;;ASH_COATED_OSMIUM;XIRECS;9989.0;4
418613;;;INTARIAN_PEPPER_ROOT;XIRECS;22424.0;7
419044;;;INTARIAN_PEPPER_ROOT;XIRECS;22424.0;3
420274;;;ASH_COATED_OSMIUM;XIRECS;10005.0;3
421582;;;INTARIAN_PEPPER_ROOT;XIRECS;22426.0;3
422754;;;INTARIAN_PEPPER_ROOT;XIRECS;22414.0;3
424721;;;INTARIAN_PEPPER_ROOT;XIRECS;22414.0;4
426708;;;INTARIAN_PEPPER_ROOT;XIRECS;22433.0;5
427167;;;INTARIAN_PEPPER_ROOT;XIRECS;22432.0;4
427520;;;INTARIAN_PEPPER_ROOT;XIRECS;22424.0;7
428209;;;INTARIAN_PEPPER_ROOT;XIRECS;22425.0;3
429131;;;ASH_COATED_OSMIUM;XIRECS;9983.0;10
429471;;;ASH_COATED_OSMIUM;XIRECS;9985.0;5
431480;;;ASH_COATED_OSMIUM;XIRECS;9989.0;5
432698;;;INTARIAN_PEPPER_ROOT;XIRECS;22426.0;6
433679;;;ASH_COATED_OSMIUM;XIRECS;9986.0;3
434164;;;INTARIAN_PEPPER_ROOT;XIRECS;22441.0;5
434746;;;ASH_COATED_OSMIUM;XIRECS;9984.0;6
435242;;;ASH_COATED_OSMIUM;XIRECS;10005.0;5
436026;;;INTARIAN_PEPPER_ROOT;XIRECS;22439.0;7
438091;;;ASH_COATED_OSMIUM;XIRECS;9984.0;5
438483;;;ASH_COATED_OSMIUM;XIRECS;9986.0;7
439520;;;ASH_COATED_OSMIUM;XIRECS;10003.0;4
441224;;;ASH_COATED_OSMIUM;XIRECS;10006.0;4
442112;;;ASH_COATED_OSMIUM;XIRECS;9984.0;3
443504;;;ASH_COATED_OSMIUM;XIRECS;10003.0;10
443511;;;INTARIAN_PEPPER_ROOT;XIRECS;22440.0;8
443703;;;ASH_COATED_OSMIUM;XIRECS;10008.0;6
444205;;;INTARIAN_PEPPER_ROOT;XIRECS;22450.0;8
445493;;;ASH_COATED_OSMIUM;XIRECS;10012.0;6
445578;;;INTARIAN_PEPPER_ROOT;XIRECS;22439.0;5
446736;;;INTARIAN_PEPPER_ROOT;XIRECS;22455.0;6
447884;;;INTARIAN_PEPPER_ROOT;XIRECS;22452.0;3
448143;;;INTARIAN_PEPPER_ROOT;XIRECS;22451.0;7
449567;;;ASH_COATED_OSMIUM;XIRECS;9996.0;2
449998;;;INTARIAN_PEPPER_ROOT;XIRECS;22458.0;6
451209;;;ASH_COATED_OSMIUM;XIRECS;9995.0;4
452298;;;ASH_COATED_OSMIUM;XIRECS;9989.0;3
455623;;;INTARIAN_PEPPER_ROOT;XIRECS;22462.0;5
457073;;;INTARIAN_PEPPER_ROOT;XIRECS;22463.0;6
458212;;;ASH_COATED_OSMIUM;XIRECS;10006.0;2
464165;;;INTARIAN_PEPPER_ROOT;XIRECS;22459.0;7
466040;;;ASH_COATED_OSMIUM;XIRECS;10005.0;3
469288;;;ASH_COATED_OSMIUM;XIRECS;9986.0;3
473924;;;ASH_COATED_OSMIUM;XIRECS;10007.0;2
476072;;;ASH_COATED_OSMIUM;XIRECS;10008.0;5
476285;;;INTARIAN_PEPPER_ROOT;XIRECS;22486.0;7
476769;;;ASH_COATED_OSMIUM;XIRECS;9998.0;5
477338;;;ASH_COATED_OSMIUM;XIRECS;9992.0;7
477826;;;INTARIAN_PEPPER_ROOT;XIRECS;22481.0;3
482942;;;INTARIAN_PEPPER_ROOT;XIRECS;22475.0;5
483025;;;INTARIAN_PEPPER_ROOT;XIRECS;22484.0;6
483553;;;ASH_COATED_OSMIUM;XIRECS;10016.0;4
484364;;;ASH_COATED_OSMIUM;XIRECS;10019.0;3
484486;;;ASH_COATED_OSMIUM;XIRECS;10001.0;2
486563;;;ASH_COATED_OSMIUM;XIRECS;10000.0;3
486992;;;ASH_COATED_OSMIUM;XIRECS;10006.0;4
487066;;;INTARIAN_PEPPER_ROOT;XIRECS;22481.0;5
488488;;;INTARIAN_PEPPER_ROOT;XIRECS;22494.0;7
489153;;;ASH_COATED_OSMIUM;XIRECS;10003.0;10
489186;;;ASH_COATED_OSMIUM;XIRECS;10003.0;4
489589;;;ASH_COATED_OSMIUM;XIRECS;9997.0;9
489895;;;ASH_COATED_OSMIUM;XIRECS;9999.0;3
490993;;;INTARIAN_PEPPER_ROOT;XIRECS;22486.0;4
493522;;;INTARIAN_PEPPER_ROOT;XIRECS;22494.0;4
493883;;;ASH_COATED_OSMIUM;XIRECS;10018.0;8
495281;;;INTARIAN_PEPPER_ROOT;XIRECS;22489.0;5
496028;;;INTARIAN_PEPPER_ROOT;XIRECS;22505.0;6
496868;;;ASH_COATED_OSMIUM;XIRECS;10003.0;6
499774;;;INTARIAN_PEPPER_ROOT;XIRECS;22509.0;3
501868;;;ASH_COATED_OSMIUM;XIRECS;10015.0;6
502756;;;INTARIAN_PEPPER_ROOT;XIRECS;22495.0;5
502876;;;INTARIAN_PEPPER_ROOT;XIRECS;22512.0;7
504284;;;INTARIAN_PEPPER_ROOT;XIRECS;22498.0;3
505588;;;INTARIAN_PEPPER_ROOT;XIRECS;22512.0;7
505730;;;ASH_COATED_OSMIUM;XIRECS;10012.0;3
506272;;;INTARIAN_PEPPER_ROOT;XIRECS;22512.0;6
508825;;;ASH_COATED_OSMIUM;XIRECS;9997.0;10
510138;;;ASH_COATED_OSMIUM;XIRECS;10012.0;7
511305;;;ASH_COATED_OSMIUM;XIRECS;10008.0;3
511440;;;INTARIAN_PEPPER_ROOT;XIRECS;22516.0;7
511983;;;ASH_COATED_OSMIUM;XIRECS;10010.0;10
515569;;;INTARIAN_PEPPER_ROOT;XIRECS;22507.0;3
520167;;;ASH_COATED_OSMIUM;XIRECS;10011.0;4
521041;;;ASH_COATED_OSMIUM;XIRECS;10018.0;6
521582;;;INTARIAN_PEPPER_ROOT;XIRECS;22511.0;4
521683;;;INTARIAN_PEPPER_ROOT;XIRECS;22511.0;8
521984;;;INTARIAN_PEPPER_ROOT;XIRECS;22529.0;5
523684;;;ASH_COATED_OSMIUM;XIRECS;9989.0;3
524031;;;INTARIAN_PEPPER_ROOT;XIRECS;22513.0;3
525871;;;ASH_COATED_OSMIUM;XIRECS;10009.0;5
528232;;;ASH_COATED_OSMIUM;XIRECS;10009.0;2
528303;;;ASH_COATED_OSMIUM;XIRECS;9999.0;7
529516;;;ASH_COATED_OSMIUM;XIRECS;10012.0;6
530784;;;INTARIAN_PEPPER_ROOT;XIRECS;22535.0;5
531137;;;ASH_COATED_OSMIUM;XIRECS;9994.0;6
531976;;;ASH_COATED_OSMIUM;XIRECS;10008.0;2
532182;;;ASH_COATED_OSMIUM;XIRECS;10008.0;6
534551;;;INTARIAN_PEPPER_ROOT;XIRECS;22526.0;6
536981;;;ASH_COATED_OSMIUM;XIRECS;9991.0;5
540285;;;INTARIAN_PEPPER_ROOT;XIRECS;22533.0;4
542745;;;ASH_COATED_OSMIUM;XIRECS;9987.0;6
543877;;;ASH_COATED_OSMIUM;XIRECS;9993.0;2
543963;;;ASH_COATED_OSMIUM;XIRECS;10004.0;6
544436;;;ASH_COATED_OSMIUM;XIRECS;10009.0;3
545352;;;INTARIAN_PEPPER_ROOT;XIRECS;22556.0;6
545368;;;INTARIAN_PEPPER_ROOT;XIRECS;22539.0;6
545559;;;ASH_COATED_OSMIUM;XIRECS;9987.0;5
546256;;;INTARIAN_PEPPER_ROOT;XIRECS;22550.0;4
547657;;;INTARIAN_PEPPER_ROOT;XIRECS;22553.0;6
548101;;;INTARIAN_PEPPER_ROOT;XIRECS;22545.0;7
548163;;;ASH_COATED_OSMIUM;XIRECS;10011.0;7
549746;;;ASH_COATED_OSMIUM;XIRECS;9988.0;5
552300;;;INTARIAN_PEPPER_ROOT;XIRECS;22557.0;5
553373;;;ASH_COATED_OSMIUM;XIRECS;10008.0;6
555515;;;INTARIAN_PEPPER_ROOT;XIRECS;22563.0;5
556878;;;ASH_COATED_OSMIUM;XIRECS;10017.0;8
557368;;;ASH_COATED_OSMIUM;XIRECS;9992.0;4
559371;;;INTARIAN_PEPPER_ROOT;XIRECS;22551.0;8
561885;;;INTARIAN_PEPPER_ROOT;XIRECS;22554.0;4
561907;;;ASH_COATED_OSMIUM;XIRECS;9996.0;3
562441;;;ASH_COATED_OSMIUM;XIRECS;9991.0;8
563594;;;INTARIAN_PEPPER_ROOT;XIRECS;22557.0;7
565325;;;ASH_COATED_OSMIUM;XIRECS;9994.0;8
569210;;;INTARIAN_PEPPER_ROOT;XIRECS;22568.0;3
569599;;;ASH_COATED_OSMIUM;XIRECS;9995.0;6
571721;;;INTARIAN_PEPPER_ROOT;XIRECS;22567.0;3
572818;;;INTARIAN_PEPPER_ROOT;XIRECS;22579.0;3
572970;;;ASH_COATED_OSMIUM;XIRECS;9987.0;3
579074;;;ASH_COATED_OSMIUM;XIRECS;9995.0;5
580682;;;INTARIAN_PEPPER_ROOT;XIRECS;22575.0;7
585804;;;ASH_COATED_OSMIUM;XIRECS;9994.0;6
586440;;;INTARIAN_PEPPER_ROOT;XIRECS;22575.0;6
586446;;;ASH_COATED_OSMIUM;XIRECS;9990.0;4
587211;;;ASH_COATED_OSMIUM;XIRECS;10009.0;8
589137;;;INTARIAN_PEPPER_ROOT;XIRECS;22581.0;6
592897;;;INTARIAN_PEPPER_ROOT;XIRECS;22586.0;5
593676;;;ASH_COATED_OSMIUM;XIRECS;9985.0;8
594593;;;INTARIAN_PEPPER_ROOT;XIRECS;22591.0;7
600697;;;INTARIAN_PEPPER_ROOT;XIRECS;22607.0;6
604172;;;ASH_COATED_OSMIUM;XIRECS;9988.0;3
609466;;;INTARIAN_PEPPER_ROOT;XIRECS;22607.0;4
609879;;;ASH_COATED_OSMIUM;XIRECS;9989.0;2
610880;;;INTARIAN_PEPPER_ROOT;XIRECS;22620.0;3
612990;;;ASH_COATED_OSMIUM;XIRECS;9987.0;5
614475;;;INTARIAN_PEPPER_ROOT;XIRECS;22619.0;4
614544;;;ASH_COATED_OSMIUM;XIRECS;10005.0;4
618386;;;ASH_COATED_OSMIUM;XIRECS;9981.0;6
621017;;;INTARIAN_PEPPER_ROOT;XIRECS;22615.0;7
621334;;;ASH_COATED_OSMIUM;XIRECS;9999.0;3
621776;;;ASH_COATED_OSMIUM;XIRECS;10000.0;5
625078;;;ASH_COATED_OSMIUM;XIRECS;9999.0;4
625358;;;ASH_COATED_OSMIUM;XIRECS;10005.0;2
625466;;;INTARIAN_PEPPER_ROOT;XIRECS;22634.0;7
627560;;;ASH_COATED_OSMIUM;XIRECS;9986.0;5
628402;;;ASH_COATED_OSMIUM;XIRECS;9991.0;9
629757;;;ASH_COATED_OSMIUM;XIRECS;9990.0;3
631154;;;INTARIAN_PEPPER_ROOT;XIRECS;22624.0;3
631824;;;INTARIAN_PEPPER_ROOT;XIRECS;22622.0;4
634748;;;ASH_COATED_OSMIUM;XIRECS;10004.0;5
635387;;;INTARIAN_PEPPER_ROOT;XIRECS;22627.0;4
636040;;;INTARIAN_PEPPER_ROOT;XIRECS;22639.0;4
638578;;;ASH_COATED_OSMIUM;XIRECS;9986.0;6
638885;;;ASH_COATED_OSMIUM;XIRECS;10003.0;7
639412;;;ASH_COATED_OSMIUM;XIRECS;10003.0;10
640962;;;ASH_COATED_OSMIUM;XIRECS;9987.0;3
642255;;;ASH_COATED_OSMIUM;XIRECS;9987.0;6
642672;;;ASH_COATED_OSMIUM;XIRECS;9992.0;7
642742;;;INTARIAN_PEPPER_ROOT;XIRECS;22650.0;4
643789;;;ASH_COATED_OSMIUM;XIRECS;9988.0;5
646015;;;INTARIAN_PEPPER_ROOT;XIRECS;22655.0;6
647466;;;INTARIAN_PEPPER_ROOT;XIRECS;22640.0;5
647770;;;INTARIAN_PEPPER_ROOT;XIRECS;22651.0;3
648095;;;INTARIAN_PEPPER_ROOT;XIRECS;22656.0;5
648876;;;ASH_COATED_OSMIUM;XIRECS;10010.0;9
649501;;;ASH_COATED_OSMIUM;XIRECS;9994.0;6
649920;;;INTARIAN_PEPPER_ROOT;XIRECS;22645.0;6
650481;;;ASH_COATED_OSMIUM;XIRECS;9995.0;9
650660;;;INTARIAN_PEPPER_ROOT;XIRECS;22655.0;3
652231;;;ASH_COATED_OSMIUM;XIRECS;9995.0;6
653616;;;INTARIAN_PEPPER_ROOT;XIRECS;22647.0;3
654791;;;ASH_COATED_OSMIUM;XIRECS;10014.0;5
656979;;;INTARIAN_PEPPER_ROOT;XIRECS;22665.0;6
657612;;;ASH_COATED_OSMIUM;XIRECS;9998.0;6
658010;;;ASH_COATED_OSMIUM;XIRECS;10000.0;3
659366;;;ASH_COATED_OSMIUM;XIRECS;10009.0;2
660287;;;INTARIAN_PEPPER_ROOT;XIRECS;22668.0;3
660619;;;ASH_COATED_OSMIUM;XIRECS;10010.0;6
661821;;;INTARIAN_PEPPER_ROOT;XIRECS;22655.0;4
661836;;;INTARIAN_PEPPER_ROOT;XIRECS;22668.0;3
661950;;;ASH_COATED_OSMIUM;XIRECS;10003.0;2
662314;;;INTARIAN_PEPPER_ROOT;XIRECS;22655.0;4
664431;;;ASH_COATED_OSMIUM;XIRECS;10012.0;6
664437;;;ASH_COATED_OSMIUM;XIRECS;10012.0;3
667246;;;INTARIAN_PEPPER_ROOT;XIRECS;22661.0;4
668186;;;INTARIAN_PEPPER_ROOT;XIRECS;22660.0;7
670888;;;INTARIAN_PEPPER_ROOT;XIRECS;22668.0;3
671995;;;INTARIAN_PEPPER_ROOT;XIRECS;22661.0;7
675222;;;ASH_COATED_OSMIUM;XIRECS;10000.0;3
675276;;;INTARIAN_PEPPER_ROOT;XIRECS;22665.0;3
676059;;;ASH_COATED_OSMIUM;XIRECS;9996.0;4
677508;;;INTARIAN_PEPPER_ROOT;XIRECS;22674.0;5
679373;;;INTARIAN_PEPPER_ROOT;XIRECS;22673.0;5
679625;;;INTARIAN_PEPPER_ROOT;XIRECS;22674.0;3
680572;;;ASH_COATED_OSMIUM;XIRECS;10002.0;5
681393;;;INTARIAN_PEPPER_ROOT;XIRECS;22673.0;5
684703;;;ASH_COATED_OSMIUM;XIRECS;10018.0;2
686363;;;ASH_COATED_OSMIUM;XIRECS;10016.0;8
687734;;;INTARIAN_PEPPER_ROOT;XIRECS;22692.0;6
690345;;;ASH_COATED_OSMIUM;XIRECS;9997.0;8
690465;;;ASH_COATED_OSMIUM;XIRECS;10003.0;6
690843;;;INTARIAN_PEPPER_ROOT;XIRECS;22696.0;6
692233;;;INTARIAN_PEPPER_ROOT;XIRECS;22683.0;5
694906;;;INTARIAN_PEPPER_ROOT;XIRECS;22688.0;6
695036;;;ASH_COATED_OSMIUM;XIRECS;10015.0;3
696296;;;ASH_COATED_OSMIUM;XIRECS;10021.0;7
696911;;;ASH_COATED_OSMIUM;XIRECS;10021.0;5
697046;;;ASH_COATED_OSMIUM;XIRECS;10014.0;3
698630;;;ASH_COATED_OSMIUM;XIRECS;10000.0;5
699331;;;INTARIAN_PEPPER_ROOT;XIRECS;22692.0;5
699423;;;ASH_COATED_OSMIUM;XIRECS;9997.0;5
699861;;;ASH_COATED_OSMIUM;XIRECS;10009.0;6
701875;;;INTARIAN_PEPPER_ROOT;XIRECS;22694.0;4
702383;;;INTARIAN_PEPPER_ROOT;XIRECS;22694.0;6
702834;;;INTARIAN_PEPPER_ROOT;XIRECS;22708.0;7
703687;;;ASH_COATED_OSMIUM;XIRECS;9993.0;6
708523;;;INTARIAN_PEPPER_ROOT;XIRECS;22713.0;7
708704;;;INTARIAN_PEPPER_ROOT;XIRECS;22707.0;6
710426;;;INTARIAN_PEPPER_ROOT;XIRECS;22714.0;3
711207;;;INTARIAN_PEPPER_ROOT;XIRECS;22713.0;4
712564;;;ASH_COATED_OSMIUM;XIRECS;10005.0;5
713000;;;ASH_COATED_OSMIUM;XIRECS;10005.0;3
713069;;;ASH_COATED_OSMIUM;XIRECS;10005.0;6
713846;;;ASH_COATED_OSMIUM;XIRECS;9988.0;5
716120;;;INTARIAN_PEPPER_ROOT;XIRECS;22721.0;6
717756;;;ASH_COATED_OSMIUM;XIRECS;9997.0;9
718898;;;ASH_COATED_OSMIUM;XIRECS;9997.0;6
720048;;;ASH_COATED_OSMIUM;XIRECS;9995.0;3
720969;;;INTARIAN_PEPPER_ROOT;XIRECS;22715.0;3
721029;;;INTARIAN_PEPPER_ROOT;XIRECS;22729.0;7
721227;;;ASH_COATED_OSMIUM;XIRECS;10004.0;4
721246;;;INTARIAN_PEPPER_ROOT;XIRECS;22715.0;7
722256;;;ASH_COATED_OSMIUM;XIRECS;9983.0;2
722479;;;INTARIAN_PEPPER_ROOT;XIRECS;22727.0;4
723853;;;ASH_COATED_OSMIUM;XIRECS;9985.0;5
724999;;;ASH_COATED_OSMIUM;XIRECS;9996.0;3
726227;;;ASH_COATED_OSMIUM;XIRECS;9999.0;9
728394;;;ASH_COATED_OSMIUM;XIRECS;10005.0;10
728840;;;ASH_COATED_OSMIUM;XIRECS;10005.0;4
730189;;;INTARIAN_PEPPER_ROOT;XIRECS;22734.0;6
730230;;;ASH_COATED_OSMIUM;XIRECS;9989.0;2
730478;;;ASH_COATED_OSMIUM;XIRECS;9989.0;6
731057;;;ASH_COATED_OSMIUM;XIRECS;10000.0;5
731169;;;INTARIAN_PEPPER_ROOT;XIRECS;22726.0;6
732366;;;ASH_COATED_OSMIUM;XIRECS;9998.0;9
732521;;;INTARIAN_PEPPER_ROOT;XIRECS;22724.0;7
734110;;;ASH_COATED_OSMIUM;XIRECS;9980.0;3
734455;;;INTARIAN_PEPPER_ROOT;XIRECS;22739.0;3
735103;;;INTARIAN_PEPPER_ROOT;XIRECS;22731.0;3
735123;;;ASH_COATED_OSMIUM;XIRECS;9998.0;5
738762;;;ASH_COATED_OSMIUM;XIRECS;9983.0;9
739437;;;ASH_COATED_OSMIUM;XIRECS;10005.0;10
741062;;;ASH_COATED_OSMIUM;XIRECS;9985.0;7
742051;;;INTARIAN_PEPPER_ROOT;XIRECS;22732.0;5
742183;;;ASH_COATED_OSMIUM;XIRECS;9989.0;9
743096;;;ASH_COATED_OSMIUM;XIRECS;10006.0;6
745052;;;INTARIAN_PEPPER_ROOT;XIRECS;22755.0;6
745306;;;ASH_COATED_OSMIUM;XIRECS;9990.0;6
745505;;;INTARIAN_PEPPER_ROOT;XIRECS;22740.0;7
745643;;;INTARIAN_PEPPER_ROOT;XIRECS;22754.0;6
746517;;;INTARIAN_PEPPER_ROOT;XIRECS;22753.0;6
747839;;;INTARIAN_PEPPER_ROOT;XIRECS;22755.0;3
749298;;;INTARIAN_PEPPER_ROOT;XIRECS;22743.0;4
749590;;;INTARIAN_PEPPER_ROOT;XIRECS;22755.0;6
750725;;;INTARIAN_PEPPER_ROOT;XIRECS;22743.0;7
751999;;;ASH_COATED_OSMIUM;XIRECS;10008.0;2
753951;;;INTARIAN_PEPPER_ROOT;XIRECS;22749.0;5
754603;;;ASH_COATED_OSMIUM;XIRECS;10007.0;8
755125;;;INTARIAN_PEPPER_ROOT;XIRECS;22761.0;7
757416;;;ASH_COATED_OSMIUM;XIRECS;9986.0;5
759736;;;INTARIAN_PEPPER_ROOT;XIRECS;22751.0;3
765002;;;ASH_COATED_OSMIUM;XIRECS;10008.0;6
766864;;;ASH_COATED_OSMIUM;XIRECS;10006.0;3
770543;;;ASH_COATED_OSMIUM;XIRECS;9983.0;4
773079;;;ASH_COATED_OSMIUM;XIRECS;9990.0;6
774219;;;ASH_COATED_OSMIUM;XIRECS;10004.0;4
774638;;;ASH_COATED_OSMIUM;XIRECS;10000.0;5
776086;;;INTARIAN_PEPPER_ROOT;XIRECS;22781.0;5
776339;;;INTARIAN_PEPPER_ROOT;XIRECS;22786.0;4
778001;;;ASH_COATED_OSMIUM;XIRECS;9995.0;9
778832;;;INTARIAN_PEPPER_ROOT;XIRECS;22784.0;7
778972;;;ASH_COATED_OSMIUM;XIRECS;10010.0;10
780583;;;INTARIAN_PEPPER_ROOT;XIRECS;22785.0;7
781180;;;ASH_COATED_OSMIUM;XIRECS;10004.0;6
782477;;;ASH_COATED_OSMIUM;XIRECS;9986.0;6
782730;;;ASH_COATED_OSMIUM;XIRECS;10007.0;10
783206;;;ASH_COATED_OSMIUM;XIRECS;9991.0;7
783528;;;ASH_COATED_OSMIUM;XIRECS;10007.0;4
783576;;;ASH_COATED_OSMIUM;XIRECS;9991.0;4
783902;;;ASH_COATED_OSMIUM;XIRECS;9986.0;5
784579;;;INTARIAN_PEPPER_ROOT;XIRECS;22790.0;4
785734;;;INTARIAN_PEPPER_ROOT;XIRECS;22793.0;3
786248;;;ASH_COATED_OSMIUM;XIRECS;9982.0;6
789583;;;ASH_COATED_OSMIUM;XIRECS;10003.0;6
789785;;;INTARIAN_PEPPER_ROOT;XIRECS;22799.0;7
790576;;;ASH_COATED_OSMIUM;XIRECS;9985.0;3
790929;;;ASH_COATED_OSMIUM;XIRECS;10002.0;5
791803;;;ASH_COATED_OSMIUM;XIRECS;10003.0;3
792586;;;ASH_COATED_OSMIUM;XIRECS;9990.0;9
792732;;;INTARIAN_PEPPER_ROOT;XIRECS;22788.0;5
793644;;;ASH_COATED_OSMIUM;XIRECS;10004.0;7
795209;;;ASH_COATED_OSMIUM;XIRECS;9988.0;9
795748;;;ASH_COATED_OSMIUM;XIRECS;9988.0;7
796718;;;ASH_COATED_OSMIUM;XIRECS;9985.0;6
801579;;;INTARIAN_PEPPER_ROOT;XIRECS;22795.0;5
803270;;;ASH_COATED_OSMIUM;XIRECS;9988.0;3
804204;;;ASH_COATED_OSMIUM;XIRECS;10008.0;3
805207;;;ASH_COATED_OSMIUM;XIRECS;10009.0;8
809347;;;ASH_COATED_OSMIUM;XIRECS;10006.0;3
810354;;;INTARIAN_PEPPER_ROOT;XIRECS;22818.0;5
811280;;;ASH_COATED_OSMIUM;XIRECS;9996.0;3
811447;;;INTARIAN_PEPPER_ROOT;XIRECS;22821.0;5
812068;;;ASH_COATED_OSMIUM;XIRECS;10007.0;3
812073;;;ASH_COATED_OSMIUM;XIRECS;10007.0;4
815160;;;INTARIAN_PEPPER_ROOT;XIRECS;22805.0;5
815392;;;ASH_COATED_OSMIUM;XIRECS;10003.0;6
815398;;;INTARIAN_PEPPER_ROOT;XIRECS;22808.0;6
816115;;;ASH_COATED_OSMIUM;XIRECS;9987.0;5
816527;;;ASH_COATED_OSMIUM;XIRECS;10004.0;4
817371;;;ASH_COATED_OSMIUM;XIRECS;10004.0;3
817523;;;INTARIAN_PEPPER_ROOT;XIRECS;22808.0;3
818117;;;ASH_COATED_OSMIUM;XIRECS;9987.0;3
818939;;;ASH_COATED_OSMIUM;XIRECS;9985.0;8
819899;;;INTARIAN_PEPPER_ROOT;XIRECS;22814.0;3
821892;;;INTARIAN_PEPPER_ROOT;XIRECS;22815.0;6
822144;;;INTARIAN_PEPPER_ROOT;XIRECS;22811.0;5
825428;;;INTARIAN_PEPPER_ROOT;XIRECS;22826.0;3
825909;;;ASH_COATED_OSMIUM;XIRECS;9988.0;7
825935;;;INTARIAN_PEPPER_ROOT;XIRECS;22836.0;3
827513;;;INTARIAN_PEPPER_ROOT;XIRECS;22834.0;5
828123;;;ASH_COATED_OSMIUM;XIRECS;10005.0;3
828527;;;ASH_COATED_OSMIUM;XIRECS;9983.0;5
828868;;;ASH_COATED_OSMIUM;XIRECS;9999.0;2
829465;;;ASH_COATED_OSMIUM;XIRECS;9986.0;6
829503;;;ASH_COATED_OSMIUM;XIRECS;9998.0;4
835404;;;INTARIAN_PEPPER_ROOT;XIRECS;22837.0;4
835648;;;INTARIAN_PEPPER_ROOT;XIRECS;22825.0;4
836016;;;ASH_COATED_OSMIUM;XIRECS;9999.0;8
837056;;;ASH_COATED_OSMIUM;XIRECS;10004.0;8
838044;;;INTARIAN_PEPPER_ROOT;XIRECS;22843.0;5
838253;;;ASH_COATED_OSMIUM;XIRECS;10005.0;9
839545;;;ASH_COATED_OSMIUM;XIRECS;10001.0;9
839957;;;INTARIAN_PEPPER_ROOT;XIRECS;22832.0;5
840444;;;ASH_COATED_OSMIUM;XIRECS;9982.0;5
841623;;;INTARIAN_PEPPER_ROOT;XIRECS;22835.0;7
842844;;;ASH_COATED_OSMIUM;XIRECS;10003.0;4
843339;;;ASH_COATED_OSMIUM;XIRECS;9998.0;7
845357;;;INTARIAN_PEPPER_ROOT;XIRECS;22841.0;3
846351;;;ASH_COATED_OSMIUM;XIRECS;9983.0;4
848870;;;ASH_COATED_OSMIUM;XIRECS;9981.0;10
852249;;;INTARIAN_PEPPER_ROOT;XIRECS;22842.0;7
856586;;;INTARIAN_PEPPER_ROOT;XIRECS;22863.0;7
856625;;;INTARIAN_PEPPER_ROOT;XIRECS;22851.0;7
858283;;;ASH_COATED_OSMIUM;XIRECS;9993.0;10
858650;;;ASH_COATED_OSMIUM;XIRECS;9994.0;10
860983;;;ASH_COATED_OSMIUM;XIRECS;9993.0;9
863379;;;ASH_COATED_OSMIUM;XIRECS;9995.0;8
866057;;;ASH_COATED_OSMIUM;XIRECS;10012.0;8
867684;;;INTARIAN_PEPPER_ROOT;XIRECS;22856.0;6
868207;;;ASH_COATED_OSMIUM;XIRECS;10012.0;2
869764;;;ASH_COATED_OSMIUM;XIRECS;9995.0;5
869765;;;ASH_COATED_OSMIUM;XIRECS;10013.0;4
869857;;;INTARIAN_PEPPER_ROOT;XIRECS;22881.0;5
871519;;;INTARIAN_PEPPER_ROOT;XIRECS;22869.0;3
874498;;;INTARIAN_PEPPER_ROOT;XIRECS;22873.0;7
874980;;;INTARIAN_PEPPER_ROOT;XIRECS;22887.0;7
875063;;;ASH_COATED_OSMIUM;XIRECS;10005.0;5
875799;;;INTARIAN_PEPPER_ROOT;XIRECS;22877.0;7
876097;;;ASH_COATED_OSMIUM;XIRECS;10011.0;6
876744;;;INTARIAN_PEPPER_ROOT;XIRECS;22871.0;4
876993;;;INTARIAN_PEPPER_ROOT;XIRECS;22870.0;6
878398;;;INTARIAN_PEPPER_ROOT;XIRECS;22886.0;4
878934;;;INTARIAN_PEPPER_ROOT;XIRECS;22874.0;6
882647;;;ASH_COATED_OSMIUM;XIRECS;9989.0;7
883657;;;ASH_COATED_OSMIUM;XIRECS;10004.0;4
884222;;;ASH_COATED_OSMIUM;XIRECS;9988.0;4
884507;;;ASH_COATED_OSMIUM;XIRECS;9995.0;2
884766;;;ASH_COATED_OSMIUM;XIRECS;9998.0;2
885744;;;ASH_COATED_OSMIUM;XIRECS;9996.0;4
885978;;;INTARIAN_PEPPER_ROOT;XIRECS;22881.0;6
886134;;;ASH_COATED_OSMIUM;XIRECS;9991.0;9
887034;;;ASH_COATED_OSMIUM;XIRECS;9995.0;6
887259;;;INTARIAN_PEPPER_ROOT;XIRECS;22888.0;4
890401;;;ASH_COATED_OSMIUM;XIRECS;9989.0;2
890481;;;ASH_COATED_OSMIUM;XIRECS;10005.0;6
890481;;;INTARIAN_PEPPER_ROOT;XIRECS;22896.0;7
892103;;;INTARIAN_PEPPER_ROOT;XIRECS;22884.0;4
892140;;;INTARIAN_PEPPER_ROOT;XIRECS;22884.0;7
892198;;;ASH_COATED_OSMIUM;XIRECS;10007.0;6
894794;;;INTARIAN_PEPPER_ROOT;XIRECS;22900.0;3
895160;;;INTARIAN_PEPPER_ROOT;XIRECS;22904.0;3
898136;;;ASH_COATED_OSMIUM;XIRECS;9992.0;3
899215;;;ASH_COATED_OSMIUM;XIRECS;9985.0;5
900382;;;ASH_COATED_OSMIUM;XIRECS;9993.0;2
902065;;;INTARIAN_PEPPER_ROOT;XIRECS;22910.0;5
902174;;;INTARIAN_PEPPER_ROOT;XIRECS;22911.0;7
902574;;;ASH_COATED_OSMIUM;XIRECS;10011.0;6
903253;;;INTARIAN_PEPPER_ROOT;XIRECS;22912.0;3
903710;;;ASH_COATED_OSMIUM;XIRECS;10005.0;4
908140;;;ASH_COATED_OSMIUM;XIRECS;9994.0;6
909397;;;INTARIAN_PEPPER_ROOT;XIRECS;22915.0;4
911032;;;ASH_COATED_OSMIUM;XIRECS;10001.0;8
911605;;;ASH_COATED_OSMIUM;XIRECS;10008.0;8
912489;;;ASH_COATED_OSMIUM;XIRECS;10004.0;3
912789;;;ASH_COATED_OSMIUM;XIRECS;10006.0;3
914589;;;ASH_COATED_OSMIUM;XIRECS;9990.0;5
914867;;;INTARIAN_PEPPER_ROOT;XIRECS;22921.0;6
916790;;;ASH_COATED_OSMIUM;XIRECS;10009.0;3
917294;;;INTARIAN_PEPPER_ROOT;XIRECS;22908.0;3
918541;;;INTARIAN_PEPPER_ROOT;XIRECS;22926.0;3
921316;;;ASH_COATED_OSMIUM;XIRECS;9990.0;6
921555;;;INTARIAN_PEPPER_ROOT;XIRECS;22928.0;4
923091;;;INTARIAN_PEPPER_ROOT;XIRECS;22931.0;7
927405;;;ASH_COATED_OSMIUM;XIRECS;10008.0;5
928145;;;ASH_COATED_OSMIUM;XIRECS;10001.0;2
928185;;;INTARIAN_PEPPER_ROOT;XIRECS;22921.0;6
930728;;;INTARIAN_PEPPER_ROOT;XIRECS;22940.0;3
931005;;;ASH_COATED_OSMIUM;XIRECS;9988.0;5
931061;;;INTARIAN_PEPPER_ROOT;XIRECS;22936.0;5
932221;;;INTARIAN_PEPPER_ROOT;XIRECS;22938.0;6
935994;;;INTARIAN_PEPPER_ROOT;XIRECS;22927.0;7
937080;;;ASH_COATED_OSMIUM;XIRECS;9991.0;4
939100;;;ASH_COATED_OSMIUM;XIRECS;9983.0;5
941137;;;ASH_COATED_OSMIUM;XIRECS;10001.0;4
944235;;;ASH_COATED_OSMIUM;XIRECS;10003.0;5
946373;;;ASH_COATED_OSMIUM;XIRECS;9986.0;8
946818;;;INTARIAN_PEPPER_ROOT;XIRECS;22947.0;5
946921;;;ASH_COATED_OSMIUM;XIRECS;10008.0;3
947404;;;ASH_COATED_OSMIUM;XIRECS;9992.0;3
950179;;;ASH_COATED_OSMIUM;XIRECS;9990.0;3
950957;;;ASH_COATED_OSMIUM;XIRECS;10007.0;10
951059;;;INTARIAN_PEPPER_ROOT;XIRECS;22941.0;4
952141;;;ASH_COATED_OSMIUM;XIRECS;9993.0;6
953319;;;INTARIAN_PEPPER_ROOT;XIRECS;22960.0;6
953844;;;ASH_COATED_OSMIUM;XIRECS;9989.0;5
958977;;;ASH_COATED_OSMIUM;XIRECS;10005.0;6
960581;;;ASH_COATED_OSMIUM;XIRECS;9990.0;5
965108;;;ASH_COATED_OSMIUM;XIRECS;9990.0;3
966237;;;INTARIAN_PEPPER_ROOT;XIRECS;22972.0;6
966405;;;ASH_COATED_OSMIUM;XIRECS;9988.0;3
968413;;;ASH_COATED_OSMIUM;XIRECS;10002.0;6
969106;;;INTARIAN_PEPPER_ROOT;XIRECS;22976.0;5
969128;;;INTARIAN_PEPPER_ROOT;XIRECS;22976.0;3
969667;;;ASH_COATED_OSMIUM;XIRECS;9987.0;4
973736;;;ASH_COATED_OSMIUM;XIRECS;10002.0;3
974456;;;ASH_COATED_OSMIUM;XIRECS;9992.0;8
975148;;;INTARIAN_PEPPER_ROOT;XIRECS;22982.0;3
975252;;;INTARIAN_PEPPER_ROOT;XIRECS;22971.0;6
984134;;;ASH_COATED_OSMIUM;XIRECS;9990.0;3
984322;;;INTARIAN_PEPPER_ROOT;XIRECS;22974.0;6
986512;;;ASH_COATED_OSMIUM;XIRECS;9989.0;4
987928;;;ASH_COATED_OSMIUM;XIRECS;10007.0;7
988859;;;ASH_COATED_OSMIUM;XIRECS;10007.0;3
990803;;;ASH_COATED_OSMIUM;XIRECS;10014.0;2
990860;;;INTARIAN_PEPPER_ROOT;XIRECS;22982.0;7
991119;;;INTARIAN_PEPPER_ROOT;XIRECS;22981.0;3
992679;;;ASH_COATED_OSMIUM;XIRECS;10008.0;4
994038;;;ASH_COATED_OSMIUM;XIRECS;9997.0;3
996816;;;ASH_COATED_OSMIUM;XIRECS;10009.0;3
997107;;;ASH_COATED_OSMIUM;XIRECS;10011.0;5
997380;;;ASH_COATED_OSMIUM;XIRECS;10009.0;3
997580;;;INTARIAN_PEPPER_ROOT;XIRECS;22992.0;6
999783;;;INTARIAN_PEPPER_ROOT;XIRECS;23007.0;3