timestamp;buyer;seller;symbol;currency;price;quantity
154;;;ASH_COATED_OSMIUM;XIRECS;10008.0;7
1283;;;ASH_COATED_OSMIUM;XIRECS;10001.0;3
1363;;;ASH_COATED_OSMIUM;XIRECS;9981.0;9
1898;;;ASH_COATED_OSMIUM;XIRECS;9988.0;4
2306;;;ASH_COATED_OSMIUM;XIRECS;9993.0;7
2425;;;ASH_COATED_OSMIUM;XIRECS;9996.0;6
4069;;;INTARIAN_PEPPER_ROOT;XIRECS;42997.0;5
5162;;;INTARIAN_PEPPER_ROOT;XIRECS;43011.0;6
6859;;;ASH_COATED_OSMIUM;XIRECS;10017.0;6
8227;;;INTARIAN_PEPPER_ROOT;XIRECS;43001.0;4
10669;;;ASH_COATED_OSMIUM;XIRECS;10011.0;3
10845;;;INTARIAN_PEPPER_ROOT;XIRECS;43013.0;3
11882;;;ASH_COATED_OSMIUM;XIRECS;9994.0;2
14933;;;ASH_COATED_OSMIUM;XIRECS;9985.0;2
15002;;;ASH_COATED_OSMIUM;XIRECS;9990.0;8
18141;;;INTARIAN_PEPPER_ROOT;XIRECS;43026.0;7
21345;;;ASH_COATED_OSMIUM;XIRECS;10012.0;7
22019;;;ASH_COATED_OSMIUM;XIRECS;9992.0;9
22525;;;INTARIAN_PEPPER_ROOT;XIRECS;43032.0;7
23380;;;ASH_COATED_OSMIUM;XIRECS;10005.0;6
23992;;;ASH_COATED_OSMIUM;XIRECS;9997.0;7
24476;;;ASH_COATED_OSMIUM;XIRECS;9995.0;5
32394;;;INTARIAN_PEPPER_ROOT;XIRECS;43028.0;4
34197;;;INTARIAN_PEPPER_ROOT;XIRECS;43025.0;3
34621;;;ASH_COATED_OSMIUM;XIRECS;10002.0;2
36165;;;ASH_COATED_OSMIUM;XIRECS;10003.0;8
40070;;;INTARIAN_PEPPER_ROOT;XIRECS;43048.0;5
42989;;;ASH_COATED_OSMIUM;XIRECS;9992.0;6
43248;;;ASH_COATED_OSMIUM;XIRECS;10012.0;2
43276;;;INTARIAN_PEPPER_ROOT;XIRECS;43048.0;6
44810;;;INTARIAN_PEPPER_ROOT;XIRECS;43036.0;5
45482;;;INTARIAN_PEPPER_ROOT;XIRECS;43038.0;3
45715;;;ASH_COATED_OSMIUM;XIRECS;10004.0;5
47139;;;INTARIAN_PEPPER_ROOT;XIRECS;43051.0;3
48333;;;INTARIAN_PEPPER_ROOT;XIRECS;43054.0;5
49852;;;ASH_COATED_OSMIUM;XIRECS;10011.0;5
51047;;;INTARIAN_PEPPER_ROOT;XIRECS;43042.0;3
52259;;;ASH_COATED_OSMIUM;XIRECS;9984.0;8
52670;;;INTARIAN_PEPPER_ROOT;XIRECS;43048.0;7
53915;;;INTARIAN_PEPPER_ROOT;XIRECS;43048.0;7
54451;;;ASH_COATED_OSMIUM;XIRECS;10006.0;5
56893;;;ASH_COATED_OSMIUM;XIRECS;9983.0;8
57442;;;INTARIAN_PEPPER_ROOT;XIRECS;43051.0;3
58217;;;ASH_COATED_OSMIUM;XIRECS;9995.0;2
58702;;;INTARIAN_PEPPER_ROOT;XIRECS;43063.0;6
59107;;;ASH_COATED_OSMIUM;XIRECS;9986.0;2
60666;;;ASH_COATED_OSMIUM;XIRECS;9992.0;10
61251;;;INTARIAN_PEPPER_ROOT;XIRECS;43056.0;7
61504;;;ASH_COATED_OSMIUM;XIRECS;9990.0;3
61894;;;INTARIAN_PEPPER_ROOT;XIRECS;43054.0;5
66739;;;ASH_COATED_OSMIUM;XIRECS;9998.0;4
67374;;;ASH_COATED_OSMIUM;XIRECS;9993.0;5
67568;;;INTARIAN_PEPPER_ROOT;XIRECS;43058.0;3
68121;;;ASH_COATED_OSMIUM;XIRECS;10010.0;4
69296;;;INTARIAN_PEPPER_ROOT;XIRECS;43077.0;4
69661;;;INTARIAN_PEPPER_ROOT;XIRECS;43074.0;4
70950;;;ASH_COATED_OSMIUM;XIRECS;10006.0;4
70954;;;ASH_COATED_OSMIUM;XIRECS;10006.0;7
71010;;;ASH_COATED_OSMIUM;XIRECS;10006.0;5
71155;;;INTARIAN_PEPPER_ROOT;XIRECS;43065.0;6
71235;;;INTARIAN_PEPPER_ROOT;XIRECS;43079.0;7
72487;;;ASH_COATED_OSMIUM;XIRECS;10015.0;9
74651;;;ASH_COATED_OSMIUM;XIRECS;10012.0;4
76383;;;ASH_COATED_OSMIUM;XIRECS;10008.0;6
79670;;;INTARIAN_PEPPER_ROOT;XIRECS;43072.0;3
79733;;;ASH_COATED_OSMIUM;XIRECS;9992.0;5
80195;;;INTARIAN_PEPPER_ROOT;XIRECS;43075.0;3
81119;;;INTARIAN_PEPPER_ROOT;XIRECS;43075.0;8
82266;;;INTARIAN_PEPPER_ROOT;XIRECS;43082.0;3
82775;;;INTARIAN_PEPPER_ROOT;XIRECS;43088.0;5
83400;;;INTARIAN_PEPPER_ROOT;XIRECS;43076.0;6
84606;;;INTARIAN_PEPPER_ROOT;XIRECS;43080.0;7
85214;;;ASH_COATED_OSMIUM;XIRECS;10018.0;4
87021;;;INTARIAN_PEPPER_ROOT;XIRECS;43091.0;4
87982;;;INTARIAN_PEPPER_ROOT;XIRECS;43096.0;4
88968;;;INTARIAN_PEPPER_ROOT;XIRECS;43098.0;3
90708;;;ASH_COATED_OSMIUM;XIRECS;9996.0;5
93036;;;INTARIAN_PEPPER_ROOT;XIRECS;43100.0;3
93650;;;ASH_COATED_OSMIUM;XIRECS;9994.0;6
93723;;;INTARIAN_PEPPER_ROOT;XIRECS;43098.0;6
93909;;;ASH_COATED_OSMIUM;XIRECS;9998.0;8
95446;;;ASH_COATED_OSMIUM;XIRECS;9989.0;3
96709;;;ASH_COATED_OSMIUM;XIRECS;10004.0;5
97353;;;INTARIAN_PEPPER_ROOT;XIRECS;43100.0;7
100399;;;ASH_COATED_OSMIUM;XIRECS;9986.0;5
101488;;;INTARIAN_PEPPER_ROOT;XIRECS;43092.0;4
101962;;;ASH_COATED_OSMIUM;XIRECS;9986.0;6
105196;;;ASH_COATED_OSMIUM;XIRECS;10003.0;3
105351;;;ASH_COATED_OSMIUM;XIRECS;10016.0;5
106677;;;ASH_COATED_OSMIUM;XIRECS;10004.0;4
108247;;;INTARIAN_PEPPER_ROOT;XIRECS;43101.0;5
115394;;;INTARIAN_PEPPER_ROOT;XIRECS;43118.0;6
116915;;;INTARIAN_PEPPER_ROOT;XIRECS;43110.0;3
117129;;;ASH_COATED_OSMIUM;XIRECS;9984.0;5
117314;;;INTARIAN_PEPPER_ROOT;XIRECS;43110.0;5
118604;;;INTARIAN_PEPPER_ROOT;XIRECS;43127.0;5
118653;;;ASH_COATED_OSMIUM;XIRECS;9991.0;3
119955;;;ASH_COATED_OSMIUM;XIRECS;10009.0;2
120200;;;ASH_COATED_OSMIUM;XIRECS;10007.0;7
122046;;;INTARIAN_PEPPER_ROOT;XIRECS;43129.0;6
122243;;;ASH_COATED_OSMIUM;XIRECS;9982.0;4
123786;;;ASH_COATED_OSMIUM;XIRECS;9991.0;4
124527;;;ASH_COATED_OSMIUM;XIRECS;10003.0;4
124635;;;INTARIAN_PEPPER_ROOT;XIRECS;43130.0;5
124677;;;ASH_COATED_OSMIUM;XIRECS;9990.0;4
129254;;;ASH_COATED_OSMIUM;XIRECS;10006.0;8
129570;;;ASH_COATED_OSMIUM;XIRECS;9996.0;6
130884;;;INTARIAN_PEPPER_ROOT;XIRECS;43125.0;6
131279;;;ASH_COATED_OSMIUM;XIRECS;10000.0;4
132366;;;ASH_COATED_OSMIUM;XIRECS;9987.0;10
133155;;;INTARIAN_PEPPER_ROOT;XIRECS;43145.0;5
133931;;;ASH_COATED_OSMIUM;XIRECS;10001.0;3
134424;;;ASH_COATED_OSMIUM;XIRECS;9986.0;3
134817;;;ASH_COATED_OSMIUM;XIRECS;10003.0;6
139417;;;INTARIAN_PEPPER_ROOT;XIRECS;43134.0;5
140411;;;ASH_COATED_OSMIUM;XIRECS;9993.0;4
143881;;;INTARIAN_PEPPER_ROOT;XIRECS;43153.0;6
148516;;;ASH_COATED_OSMIUM;XIRECS;10005.0;2
149300;;;ASH_COATED_OSMIUM;XIRECS;10013.0;4
151966;;;ASH_COATED_OSMIUM;XIRECS;9988.0;2
152896;;;ASH_COATED_OSMIUM;XIRECS;9991.0;3
154496;;;INTARIAN_PEPPER_ROOT;XIRECS;43161.0;3
155240;;;ASH_COATED_OSMIUM;XIRECS;9993.0;2
155360;;;ASH_COATED_OSMIUM;XIRECS;9993.0;5
156656;;;ASH_COATED_OSMIUM;XIRECS;9993.0;3
157899;;;INTARIAN_PEPPER_ROOT;XIRECS;43165.0;5
158322;;;ASH_COATED_OSMIUM;XIRECS;10013.0;6
158331;;;INTARIAN_PEPPER_ROOT;XIRECS;43159.0;7
159791;;;ASH_COATED_OSMIUM;XIRECS;9987.0;3
161374;;;ASH_COATED_OSMIUM;XIRECS;9989.0;7
163426;;;INTARIAN_PEPPER_ROOT;XIRECS;43158.0;5
165259;;;INTARIAN_PEPPER_ROOT;XIRECS;43159.0;7
166180;;;ASH_COATED_OSMIUM;XIRECS;9989.0;5
167595;;;ASH_COATED_OSMIUM;XIRECS;10015.0;5
173345;;;INTARIAN_PEPPER_ROOT;XIRECS;43172.0;5
174468;;;INTARIAN_PEPPER_ROOT;XIRECS;43168.0;7
176488;;;ASH_COATED_OSMIUM;XIRECS;9987.0;6
177365;;;INTARIAN_PEPPER_ROOT;XIRECS;43180.0;3
178426;;;INTARIAN_PEPPER_ROOT;XIRECS;43188.0;6
179127;;;ASH_COATED_OSMIUM;XIRECS;10008.0;2
179438;;;ASH_COATED_OSMIUM;XIRECS;9985.0;10
180657;;;INTARIAN_PEPPER_ROOT;XIRECS;43191.0;3
183064;;;ASH_COATED_OSMIUM;XIRECS;10014.0;6
185011;;;INTARIAN_PEPPER_ROOT;XIRECS;43194.0;5
187230;;;ASH_COATED_OSMIUM;XIRECS;9994.0;3
187667;;;INTARIAN_PEPPER_ROOT;XIRECS;43180.0;7
187880;;;ASH_COATED_OSMIUM;XIRECS;9982.0;5
188192;;;ASH_COATED_OSMIUM;XIRECS;10001.0;6
188682;;;INTARIAN_PEPPER_ROOT;XIRECS;43182.0;7
189384;;;ASH_COATED_OSMIUM;XIRECS;9994.0;10
190527;;;INTARIAN_PEPPER_ROOT;XIRECS;43193.0;7
192393;;;INTARIAN_PEPPER_ROOT;XIRECS;43201.0;6
193073;;;INTARIAN_PEPPER_ROOT;XIRECS;43185.0;4
194616;;;INTARIAN_PEPPER_ROOT;XIRECS;43199.0;7
196185;;;INTARIAN_PEPPER_ROOT;XIRECS;43199.0;7
199491;;;INTARIAN_PEPPER_ROOT;XIRECS;43197.0;3
201769;;;ASH_COATED_OSMIUM;XIRECS;9987.0;9
202303;;;INTARIAN_PEPPER_ROOT;XIRECS;43210.0;3
204080;;;INTARIAN_PEPPER_ROOT;XIRECS;43198.0;4
204136;;;ASH_COATED_OSMIUM;XIRECS;10008.0;2
205984;;;INTARIAN_PEPPER_ROOT;XIRECS;43207.0;3
206604;;;ASH_COATED_OSMIUM;XIRECS;10004.0;2
206803;;;INTARIAN_PEPPER_ROOT;XIRECS;43211.0;7
206925;;;INTARIAN_PEPPER_ROOT;XIRECS;43200.0;3
209385;;;ASH_COATED_OSMIUM;XIRECS;9984.0;2
209999;;;INTARIAN_PEPPER_ROOT;XIRECS;43215.0;3
211101;;;INTARIAN_PEPPER_ROOT;XIRECS;43211.0;6
211116;;;INTARIAN_PEPPER_ROOT;XIRECS;43199.0;8
212798;;;ASH_COATED_OSMIUM;XIRECS;10005.0;5
213846;;;ASH_COATED_OSMIUM;XIRECS;10009.0;6
215359;;;ASH_COATED_OSMIUM;XIRECS;9988.0;3
215468;;;INTARIAN_PEPPER_ROOT;XIRECS;43211.0;6
215561;;;ASH_COATED_OSMIUM;XIRECS;9996.0;2
216605;;;ASH_COATED_OSMIUM;XIRECS;10013.0;4
217031;;;ASH_COATED_OSMIUM;XIRECS;9995.0;5
218009;;;INTARIAN_PEPPER_ROOT;XIRECS;43221.0;3
219333;;;ASH_COATED_OSMIUM;XIRECS;10010.0;5
220120;;;ASH_COATED_OSMIUM;XIRECS;9995.0;5
220400;;;ASH_COATED_OSMIUM;XIRECS;10007.0;2
221681;;;ASH_COATED_OSMIUM;XIRECS;10009.0;3
221978;;;INTARIAN_PEPPER_ROOT;XIRECS;43211.0;6
225419;;;INTARIAN_PEPPER_ROOT;XIRECS;43217.0;3
225526;;;ASH_COATED_OSMIUM;XIRECS;9977.0;5
230302;;;ASH_COATED_OSMIUM;XIRECS;9995.0;9
233182;;;INTARIAN_PEPPER_ROOT;XIRECS;43240.0;7
234753;;;ASH_COATED_OSMIUM;XIRECS;9988.0;4
234964;;;INTARIAN_PEPPER_ROOT;XIRECS;43227.0;6
237379;;;INTARIAN_PEPPER_ROOT;XIRECS;43226.0;3
237742;;;ASH_COATED_OSMIUM;XIRECS;10006.0;9
238934;;;ASH_COATED_OSMIUM;XIRECS;10012.0;9
239532;;;ASH_COATED_OSMIUM;XIRECS;10012.0;9
240123;;;ASH_COATED_OSMIUM;XIRECS;10010.0;5
240410;;;INTARIAN_PEPPER_ROOT;XIRECS;43246.0;5
242738;;;ASH_COATED_OSMIUM;XIRECS;9993.0;4
245811;;;INTARIAN_PEPPER_ROOT;XIRECS;43249.0;3
245949;;;ASH_COATED_OSMIUM;XIRECS;10011.0;6
246956;;;ASH_COATED_OSMIUM;XIRECS;10017.0;7
249029;;;INTARIAN_PEPPER_ROOT;XIRECS;43243.0;3
249215;;;ASH_COATED_OSMIUM;XIRECS;10017.0;10
250324;;;ASH_COATED_OSMIUM;XIRECS;10016.0;9
250513;;;ASH_COATED_OSMIUM;XIRECS;10012.0;7
250576;;;INTARIAN_PEPPER_ROOT;XIRECS;43245.0;7
251892;;;ASH_COATED_OSMIUM;XIRECS;9992.0;6
256943;;;INTARIAN_PEPPER_ROOT;XIRECS;43250.0;3
259135;;;INTARIAN_PEPPER_ROOT;XIRECS;43268.0;4
259170;;;ASH_COATED_OSMIUM;XIRECS;9990.0;5
259200;;;INTARIAN_PEPPER_ROOT;XIRECS;43269.0;6
260516;;;ASH_COATED_OSMIUM;XIRECS;10016.0;6
260894;;;INTARIAN_PEPPER_ROOT;XIRECS;43262.0;7
261529;;;INTARIAN_PEPPER_ROOT;XIRECS;43254.0;4
262216;;;ASH_COATED_OSMIUM;XIRECS;9994.0;7
263479;;;INTARIAN_PEPPER_ROOT;XIRECS;43271.0;4
265079;;;INTARIAN_PEPPER_ROOT;XIRECS;43263.0;7
266136;;;INTARIAN_PEPPER_ROOT;XIRECS;43261.0;3
266871;;;INTARIAN_PEPPER_ROOT;XIRECS;43273.0;5
268116;;;ASH_COATED_OSMIUM;XIRECS;10011.0;6
273242;;;INTARIAN_PEPPER_ROOT;XIRECS;43267.0;7
273825;;;INTARIAN_PEPPER_ROOT;XIRECS;43268.0;6
275850;;;ASH_COATED_OSMIUM;XIRECS;10008.0;2
277116;;;ASH_COATED_OSMIUM;XIRECS;9990.0;3
277204;;;INTARIAN_PEPPER_ROOT;XIRECS;43283.0;7
277846;;;ASH_COATED_OSMIUM;XIRECS;10014.0;10
280286;;;INTARIAN_PEPPER_ROOT;XIRECS;43287.0;7
282897;;;ASH_COATED_OSMIUM;XIRECS;9998.0;4
287247;;;ASH_COATED_OSMIUM;XIRECS;10008.0;4
288501;;;INTARIAN_PEPPER_ROOT;XIRECS;43280.0;5
290471;;;INTARIAN_PEPPER_ROOT;XIRECS;43283.0;3
291482;;;ASH_COATED_OSMIUM;XIRECS;10002.0;7
294767;;;INTARIAN_PEPPER_ROOT;XIRECS;43297.0;4
296180;;;ASH_COATED_OSMIUM;XIRECS;10002.0;8
298155;;;ASH_COATED_OSMIUM;XIRECS;10011.0;2
298774;;;ASH_COATED_OSMIUM;XIRECS;9992.0;6
299644;;;INTARIAN_PEPPER_ROOT;XIRECS;43302.0;5
299992;;;INTARIAN_PEPPER_ROOT;XIRECS;43306.0;7
300358;;;ASH_COATED_OSMIUM;XIRECS;10009.0;2
301809;;;ASH_COATED_OSMIUM;XIRECS;10003.0;7
302196;;;ASH_COATED_OSMIUM;XIRECS;10002.0;2
303849;;;ASH_COATED_OSMIUM;XIRECS;9987.0;3
304102;;;ASH_COATED_OSMIUM;XIRECS;10007.0;5
304765;;;ASH_COATED_OSMIUM;XIRECS;9988.0;4
305490;;;INTARIAN_PEPPER_ROOT;XIRECS;43313.0;7
306129;;;ASH_COATED_OSMIUM;XIRECS;9993.0;10
308409;;;ASH_COATED_OSMIUM;XIRECS;9993.0;5
308838;;;ASH_COATED_OSMIUM;XIRECS;9985.0;6
309833;;;ASH_COATED_OSMIUM;XIRECS;10006.0;10
310707;;;INTARIAN_PEPPER_ROOT;XIRECS;43318.0;4
311558;;;INTARIAN_PEPPER_ROOT;XIRECS;43307.0;5
311778;;;ASH_COATED_OSMIUM;XIRECS;10003.0;2
312716;;;ASH_COATED_OSMIUM;XIRECS;9991.0;8
316328;;;ASH_COATED_OSMIUM;XIRECS;9995.0;4
316431;;;ASH_COATED_OSMIUM;XIRECS;10009.0;9
317342;;;ASH_COATED_OSMIUM;XIRECS;10014.0;6
323555;;;INTARIAN_PEPPER_ROOT;XIRECS;43316.0;4
324510;;;ASH_COATED_OSMIUM;XIRECS;10014.0;3
325937;;;ASH_COATED_OSMIUM;XIRECS;9985.0;9
327138;;;INTARIAN_PEPPER_ROOT;XIRECS;43334.0;4
328024;;;INTARIAN_PEPPER_ROOT;XIRECS;43323.0;3
330615;;;ASH_COATED_OSMIUM;XIRECS;9990.0;6
332143;;;ASH_COATED_OSMIUM;XIRECS;10007.0;10
332628;;;ASH_COATED_OSMIUM;XIRECS;9987.0;6
332770;;;ASH_COATED_OSMIUM;XIRECS;9988.0;6
333026;;;ASH_COATED_OSMIUM;XIRECS;10005.0;6
333487;;;INTARIAN_PEPPER_ROOT;XIRECS;43340.0;7
333867;;;INTARIAN_PEPPER_ROOT;XIRECS;43342.0;7
336002;;;ASH_COATED_OSMIUM;XIRECS;10000.0;2
336766;;;ASH_COATED_OSMIUM;XIRECS;10002.0;9
339722;;;INTARIAN_PEPPER_ROOT;XIRECS;43332.0;5
340067;;;INTARIAN_PEPPER_ROOT;XIRECS;43346.0;5
342893;;;ASH_COATED_OSMIUM;XIRECS;10002.0;7
345247;;;INTARIAN_PEPPER_ROOT;XIRECS;43338.0;7
345591;;;ASH_COATED_OSMIUM;XIRECS;9997.0;6
346351;;;INTARIAN_PEPPER_ROOT;XIRECS;43354.0;3
347532;;;ASH_COATED_OSMIUM;XIRECS;10003.0;4
347949;;;ASH_COATED_OSMIUM;XIRECS;9984.0;5
348106;;;INTARIAN_PEPPER_ROOT;XIRECS;43356.0;3
348403;;;INTARIAN_PEPPER_ROOT;XIRECS;43346.0;6
352387;;;ASH_COATED_OSMIUM;XIRECS;9989.0;2
352615;;;INTARIAN_PEPPER_ROOT;XIRECS;43357.0;7
358874;;;INTARIAN_PEPPER_ROOT;XIRECS;43363.0;3
359856;;;ASH_COATED_OSMIUM;XIRECS;10004.0;10
360549;;;INTARIAN_PEPPER_ROOT;XIRECS;43349.0;6
361044;;;ASH_COATED_OSMIUM;XIRECS;10007.0;5
363186;;;INTARIAN_PEPPER_ROOT;XIRECS;43367.0;6
363723;;;INTARIAN_PEPPER_ROOT;XIRECS;43370.0;5
365793;;;ASH_COATED_OSMIUM;XIRECS;9990.0;7
365816;;;INTARIAN_PEPPER_ROOT;XIRECS;43375.0;6
368680;;;ASH_COATED_OSMIUM;XIRECS;9990.0;6
369424;;;ASH_COATED_OSMIUM;XIRECS;10002.0;5
369693;;;ASH_COATED_OSMIUM;XIRECS;10005.0;10
371412;;;ASH_COATED_OSMIUM;XIRECS;9998.0;3
377697;;;ASH_COATED_OSMIUM;XIRECS;10012.0;4
377968;;;ASH_COATED_OSMIUM;XIRECS;9995.0;4
379951;;;ASH_COATED_OSMIUM;XIRECS;9991.0;2
380313;;;ASH_COATED_OSMIUM;XIRECS;10003.0;2
380450;;;INTARIAN_PEPPER_ROOT;XIRECS;43375.0;6
380751;;;ASH_COATED_OSMIUM;XIRECS;9990.0;3
381178;;;ASH_COATED_OSMIUM;XIRECS;9994.0;2
382967;;;ASH_COATED_OSMIUM;XIRECS;10011.0;3
383418;;;ASH_COATED_OSMIUM;XIRECS;10008.0;5
383724;;;INTARIAN_PEPPER_ROOT;XIRECS;43375.0;3
387374;;;ASH_COATED_OSMIUM;XIRECS;10015.0;6
390156;;;INTARIAN_PEPPER_ROOT;XIRECS;43384.0;3
391925;;;ASH_COATED_OSMIUM;XIRECS;9987.0;3
393082;;;INTARIAN_PEPPER_ROOT;XIRECS;43397.0;7
393344;;;ASH_COATED_OSMIUM;XIRECS;9990.0;6
394168;;;ASH_COATED_OSMIUM;XIRECS;10009.0;2
395164;;;ASH_COATED_OSMIUM;XIRECS;10011.0;6
395292;;;ASH_COATED_OSMIUM;XIRECS;9993.0;3
395976;;;ASH_COATED_OSMIUM;XIRECS;9995.0;4
396074;;;INTARIAN_PEPPER_ROOT;XIRECS;43391.0;4
397055;;;INTARIAN_PEPPER_ROOT;XIRECS;43405.0;4
405378;;;INTARIAN_PEPPER_ROOT;XIRECS;43399.0;5
405850;;;ASH_COATED_OSMIUM;XIRECS;10020.0;10
407009;;;INTARIAN_PEPPER_ROOT;XIRECS;43411.0;3
409589;;;ASH_COATED_OSMIUM;XIRECS;9993.0;6
409904;;;ASH_COATED_OSMIUM;XIRECS;10013.0;3
410759;;;INTARIAN_PEPPER_ROOT;XIRECS;43412.0;7
412042;;;INTARIAN_PEPPER_ROOT;XIRECS;43419.0;4
413620;;;ASH_COATED_OSMIUM;XIRECS;9990.0;4
414007;;;INTARIAN_PEPPER_ROOT;XIRECS;43401.0;7
417861;;;ASH_COATED_OSMIUM;XIRECS;10015.0;3
418389;;;INTARIAN_PEPPER_ROOT;XIRECS;43427.0;4
422585;;;INTARIAN_PEPPER_ROOT;XIRECS;43415.0;3
423742;;;ASH_COATED_OSMIUM;XIRECS;10011.0;4
424804;;;ASH_COATED_OSMIUM;XIRECS;10014.0;2
424970;;;ASH_COATED_OSMIUM;XIRECS;9998.0;9
425386;;;INTARIAN_PEPPER_ROOT;XIRECS;43419.0;5
425600;;;INTARIAN_PEPPER_ROOT;XIRECS;43419.0;7
428843;;;INTARIAN_PEPPER_ROOT;XIRECS;43436.0;4
430846;;;ASH_COATED_OSMIUM;XIRECS;10007.0;2
432645;;;INTARIAN_PEPPER_ROOT;XIRECS;43441.0;7
433304;;;INTARIAN_PEPPER_ROOT;XIRECS;43441.0;7
433490;;;INTARIAN_PEPPER_ROOT;XIRECS;43426.0;8
438427;;;INTARIAN_PEPPER_ROOT;XIRECS;43445.0;5
438960;;;ASH_COATED_OSMIUM;XIRECS;10003.0;8
439542;;;INTARIAN_PEPPER_ROOT;XIRECS;43432.0;5
441997;;;ASH_COATED_OSMIUM;XIRECS;9987.0;6
442463;;;ASH_COATED_OSMIUM;XIRECS;9988.0;3
444540;;;INTARIAN_PEPPER_ROOT;XIRECS;43448.0;5
445358;;;ASH_COATED_OSMIUM;XIRECS;9990.0;6
445493;;;ASH_COATED_OSMIUM;XIRECS;10013.0;2
449632;;;INTARIAN_PEPPER_ROOT;XIRECS;43441.0;5
453619;;;INTARIAN_PEPPER_ROOT;XIRECS;43448.0;7
453724;;;ASH_COATED_OSMIUM;XIRECS;10016.0;3
454257;;;ASH_COATED_OSMIUM;XIRECS;10012.0;5
455477;;;ASH_COATED_OSMIUM;XIRECS;10002.0;2
455675;;;ASH_COATED_OSMIUM;XIRECS;9987.0;2
456323;;;ASH_COATED_OSMIUM;XIRECS;10007.0;5
456861;;;INTARIAN_PEPPER_ROOT;XIRECS;43449.0;5
458032;;;ASH_COATED_OSMIUM;XIRECS;10006.0;6
458178;;;ASH_COATED_OSMIUM;XIRECS;10003.0;5
459605;;;INTARIAN_PEPPER_ROOT;XIRECS;43466.0;7
461982;;;ASH_COATED_OSMIUM;XIRECS;9991.0;5
463016;;;INTARIAN_PEPPER_ROOT;XIRECS;43464.0;5
465771;;;ASH_COATED_OSMIUM;XIRECS;9998.0;6
467980;;;ASH_COATED_OSMIUM;XIRECS;10021.0;5
472321;;;ASH_COATED_OSMIUM;XIRECS;9998.0;6
474028;;;INTARIAN_PEPPER_ROOT;XIRECS;43479.0;3
474141;;;ASH_COATED_OSMIUM;XIRECS;10007.0;3
474401;;;ASH_COATED_OSMIUM;XIRECS;9991.0;4
475489;;;INTARIAN_PEPPER_ROOT;XIRECS;43484.0;4
477034;;;ASH_COATED_OSMIUM;XIRECS;9996.0;2
478491;;;ASH_COATED_OSMIUM;XIRECS;10015.0;8
478590;;;INTARIAN_PEPPER_ROOT;XIRECS;43473.0;3
480517;;;ASH_COATED_OSMIUM;XIRECS;9990.0;4
481035;;;ASH_COATED_OSMIUM;XIRECS;10006.0;3
483976;;;ASH_COATED_OSMIUM;XIRECS;10014.0;5
485090;;;INTARIAN_PEPPER_ROOT;XIRECS;43482.0;4
485168;;;ASH_COATED_OSMIUM;XIRECS;9989.0;6
485282;;;ASH_COATED_OSMIUM;XIRECS;9992.0;7
485447;;;ASH_COATED_OSMIUM;XIRECS;10009.0;4
487273;;;INTARIAN_PEPPER_ROOT;XIRECS;43480.0;6
487470;;;ASH_COATED_OSMIUM;XIRECS;10014.0;6
487475;;;INTARIAN_PEPPER_ROOT;XIRECS;43496.0;3
487717;;;ASH_COATED_OSMIUM;XIRECS;9998.0;4
489101;;;INTARIAN_PEPPER_ROOT;XIRECS;43494.0;3
489428;;;INTARIAN_PEPPER_ROOT;XIRECS;43497.0;8
492717;;;INTARIAN_PEPPER_ROOT;XIRECS;43488.0;5
493621;;;ASH_COATED_OSMIUM;XIRECS;9986.0;5
494605;;;INTARIAN_PEPPER_ROOT;XIRECS;43486.0;7
494636;;;ASH_COATED_OSMIUM;XIRECS;9988.0;3
495559;;;INTARIAN_PEPPER_ROOT;XIRECS;43486.0;7
496053;;;INTARIAN_PEPPER_ROOT;XIRECS;43499.0;6
496196;;;ASH_COATED_OSMIUM;XIRECS;9990.0;4
498473;;;INTARIAN_PEPPER_ROOT;XIRECS;43502.0;3
502097;;;INTARIAN_PEPPER_ROOT;XIRECS;43497.0;6
503736;;;ASH_COATED_OSMIUM;XIRECS;10004.0;3
504616;;;INTARIAN_PEPPER_ROOT;XIRECS;43509.0;7
507782;;;INTARIAN_PEPPER_ROOT;XIRECS;43514.0;3
509221;;;ASH_COATED_OSMIUM;XIRECS;9980.0;6
510058;;;ASH_COATED_OSMIUM;XIRECS;9997.0;6
510352;;;INTARIAN_PEPPER_ROOT;XIRECS;43508.0;3
511064;;;ASH_COATED_OSMIUM;XIRECS;9989.0;5
511541;;;INTARIAN_PEPPER_ROOT;XIRECS;43519.0;5
511674;;;ASH_COATED_OSMIUM;XIRECS;10007.0;3
511698;;;INTARIAN_PEPPER_ROOT;XIRECS;43523.0;5
514040;;;ASH_COATED_OSMIUM;XIRECS;9994.0;10
514418;;;ASH_COATED_OSMIUM;XIRECS;10008.0;6
518912;;;INTARIAN_PEPPER_ROOT;XIRECS;43524.0;3
518986;;;INTARIAN_PEPPER_ROOT;XIRECS;43524.0;4
519414;;;ASH_COATED_OSMIUM;XIRECS;10014.0;2
520038;;;ASH_COATED_OSMIUM;XIRECS;9992.0;2
520410;;;ASH_COATED_OSMIUM;XIRECS;10005.0;9
522131;;;ASH_COATED_OSMIUM;XIRECS;9993.0;7
522715;;;INTARIAN_PEPPER_ROOT;XIRECS;43513.0;5
523963;;;INTARIAN_PEPPER_ROOT;XIRECS;43519.0;5
524565;;;ASH_COATED_OSMIUM;XIRECS;10011.0;6
524916;;;ASH_COATED_OSMIUM;XIRECS;9993.0;2
526364;;;ASH_COATED_OSMIUM;XIRECS;10008.0;6
527203;;;INTARIAN_PEPPER_ROOT;XIRECS;43535.0;4
527534;;;ASH_COATED_OSMIUM;XIRECS;9989.0;4
527847;;;INTARIAN_PEPPER_ROOT;XIRECS;43532.0;5
529163;;;ASH_COATED_OSMIUM;XIRECS;10010.0;9
530445;;;INTARIAN_PEPPER_ROOT;XIRECS;43541.0;5
533064;;;ASH_COATED_OSMIUM;XIRECS;10014.0;5
533483;;;ASH_COATED_OSMIUM;XIRECS;10013.0;6
534600;;;ASH_COATED_OSMIUM;XIRECS;9987.0;2
536059;;;INTARIAN_PEPPER_ROOT;XIRECS;43528.0;7
537375;;;INTARIAN_PEPPER_ROOT;XIRECS;43531.0;4
538106;;;ASH_COATED_OSMIUM;XIRECS;9989.0;2
540828;;;INTARIAN_PEPPER_ROOT;XIRECS;43535.0;7
546520;;;ASH_COATED_OSMIUM;XIRECS;10006.0;7
549510;;;INTARIAN_PEPPER_ROOT;XIRECS;43541.0;6
550074;;;INTARIAN_PEPPER_ROOT;XIRECS;43553.0;3
551960;;;INTARIAN_PEPPER_ROOT;XIRECS;43558.0;7
553600;;;INTARIAN_PEPPER_ROOT;XIRECS;43546.0;3
554410;;;ASH_COATED_OSMIUM;XIRECS;9989.0;6
555074;;;ASH_COATED_OSMIUM;XIRECS;9989.0;6
556390;;;INTARIAN_PEPPER_ROOT;XIRECS;43562.0;7
558048;;;ASH_COATED_OSMIUM;XIRECS;9992.0;6
558828;;;ASH_COATED_OSMIUM;XIRECS;10010.0;9
560850;;;INTARIAN_PEPPER_ROOT;XIRECS;43554.0;5
563423;;;INTARIAN_PEPPER_ROOT;XIRECS;43560.0;4
563705;;;ASH_COATED_OSMIUM;XIRECS;10012.0;9
564201;;;ASH_COATED_OSMIUM;XIRECS;10006.0;10
565678;;;ASH_COATED_OSMIUM;XIRECS;9997.0;7
568037;;;ASH_COATED_OSMIUM;XIRECS;10011.0;3
571848;;;INTARIAN_PEPPER_ROOT;XIRECS;43578.0;3
572960;;;ASH_COATED_OSMIUM;XIRECS;10009.0;3
577179;;;INTARIAN_PEPPER_ROOT;XIRECS;43571.0;6
578649;;;ASH_COATED_OSMIUM;XIRECS;10010.0;5
580645;;;ASH_COATED_OSMIUM;XIRECS;10013.0;8
583674;;;ASH_COATED_OSMIUM;XIRECS;10007.0;2
584092;;;INTARIAN_PEPPER_ROOT;XIRECS;43592.0;4
588550;;;ASH_COATED_OSMIUM;XIRECS;9997.0;9
589567;;;ASH_COATED_OSMIUM;XIRECS;10004.0;6
589931;;;INTARIAN_PEPPER_ROOT;XIRECS;43581.0;6
590433;;;INTARIAN_PEPPER_ROOT;XIRECS;43595.0;4
590713;;;ASH_COATED_OSMIUM;XIRECS;9994.0;5
591575;;;INTARIAN_PEPPER_ROOT;XIRECS;43597.0;4
592070;;;ASH_COATED_OSMIUM;XIRECS;10015.0;8
593776;;;ASH_COATED_OSMIUM;XIRECS;9990.0;8
593954;;;ASH_COATED_OSMIUM;XIRECS;9999.0;4
594922;;;INTARIAN_PEPPER_ROOT;XIRECS;43603.0;5
596259;;;INTARIAN_PEPPER_ROOT;XIRECS;43590.0;3
601607;;;INTARIAN_PEPPER_ROOT;XIRECS;43610.0;8
604641;;;INTARIAN_PEPPER_ROOT;XIRECS;43610.0;7
605383;;;ASH_COATED_OSMIUM;XIRECS;9996.0;5
608928;;;ASH_COATED_OSMIUM;XIRECS;9995.0;3
609947;;;ASH_COATED_OSMIUM;XIRECS;9982.0;4
610889;;;ASH_COATED_OSMIUM;XIRECS;9991.0;2
612094;;;ASH_COATED_OSMIUM;XIRECS;10003.0;6
612186;;;INTARIAN_PEPPER_ROOT;XIRECS;43619.0;3
613482;;;INTARIAN_PEPPER_ROOT;XIRECS;43611.0;5
616046;;;ASH_COATED_OSMIUM;XIRECS;10018.0;7
616466;;;ASH_COATED_OSMIUM;XIRECS;10025.0;7
616467;;;ASH_COATED_OSMIUM;XIRECS;10008.0;3
617922;;;ASH_COATED_OSMIUM;XIRECS;9993.0;7
617929;;;ASH_COATED_OSMIUM;XIRECS;9993.0;6
618466;;;ASH_COATED_OSMIUM;XIRECS;10015.0;6
620636;;;INTARIAN_PEPPER_ROOT;XIRECS;43627.0;3
621081;;;INTARIAN_PEPPER_ROOT;XIRECS;43628.0;5
621944;;;INTARIAN_PEPPER_ROOT;XIRECS;43614.0;6
622336;;;ASH_COATED_OSMIUM;XIRECS;9987.0;10
623404;;;ASH_COATED_OSMIUM;XIRECS;10004.0;2
626740;;;ASH_COATED_OSMIUM;XIRECS;9986.0;3
626770;;;ASH_COATED_OSMIUM;XIRECS;9986.0;5
627471;;;INTARIAN_PEPPER_ROOT;XIRECS;43622.0;6
627513;;;INTARIAN_PEPPER_ROOT;XIRECS;43621.0;3
629574;;;INTARIAN_PEPPER_ROOT;XIRECS;43621.0;6
630126;;;ASH_COATED_OSMIUM;XIRECS;9984.0;3
630280;;;ASH_COATED_OSMIUM;XIRECS;9993.0;3
632334;;;ASH_COATED_OSMIUM;XIRECS;10002.0;5
632414;;;ASH_COATED_OSMIUM;XIRECS;9984.0;5
632633;;;ASH_COATED_OSMIUM;XIRECS;10003.0;5
633733;;;INTARIAN_PEPPER_ROOT;XIRECS;43629.0;3
634881;;;ASH_COATED_OSMIUM;XIRECS;10007.0;4
636734;;;ASH_COATED_OSMIUM;XIRECS;9979.0;6
637552;;;INTARIAN_PEPPER_ROOT;XIRECS;43632.0;5
638519;;;ASH_COATED_OSMIUM;XIRECS;9990.0;10
638810;;;ASH_COATED_OSMIUM;XIRECS;9988.0;2
640391;;;INTARIAN_PEPPER_ROOT;XIRECS;43633.0;3
641128;;;INTARIAN_PEPPER_ROOT;XIRECS;43645.0;8
645291;;;INTARIAN_PEPPER_ROOT;XIRECS;43637.0;4
650649;;;ASH_COATED_OSMIUM;XIRECS;9988.0;4
653718;;;INTARIAN_PEPPER_ROOT;XIRECS;43656.0;4
654550;;;INTARIAN_PEPPER_ROOT;XIRECS;43647.0;4
655253;;;ASH_COATED_OSMIUM;XIRECS;10002.0;4
656708;;;INTARIAN_PEPPER_ROOT;XIRECS;43649.0;4
658269;;;ASH_COATED_OSMIUM;XIRECS;9993.0;5
661370;;;INTARIAN_PEPPER_ROOT;XIRECS;43668.0;4
662251;;;INTARIAN_PEPPER_ROOT;XIRECS;43664.0;4
664552;;;INTARIAN_PEPPER_ROOT;XIRECS;43658.0;6
667137;;;INTARIAN_PEPPER_ROOT;XIRECS;43676.0;4
668940;;;INTARIAN_PEPPER_ROOT;XIRECS;43674.0;5
671429;;;ASH_COATED_OSMIUM;XIRECS;10000.0;6
672825;;;INTARIAN_PEPPER_ROOT;XIRECS;43670.0;6
673526;;;ASH_COATED_OSMIUM;XIRECS;9999.0;3
673528;;;INTARIAN_PEPPER_ROOT;XIRECS;43667.0;7
674529;;;ASH_COATED_OSMIUM;XIRECS;10011.0;6
677010;;;INTARIAN_PEPPER_ROOT;XIRECS;43669.0;7
677064;;;ASH_COATED_OSMIUM;XIRECS;9999.0;10
677762;;;ASH_COATED_OSMIUM;XIRECS;9990.0;3
680096;;;ASH_COATED_OSMIUM;XIRECS;9989.0;2
685464;;;INTARIAN_PEPPER_ROOT;XIRECS;43681.0;3
687576;;;INTARIAN_PEPPER_ROOT;XIRECS;43695.0;5
689791;;;ASH_COATED_OSMIUM;XIRECS;9993.0;9
691280;;;ASH_COATED_OSMIUM;XIRECS;10015.0;8
691929;;;ASH_COATED_OSMIUM;XIRECS;9984.0;2
692843;;;INTARIAN_PEPPER_ROOT;XIRECS;43701.0;6
695538;;;ASH_COATED_OSMIUM;XIRECS;9989.0;5
696983;;;ASH_COATED_OSMIUM;XIRECS;10010.0;2
697457;;;ASH_COATED_OSMIUM;XIRECS;10010.0;8
698392;;;ASH_COATED_OSMIUM;XIRECS;10014.0;6
698568;;;INTARIAN_PEPPER_ROOT;XIRECS;43707.0;6
699586;;;INTARIAN_PEPPER_ROOT;XIRECS;43705.0;4
700509;;;INTARIAN_PEPPER_ROOT;XIRECS;43712.0;6
700758;;;ASH_COATED_OSMIUM;XIRECS;10013.0;9
702126;;;ASH_COATED_OSMIUM;XIRECS;9997.0;3
704796;;;ASH_COATED_OSMIUM;XIRECS;9995.0;7
707693;;;INTARIAN_PEPPER_ROOT;XIRECS;43704.0;3
707887;;;INTARIAN_PEPPER_ROOT;XIRECS;43701.0;7
708294;;;ASH_COATED_OSMIUM;XIRECS;10010.0;3
709129;;;ASH_COATED_OSMIUM;XIRECS;9987.0;10
710059;;;ASH_COATED_OSMIUM;XIRECS;10019.0;4
710716;;;ASH_COATED_OSMIUM;XIRECS;10009.0;8
712361;;;ASH_COATED_OSMIUM;XIRECS;10008.0;10
712525;;;ASH_COATED_OSMIUM;XIRECS;9998.0;4
712875;;;INTARIAN_PEPPER_ROOT;XIRECS;43702.0;3
714689;;;INTARIAN_PEPPER_ROOT;XIRECS;43709.0;4
715186;;;INTARIAN_PEPPER_ROOT;XIRECS;43708.0;4
715620;;;ASH_COATED_OSMIUM;XIRECS;10012.0;5
717113;;;INTARIAN_PEPPER_ROOT;XIRECS;43724.0;4
717708;;;INTARIAN_PEPPER_ROOT;XIRECS;43723.0;5
718323;;;ASH_COATED_OSMIUM;XIRECS;10001.0;4
718421;;;ASH_COATED_OSMIUM;XIRECS;9986.0;10
720688;;;ASH_COATED_OSMIUM;XIRECS;9997.0;4
721738;;;INTARIAN_PEPPER_ROOT;XIRECS;43718.0;7
722125;;;INTARIAN_PEPPER_ROOT;XIRECS;43723.0;4
724549;;;ASH_COATED_OSMIUM;XIRECS;9995.0;8
724790;;;ASH_COATED_OSMIUM;XIRECS;9989.0;2
727342;;;ASH_COATED_OSMIUM;XIRECS;10009.0;5
730037;;;INTARIAN_PEPPER_ROOT;XIRECS;43721.0;7
730363;;;ASH_COATED_OSMIUM;XIRECS;9989.0;4
731464;;;ASH_COATED_OSMIUM;XIRECS;10006.0;6
731766;;;ASH_COATED_OSMIUM;XIRECS;9997.0;3
732699;;;ASH_COATED_OSMIUM;XIRECS;10016.0;3
733265;;;INTARIAN_PEPPER_ROOT;XIRECS;43734.0;6
733277;;;ASH_COATED_OSMIUM;XIRECS;9992.0;3
735556;;;ASH_COATED_OSMIUM;XIRECS;9994.0;6
735711;;;INTARIAN_PEPPER_ROOT;XIRECS;43728.0;6
736156;;;INTARIAN_PEPPER_ROOT;XIRECS;43738.0;4
736478;;;INTARIAN_PEPPER_ROOT;XIRECS;43743.0;3
736887;;;INTARIAN_PEPPER_ROOT;XIRECS;43744.0;4
737897;;;ASH_COATED_OSMIUM;XIRECS;9980.0;8
738510;;;INTARIAN_PEPPER_ROOT;XIRECS;43743.0;5
739484;;;INTARIAN_PEPPER_ROOT;XIRECS;43744.0;5
741005;;;INTARIAN_PEPPER_ROOT;XIRECS;43741.0;4
741148;;;INTARIAN_PEPPER_ROOT;XIRECS;43749.0;7
742100;;;INTARIAN_PEPPER_ROOT;XIRECS;43740.0;6
742423;;;INTARIAN_PEPPER_ROOT;XIRECS;43734.0;3
743458;;;ASH_COATED_OSMIUM;XIRECS;9991.0;7
747523;;;INTARIAN_PEPPER_ROOT;XIRECS;43752.0;6
749618;;;INTARIAN_PEPPER_ROOT;XIRECS;43749.0;4
750161;;;INTARIAN_PEPPER_ROOT;XIRECS;43754.0;5
750475;;;INTARIAN_PEPPER_ROOT;XIRECS;43745.0;6
750913;;;INTARIAN_PEPPER_ROOT;XIRECS;43749.0;6
755214;;;INTARIAN_PEPPER_ROOT;XIRECS;43762.0;7
755749;;;INTARIAN_PEPPER_ROOT;XIRECS;43766.0;4
755953;;;ASH_COATED_OSMIUM;XIRECS;10006.0;3
756466;;;ASH_COATED_OSMIUM;XIRECS;10003.0;3
758342;;;INTARIAN_PEPPER_ROOT;XIRECS;43750.0;7
758526;;;INTARIAN_PEPPER_ROOT;XIRECS;43755.0;3
760962;;;ASH_COATED_OSMIUM;XIRECS;10019.0;6
762122;;;ASH_COATED_OSMIUM;XIRECS;10000.0;3
765178;;;INTARIAN_PEPPER_ROOT;XIRECS;43770.0;5
765726;;;ASH_COATED_OSMIUM;XIRECS;10003.0;8
766666;;;INTARIAN_PEPPER_ROOT;XIRECS;43761.0;4
773951;;;INTARIAN_PEPPER_ROOT;XIRECS;43765.0;6
774602;;;ASH_COATED_OSMIUM;XIRECS;9995.0;3
776439;;;INTARIAN_PEPPER_ROOT;XIRECS;43768.0;4
777594;;;ASH_COATED_OSMIUM;XIRECS;10001.0;6
778476;;;ASH_COATED_OSMIUM;XIRECS;9984.0;2
778686;;;INTARIAN_PEPPER_ROOT;XIRECS;43785.0;6
779711;;;ASH_COATED_OSMIUM;XIRECS;9989.0;5
784068;;;ASH_COATED_OSMIUM;XIRECS;10011.0;6
784316;;;ASH_COATED_OSMIUM;XIRECS;9998.0;10
785255;;;INTARIAN_PEPPER_ROOT;XIRECS;43794.0;8
785332;;;INTARIAN_PEPPER_ROOT;XIRECS;43779.0;7
786123;;;ASH_COATED_OSMIUM;XIRECS;9990.0;3
787080;;;INTARIAN_PEPPER_ROOT;XIRECS;43790.0;3
788722;;;ASH_COATED_OSMIUM;XIRECS;9991.0;2
789893;;;ASH_COATED_OSMIUM;XIRECS;10006.0;5
791885;;;ASH_COATED_OSMIUM;XIRECS;9984.0;2
793123;;;ASH_COATED_OSMIUM;XIRECS;9995.0;4
793295;;;ASH_COATED_OSMIUM;XIRECS;9997.0;3
796581;;;INTARIAN_PEPPER_ROOT;XIRECS;43799.0;5
796793;;;ASH_COATED_OSMIUM;XIRECS;9991.0;6
798616;;;ASH_COATED_OSMIUM;XIRECS;9994.0;2
798663;;;ASH_COATED_OSMIUM;XIRECS;10012.0;4
802179;;;INTARIAN_PEPPER_ROOT;XIRECS;43797.0;3
802518;;;INTARIAN_PEPPER_ROOT;XIRECS;43799.0;5
804680;;;INTARIAN_PEPPER_ROOT;XIRECS;43808.0;6
804958;;;ASH_COATED_OSMIUM;XIRECS;10010.0;7
805320;;;INTARIAN_PEPPER_ROOT;XIRECS;43803.0;3
805496;;;ASH_COATED_OSMIUM;XIRECS;10003.0;7
806778;;;INTARIAN_PEPPER_ROOT;XIRECS;43799.0;5
809211;;;ASH_COATED_OSMIUM;XIRECS;10007.0;4
816505;;;INTARIAN_PEPPER_ROOT;XIRECS;43808.0;3
817371;;;INTARIAN_PEPPER_ROOT;XIRECS;43824.0;4
818198;;;INTARIAN_PEPPER_ROOT;XIRECS;43813.0;4
820410;;;ASH_COATED_OSMIUM;XIRECS;10014.0;5
821142;;;INTARIAN_PEPPER_ROOT;XIRECS;43829.0;7
822042;;;INTARIAN_PEPPER_ROOT;XIRECS;43815.0;7
824197;;;ASH_COATED_OSMIUM;XIRECS;10011.0;6
824321;;;ASH_COATED_OSMIUM;XIRECS;9984.0;8
826698;;;ASH_COATED_OSMIUM;XIRECS;9991.0;5
827684;;;ASH_COATED_OSMIUM;XIRECS;10006.0;3
829541;;;INTARIAN_PEPPER_ROOT;XIRECS;43834.0;3
830174;;;ASH_COATED_OSMIUM;XIRECS;9987.0;6
832274;;;INTARIAN_PEPPER_ROOT;XIRECS;43839.0;7
832772;;;INTARIAN_PEPPER_ROOT;XIRECS;43838.0;7
832862;;;ASH_COATED_OSMIUM;XIRECS;10011.0;3
834101;;;ASH_COATED_OSMIUM;XIRECS;10010.0;3
836411;;;INTARIAN_PEPPER_ROOT;XIRECS;43841.0;5
836549;;;ASH_COATED_OSMIUM;XIRECS;10014.0;6
836716;;;INTARIAN_PEPPER_ROOT;XIRECS;43848.0;5
837238;;;INTARIAN_PEPPER_ROOT;XIRECS;43845.0;7
838466;;;INTARIAN_PEPPER_ROOT;XIRECS;43830.0;4
841122;;;ASH_COATED_OSMIUM;XIRECS;10007.0;3
841295;;;INTARIAN_PEPPER_ROOT;XIRECS;43838.0;3
843905;;;ASH_COATED_OSMIUM;XIRECS;10010.0;3
845136;;;INTARIAN_PEPPER_ROOT;XIRECS;43855.0;4
847555;;;INTARIAN_PEPPER_ROOT;XIRECS;43843.0;6
849463;;;ASH_COATED_OSMIUM;XIRECS;10004.0;3
850574;;;INTARIAN_PEPPER_ROOT;XIRECS;43845.0;6
851224;;;INTARIAN_PEPPER_ROOT;XIRECS;43844.0;6
852763;;;INTARIAN_PEPPER_ROOT;XIRECS;43859.0;3
853044;;;INTARIAN_PEPPER_ROOT;XIRECS;43851.0;6
853958;;;ASH_COATED_OSMIUM;XIRECS;10004.0;7
854536;;;ASH_COATED_OSMIUM;XIRECS;9992.0;5
857661;;;ASH_COATED_OSMIUM;XIRECS;10012.0;6
858687;;;ASH_COATED_OSMIUM;XIRECS;9986.0;5
860238;;;INTARIAN_PEPPER_ROOT;XIRECS;43855.0;6
860684;;;ASH_COATED_OSMIUM;XIRECS;9993.0;4
862445;;;ASH_COATED_OSMIUM;XIRECS;10013.0;2
863679;;;INTARIAN_PEPPER_ROOT;XIRECS;43856.0;5
864749;;;ASH_COATED_OSMIUM;XIRECS;10008.0;5
868700;;;INTARIAN_PEPPER_ROOT;XIRECS;43860.0;3
869400;;;ASH_COATED_OSMIUM;XIRECS;9984.0;9
869480;;;INTARIAN_PEPPER_ROOT;XIRECS;43878.0;8
869619;;;INTARIAN_PEPPER_ROOT;XIRECS;43874.0;5
871310;;;INTARIAN_PEPPER_ROOT;XIRECS;43864.0;3
871518;;;ASH_COATED_OSMIUM;XIRECS;9988.0;2
872273;;;ASH_COATED_OSMIUM;XIRECS;10011.0;5
872349;;;INTARIAN_PEPPER_ROOT;XIRECS;43874.0;3
873485;;;ASH_COATED_OSMIUM;XIRECS;9986.0;6
873572;;;INTARIAN_PEPPER_ROOT;XIRECS;43881.0;5
875091;;;ASH_COATED_OSMIUM;XIRECS;9990.0;5
875166;;;INTARIAN_PEPPER_ROOT;XIRECS;43881.0;6
877078;;;ASH_COATED_OSMIUM;XIRECS;9987.0;9
877501;;;ASH_COATED_OSMIUM;XIRECS;10008.0;6
878743;;;ASH_COATED_OSMIUM;XIRECS;10010.0;5
879848;;;INTARIAN_PEPPER_ROOT;XIRECS;43884.0;5
882666;;;INTARIAN_PEPPER_ROOT;XIRECS;43873.0;6
890226;;;ASH_COATED_OSMIUM;XIRECS;10014.0;4
893996;;;ASH_COATED_OSMIUM;XIRECS;10010.0;2
894398;;;INTARIAN_PEPPER_ROOT;XIRECS;43900.0;4
894954;;;ASH_COATED_OSMIUM;XIRECS;9999.0;9
895603;;;INTARIAN_PEPPER_ROOT;XIRECS;43904.0;8
897153;;;INTARIAN_PEPPER_ROOT;XIRECS;43900.0;3
897843;;;INTARIAN_PEPPER_ROOT;XIRECS;43887.0;3
898450;;;ASH_COATED_OSMIUM;XIRECS;9992.0;2
901860;;;ASH_COATED_OSMIUM;XIRECS;10014.0;6
901985;;;ASH_COATED_OSMIUM;XIRECS;10015.0;2
902388;;;INTARIAN_PEPPER_ROOT;XIRECS;43897.0;7
904195;;;ASH_COATED_OSMIUM;XIRECS;9984.0;2
904786;;;ASH_COATED_OSMIUM;XIRECS;9992.0;6
905829;;;INTARIAN_PEPPER_ROOT;XIRECS;43900.0;3
906108;;;INTARIAN_PEPPER_ROOT;XIRECS;43902.0;6
906538;;;INTARIAN_PEPPER_ROOT;XIRECS;43901.0;7
907371;;;ASH_COATED_OSMIUM;XIRECS;9989.0;6
907853;;;ASH_COATED_OSMIUM;XIRECS;10010.0;6
908300;;;INTARIAN_PEPPER_ROOT;XIRECS;43898.0;3
911647;;;INTARIAN_PEPPER_ROOT;XIRECS;43915.0;7
911858;;;ASH_COATED_OSMIUM;XIRECS;10015.0;9
913492;;;ASH_COATED_OSMIUM;XIRECS;10005.0;2
913575;;;INTARIAN_PEPPER_ROOT;XIRECS;43917.0;5
913959;;;ASH_COATED_OSMIUM;XIRECS;10001.0;3
916603;;;ASH_COATED_OSMIUM;XIRECS;10009.0;10
917433;;;INTARIAN_PEPPER_ROOT;XIRECS;43906.0;5
917687;;;ASH_COATED_OSMIUM;XIRECS;9990.0;9
918898;;;ASH_COATED_OSMIUM;XIRECS;9989.0;4
919385;;;ASH_COATED_OSMIUM;XIRECS;10011.0;5
919877;;;INTARIAN_PEPPER_ROOT;XIRECS;43926.0;5
919878;;;ASH_COATED_OSMIUM;XIRECS;9993.0;8
923655;;;INTARIAN_PEPPER_ROOT;XIRECS;43931.0;7
926976;;;ASH_COATED_OSMIUM;XIRECS;10015.0;6
929736;;;INTARIAN_PEPPER_ROOT;XIRECS;43936.0;4
931658;;;INTARIAN_PEPPER_ROOT;XIRECS;43940.0;5
932668;;;ASH_COATED_OSMIUM;XIRECS;9995.0;10
933651;;;ASH_COATED_OSMIUM;XIRECS;10004.0;8
934932;;;INTARIAN_PEPPER_ROOT;XIRECS;43941.0;5
935801;;;ASH_COATED_OSMIUM;XIRECS;10012.0;4
937704;;;ASH_COATED_OSMIUM;XIRECS;10004.0;5
938190;;;ASH_COATED_OSMIUM;XIRECS;10008.0;4
939652;;;INTARIAN_PEPPER_ROOT;XIRECS;43948.0;4
940803;;;INTARIAN_PEPPER_ROOT;XIRECS;43935.0;7
944485;;;ASH_COATED_OSMIUM;XIRECS;9987.0;7
945662;;;ASH_COATED_OSMIUM;XIRECS;10006.0;4
948165;;;INTARIAN_PEPPER_ROOT;XIRECS;43954.0;4
949420;;;ASH_COATED_OSMIUM;XIRECS;9997.0;6
949769;;;INTARIAN_PEPPER_ROOT;XIRECS;43946.0;7
950697;;;INTARIAN_PEPPER_ROOT;XIRECS;43958.0;6
952982;;;INTARIAN_PEPPER_ROOT;XIRECS;43957.0;4
953464;;;INTARIAN_PEPPER_ROOT;XIRECS;43947.0;5
953737;;;ASH_COATED_OSMIUM;XIRECS;9997.0;7
956658;;;INTARIAN_PEPPER_ROOT;XIRECS;43949.0;6
958655;;;ASH_COATED_OSMIUM;XIRECS;10012.0;10
959168;;;ASH_COATED_OSMIUM;XIRECS;10003.0;2
961576;;;INTARIAN_PEPPER_ROOT;XIRECS;43953.0;4
962289;;;INTARIAN_PEPPER_ROOT;XIRECS;43956.0;5
962294;;;ASH_COATED_OSMIUM;XIRECS;10001.0;5
962294;;;ASH_COATED_OSMIUM;XIRECS;10001.0;3
963828;;;ASH_COATED_OSMIUM;XIRECS;9992.0;8
965728;;;ASH_COATED_OSMIUM;XIRECS;9990.0;6
965754;;;ASH_COATED_OSMIUM;XIRECS;10009.0;6
967636;;;ASH_COATED_OSMIUM;XIRECS;9997.0;5
967871;;;INTARIAN_PEPPER_ROOT;XIRECS;43963.0;5
973062;;;INTARIAN_PEPPER_ROOT;XIRECS;43978.0;3
973219;;;INTARIAN_PEPPER_ROOT;XIRECS;43968.0;7
974641;;;ASH_COATED_OSMIUM;XIRECS;9993.0;2
976193;;;ASH_COATED_OSMIUM;XIRECS;9990.0;3
976483;;;ASH_COATED_OSMIUM;XIRECS;10006.0;5
976765;;;ASH_COATED_OSMIUM;XIRECS;10013.0;7
977290;;;INTARIAN_PEPPER_ROOT;XIRECS;43970.0;5
981168;;;ASH_COATED_OSMIUM;XIRECS;10005.0;5
983797;;;INTARIAN_PEPPER_ROOT;XIRECS;43990.0;7
984720;;;INTARIAN_PEPPER_ROOT;XIRECS;43991.0;3
985663;;;INTARIAN_PEPPER_ROOT;XIRECS;43976.0;4
987004;;;ASH_COATED_OSMIUM;XIRECS;9988.0;4
988313;;;INTARIAN_PEPPER_ROOT;XIRECS;43995.0;7
991505;;;INTARIAN_PEPPER_ROOT;XIRECS;43987.0;5
993310;;;INTARIAN_PEPPER_ROOT;XIRECS;44000.0;3
993724;;;ASH_COATED_OSMIUM;XIRECS;9994.0;6
993794;;;ASH_COATED_OSMIUM;XIRECS;9994.0;3
995056;;;ASH_COATED_OSMIUM;XIRECS;9988.0;6
995070;;;ASH_COATED_OSMIUM;XIRECS;10004.0;3
996104;;;ASH_COATED_OSMIUM;XIRECS;9999.0;6
997284;;;ASH_COATED_OSMIUM;XIRECS;9993.0;2
998430;;;ASH_COATED_OSMIUM;XIRECS;10002.0;9
999201;;;INTARIAN_PEPPER_ROOT;XIRECS;44006.0;6
999654;;;ASH_COATED_OSMIUM;XIRECS;10014.0;10