timestamp;buyer;seller;symbol;currency;price;quantity
754;;;ASH_COATED_OSMIUM;XIRECS;9991.0;10
955;;;INTARIAN_PEPPER_ROOT;XIRECS;53007.0;5
1857;;;ASH_COATED_OSMIUM;XIRECS;9996.0;3
2770;;;INTARIAN_PEPPER_ROOT;XIRECS;53008.0;7
2905;;;ASH_COATED_OSMIUM;XIRECS;10008.0;3
3759;;;INTARIAN_PEPPER_ROOT;XIRECS;52998.0;6
5966;;;INTARIAN_PEPPER_ROOT;XIRECS;53000.0;4
6384;;;ASH_COATED_OSMIUM;XIRECS;9999.0;4
7029;;;INTARIAN_PEPPER_ROOT;XIRECS;53013.0;3
7308;;;ASH_COATED_OSMIUM;XIRECS;10000.0;8
8377;;;INTARIAN_PEPPER_ROOT;XIRECS;53013.0;4
8897;;;ASH_COATED_OSMIUM;XIRECS;10000.0;6
12556;;;ASH_COATED_OSMIUM;XIRECS;9994.0;6
15278;;;INTARIAN_PEPPER_ROOT;XIRECS;53018.0;6
15432;;;ASH_COATED_OSMIUM;XIRECS;9993.0;4
15885;;;INTARIAN_PEPPER_ROOT;XIRECS;53010.0;5
16875;;;INTARIAN_PEPPER_ROOT;XIRECS;53024.0;7
16921;;;ASH_COATED_OSMIUM;XIRECS;10013.0;6
19012;;;ASH_COATED_OSMIUM;XIRECS;9992.0;10
19533;;;ASH_COATED_OSMIUM;XIRECS;9997.0;3
19913;;;ASH_COATED_OSMIUM;XIRECS;10003.0;7
20617;;;ASH_COATED_OSMIUM;XIRECS;9996.0;3
21968;;;ASH_COATED_OSMIUM;XIRECS;9995.0;5
22788;;;INTARIAN_PEPPER_ROOT;XIRECS;53016.0;3
24008;;;INTARIAN_PEPPER_ROOT;XIRECS;53032.0;3
24020;;;INTARIAN_PEPPER_ROOT;XIRECS;53032.0;7
24262;;;INTARIAN_PEPPER_ROOT;XIRECS;53031.0;6
25507;;;INTARIAN_PEPPER_ROOT;XIRECS;53022.0;6
27527;;;INTARIAN_PEPPER_ROOT;XIRECS;53020.0;7
28903;;;ASH_COATED_OSMIUM;XIRECS;9996.0;5
31126;;;INTARIAN_PEPPER_ROOT;XIRECS;53022.0;5
31662;;;ASH_COATED_OSMIUM;XIRECS;10002.0;7
34934;;;ASH_COATED_OSMIUM;XIRECS;9990.0;2
39667;;;ASH_COATED_OSMIUM;XIRECS;10006.0;6
41476;;;ASH_COATED_OSMIUM;XIRECS;10001.0;8
42130;;;INTARIAN_PEPPER_ROOT;XIRECS;53040.0;4
42549;;;ASH_COATED_OSMIUM;XIRECS;9994.0;2
42693;;;ASH_COATED_OSMIUM;XIRECS;9993.0;5
43515;;;ASH_COATED_OSMIUM;XIRECS;10006.0;5
45139;;;ASH_COATED_OSMIUM;XIRECS;9996.0;6
45242;;;INTARIAN_PEPPER_ROOT;XIRECS;53039.0;7
45597;;;ASH_COATED_OSMIUM;XIRECS;9993.0;9
45960;;;ASH_COATED_OSMIUM;XIRECS;9990.0;4
47471;;;ASH_COATED_OSMIUM;XIRECS;10008.0;5
48390;;;ASH_COATED_OSMIUM;XIRECS;10000.0;6
51508;;;ASH_COATED_OSMIUM;XIRECS;9996.0;9
52124;;;ASH_COATED_OSMIUM;XIRECS;10014.0;6
57959;;;ASH_COATED_OSMIUM;XIRECS;10000.0;2
58510;;;ASH_COATED_OSMIUM;XIRECS;10006.0;5
58725;;;ASH_COATED_OSMIUM;XIRECS;9988.0;6
61486;;;INTARIAN_PEPPER_ROOT;XIRECS;53055.0;6
63651;;;ASH_COATED_OSMIUM;XIRECS;10001.0;7
64644;;;INTARIAN_PEPPER_ROOT;XIRECS;53073.0;8
64731;;;INTARIAN_PEPPER_ROOT;XIRECS;53059.0;7
68165;;;ASH_COATED_OSMIUM;XIRECS;10011.0;6
68897;;;ASH_COATED_OSMIUM;XIRECS;10011.0;7
69451;;;INTARIAN_PEPPER_ROOT;XIRECS;53072.0;7
70408;;;INTARIAN_PEPPER_ROOT;XIRECS;53063.0;5
73027;;;INTARIAN_PEPPER_ROOT;XIRECS;53063.0;6
75640;;;ASH_COATED_OSMIUM;XIRECS;9990.0;5
76190;;;ASH_COATED_OSMIUM;XIRECS;9996.0;2
76257;;;ASH_COATED_OSMIUM;XIRECS;9997.0;3
76910;;;INTARIAN_PEPPER_ROOT;XIRECS;53082.0;5
77173;;;INTARIAN_PEPPER_ROOT;XIRECS;53080.0;5
78023;;;INTARIAN_PEPPER_ROOT;XIRECS;53068.0;5
78134;;;ASH_COATED_OSMIUM;XIRECS;10007.0;3
81727;;;ASH_COATED_OSMIUM;XIRECS;10006.0;7
83590;;;INTARIAN_PEPPER_ROOT;XIRECS;53078.0;4
86081;;;INTARIAN_PEPPER_ROOT;XIRECS;53090.0;8
87039;;;INTARIAN_PEPPER_ROOT;XIRECS;53081.0;5
87587;;;ASH_COATED_OSMIUM;XIRECS;10017.0;6
87711;;;INTARIAN_PEPPER_ROOT;XIRECS;53084.0;5
88897;;;ASH_COATED_OSMIUM;XIRECS;10015.0;6
89293;;;ASH_COATED_OSMIUM;XIRECS;10010.0;4
92848;;;INTARIAN_PEPPER_ROOT;XIRECS;53088.0;6
93214;;;INTARIAN_PEPPER_ROOT;XIRECS;53100.0;4
95178;;;ASH_COATED_OSMIUM;XIRECS;10006.0;2
95206;;;INTARIAN_PEPPER_ROOT;XIRECS;53087.0;5
96943;;;ASH_COATED_OSMIUM;XIRECS;9994.0;3
97237;;;INTARIAN_PEPPER_ROOT;XIRECS;53103.0;5
97418;;;INTARIAN_PEPPER_ROOT;XIRECS;53093.0;5
97751;;;INTARIAN_PEPPER_ROOT;XIRECS;53104.0;5
100820;;;ASH_COATED_OSMIUM;XIRECS;10012.0;8
112650;;;ASH_COATED_OSMIUM;XIRECS;10003.0;6
113223;;;INTARIAN_PEPPER_ROOT;XIRECS;53109.0;4
113451;;;ASH_COATED_OSMIUM;XIRECS;10011.0;8
114228;;;ASH_COATED_OSMIUM;XIRECS;10015.0;6
114713;;;INTARIAN_PEPPER_ROOT;XIRECS;53129.0;5
116506;;;INTARIAN_PEPPER_ROOT;XIRECS;53124.0;7
116760;;;INTARIAN_PEPPER_ROOT;XIRECS;53111.0;3
118280;;;INTARIAN_PEPPER_ROOT;XIRECS;53128.0;4
119469;;;INTARIAN_PEPPER_ROOT;XIRECS;53114.0;7
122045;;;INTARIAN_PEPPER_ROOT;XIRECS;53127.0;6
122835;;;ASH_COATED_OSMIUM;XIRECS;10003.0;5
123621;;;ASH_COATED_OSMIUM;XIRECS;10012.0;2
124352;;;ASH_COATED_OSMIUM;XIRECS;10013.0;8
125259;;;ASH_COATED_OSMIUM;XIRECS;9994.0;10
126173;;;ASH_COATED_OSMIUM;XIRECS;9991.0;2
128422;;;ASH_COATED_OSMIUM;XIRECS;10007.0;5
130162;;;INTARIAN_PEPPER_ROOT;XIRECS;53137.0;3
130353;;;ASH_COATED_OSMIUM;XIRECS;9991.0;6
131013;;;INTARIAN_PEPPER_ROOT;XIRECS;53136.0;5
131573;;;ASH_COATED_OSMIUM;XIRECS;10011.0;7
131694;;;INTARIAN_PEPPER_ROOT;XIRECS;53133.0;5
133005;;;INTARIAN_PEPPER_ROOT;XIRECS;53125.0;5
133193;;;INTARIAN_PEPPER_ROOT;XIRECS;53142.0;6
134436;;;ASH_COATED_OSMIUM;XIRECS;9989.0;6
135009;;;ASH_COATED_OSMIUM;XIRECS;10009.0;10
135789;;;INTARIAN_PEPPER_ROOT;XIRECS;53126.0;4
136487;;;ASH_COATED_OSMIUM;XIRECS;10009.0;7
136623;;;INTARIAN_PEPPER_ROOT;XIRECS;53128.0;5
139833;;;INTARIAN_PEPPER_ROOT;XIRECS;53133.0;5
140266;;;ASH_COATED_OSMIUM;XIRECS;10010.0;6
141280;;;INTARIAN_PEPPER_ROOT;XIRECS;53138.0;6
141680;;;ASH_COATED_OSMIUM;XIRECS;10017.0;5
142053;;;ASH_COATED_OSMIUM;XIRECS;9998.0;2
142274;;;ASH_COATED_OSMIUM;XIRECS;9999.0;5
144605;;;INTARIAN_PEPPER_ROOT;XIRECS;53153.0;4
145268;;;INTARIAN_PEPPER_ROOT;XIRECS;53135.0;7
147936;;;ASH_COATED_OSMIUM;XIRECS;10016.0;4
148044;;;INTARIAN_PEPPER_ROOT;XIRECS;53141.0;7
151447;;;INTARIAN_PEPPER_ROOT;XIRECS;53143.0;3
153843;;;ASH_COATED_OSMIUM;XIRECS;10005.0;8
154586;;;INTARIAN_PEPPER_ROOT;XIRECS;53147.0;7
154682;;;ASH_COATED_OSMIUM;XIRECS;10001.0;6
157618;;;ASH_COATED_OSMIUM;XIRECS;9991.0;2
158297;;;INTARIAN_PEPPER_ROOT;XIRECS;53163.0;7
161024;;;ASH_COATED_OSMIUM;XIRECS;10002.0;9
161467;;;ASH_COATED_OSMIUM;XIRECS;10007.0;4
163821;;;ASH_COATED_OSMIUM;XIRECS;9992.0;4
166332;;;INTARIAN_PEPPER_ROOT;XIRECS;53166.0;3
166526;;;ASH_COATED_OSMIUM;XIRECS;9991.0;5
169080;;;INTARIAN_PEPPER_ROOT;XIRECS;53170.0;6
169213;;;INTARIAN_PEPPER_ROOT;XIRECS;53162.0;5
171517;;;INTARIAN_PEPPER_ROOT;XIRECS;53168.0;5
172175;;;INTARIAN_PEPPER_ROOT;XIRECS;53165.0;7
176257;;;ASH_COATED_OSMIUM;XIRECS;10006.0;6
177269;;;INTARIAN_PEPPER_ROOT;XIRECS;53169.0;6
178511;;;INTARIAN_PEPPER_ROOT;XIRECS;53188.0;5
180894;;;INTARIAN_PEPPER_ROOT;XIRECS;53185.0;4
183208;;;INTARIAN_PEPPER_ROOT;XIRECS;53180.0;4
183262;;;INTARIAN_PEPPER_ROOT;XIRECS;53192.0;7
184218;;;ASH_COATED_OSMIUM;XIRECS;9991.0;3
185585;;;ASH_COATED_OSMIUM;XIRECS;10022.0;2
185794;;;INTARIAN_PEPPER_ROOT;XIRECS;53178.0;6
186634;;;ASH_COATED_OSMIUM;XIRECS;10010.0;9
187704;;;INTARIAN_PEPPER_ROOT;XIRECS;53182.0;6
188442;;;INTARIAN_PEPPER_ROOT;XIRECS;53197.0;4
188732;;;ASH_COATED_OSMIUM;XIRECS;9999.0;3
189383;;;INTARIAN_PEPPER_ROOT;XIRECS;53197.0;6
189575;;;INTARIAN_PEPPER_ROOT;XIRECS;53194.0;5
189713;;;ASH_COATED_OSMIUM;XIRECS;9999.0;5
190700;;;INTARIAN_PEPPER_ROOT;XIRECS;53184.0;6
192150;;;ASH_COATED_OSMIUM;XIRECS;9988.0;5
192900;;;ASH_COATED_OSMIUM;XIRECS;9982.0;7
194472;;;ASH_COATED_OSMIUM;XIRECS;9982.0;6
195222;;;INTARIAN_PEPPER_ROOT;XIRECS;53190.0;3
196210;;;INTARIAN_PEPPER_ROOT;XIRECS;53191.0;3
198033;;;INTARIAN_PEPPER_ROOT;XIRECS;53200.0;6
198853;;;ASH_COATED_OSMIUM;XIRECS;9990.0;8
201080;;;ASH_COATED_OSMIUM;XIRECS;10014.0;7
204600;;;ASH_COATED_OSMIUM;XIRECS;10003.0;7
207284;;;INTARIAN_PEPPER_ROOT;XIRECS;53198.0;3
209734;;;ASH_COATED_OSMIUM;XIRECS;9993.0;6
209877;;;ASH_COATED_OSMIUM;XIRECS;9991.0;3
210010;;;INTARIAN_PEPPER_ROOT;XIRECS;53215.0;5
210362;;;ASH_COATED_OSMIUM;XIRECS;9995.0;2
212911;;;ASH_COATED_OSMIUM;XIRECS;9991.0;4
213120;;;INTARIAN_PEPPER_ROOT;XIRECS;53207.0;4
214208;;;ASH_COATED_OSMIUM;XIRECS;9997.0;6
215840;;;ASH_COATED_OSMIUM;XIRECS;10004.0;5
216961;;;ASH_COATED_OSMIUM;XIRECS;10013.0;4
218260;;;ASH_COATED_OSMIUM;XIRECS;9997.0;2
221003;;;ASH_COATED_OSMIUM;XIRECS;10007.0;9
221588;;;INTARIAN_PEPPER_ROOT;XIRECS;53218.0;5
223060;;;ASH_COATED_OSMIUM;XIRECS;9997.0;5
225275;;;INTARIAN_PEPPER_ROOT;XIRECS;53222.0;5
225741;;;ASH_COATED_OSMIUM;XIRECS;10007.0;4
227292;;;ASH_COATED_OSMIUM;XIRECS;10005.0;2
230846;;;ASH_COATED_OSMIUM;XIRECS;10004.0;4
233432;;;INTARIAN_PEPPER_ROOT;XIRECS;53243.0;7
233784;;;ASH_COATED_OSMIUM;XIRECS;10003.0;3
235277;;;ASH_COATED_OSMIUM;XIRECS;9991.0;8
236635;;;INTARIAN_PEPPER_ROOT;XIRECS;53230.0;8
236940;;;INTARIAN_PEPPER_ROOT;XIRECS;53231.0;4
237607;;;INTARIAN_PEPPER_ROOT;XIRECS;53243.0;3
238801;;;INTARIAN_PEPPER_ROOT;XIRECS;53247.0;5
239365;;;ASH_COATED_OSMIUM;XIRECS;10009.0;3
241006;;;ASH_COATED_OSMIUM;XIRECS;9984.0;9
242106;;;ASH_COATED_OSMIUM;XIRECS;9984.0;3
243418;;;INTARIAN_PEPPER_ROOT;XIRECS;53242.0;5
243568;;;ASH_COATED_OSMIUM;XIRECS;10005.0;4
244276;;;INTARIAN_PEPPER_ROOT;XIRECS;53238.0;4
247876;;;ASH_COATED_OSMIUM;XIRECS;9999.0;6
250263;;;ASH_COATED_OSMIUM;XIRECS;9989.0;6
251223;;;ASH_COATED_OSMIUM;XIRECS;10013.0;6
251443;;;ASH_COATED_OSMIUM;XIRECS;10009.0;8
251970;;;INTARIAN_PEPPER_ROOT;XIRECS;53248.0;5
252301;;;ASH_COATED_OSMIUM;XIRECS;9993.0;6
254260;;;ASH_COATED_OSMIUM;XIRECS;10019.0;6
254281;;;INTARIAN_PEPPER_ROOT;XIRECS;53259.0;5
255931;;;INTARIAN_PEPPER_ROOT;XIRECS;53259.0;5
257179;;;ASH_COATED_OSMIUM;XIRECS;9995.0;4
257344;;;INTARIAN_PEPPER_ROOT;XIRECS;53264.0;5
258275;;;INTARIAN_PEPPER_ROOT;XIRECS;53266.0;5
260746;;;INTARIAN_PEPPER_ROOT;XIRECS;53248.0;7
261606;;;ASH_COATED_OSMIUM;XIRECS;9992.0;3
262257;;;INTARIAN_PEPPER_ROOT;XIRECS;53258.0;5
263205;;;INTARIAN_PEPPER_ROOT;XIRECS;53257.0;6
263431;;;ASH_COATED_OSMIUM;XIRECS;10007.0;5
269303;;;INTARIAN_PEPPER_ROOT;XIRECS;53266.0;3
270514;;;ASH_COATED_OSMIUM;XIRECS;9990.0;3
271213;;;INTARIAN_PEPPER_ROOT;XIRECS;53275.0;7
271880;;;INTARIAN_PEPPER_ROOT;XIRECS;53282.0;8
272680;;;INTARIAN_PEPPER_ROOT;XIRECS;53267.0;6
273202;;;ASH_COATED_OSMIUM;XIRECS;9990.0;2
274453;;;ASH_COATED_OSMIUM;XIRECS;9996.0;8
274587;;;INTARIAN_PEPPER_ROOT;XIRECS;53269.0;5
275020;;;ASH_COATED_OSMIUM;XIRECS;10012.0;3
275066;;;ASH_COATED_OSMIUM;XIRECS;10012.0;9
275634;;;ASH_COATED_OSMIUM;XIRECS;9992.0;6
276189;;;INTARIAN_PEPPER_ROOT;XIRECS;53280.0;3
277150;;;ASH_COATED_OSMIUM;XIRECS;10006.0;6
277825;;;ASH_COATED_OSMIUM;XIRECS;10003.0;5
279833;;;ASH_COATED_OSMIUM;XIRECS;10006.0;7
281405;;;INTARIAN_PEPPER_ROOT;XIRECS;53275.0;4
281456;;;ASH_COATED_OSMIUM;XIRECS;9991.0;10
282967;;;ASH_COATED_OSMIUM;XIRECS;10006.0;3
283055;;;ASH_COATED_OSMIUM;XIRECS;10000.0;4
286259;;;INTARIAN_PEPPER_ROOT;XIRECS;53289.0;3
286495;;;ASH_COATED_OSMIUM;XIRECS;10003.0;9
288578;;;INTARIAN_PEPPER_ROOT;XIRECS;53295.0;4
288765;;;ASH_COATED_OSMIUM;XIRECS;10006.0;3
289239;;;INTARIAN_PEPPER_ROOT;XIRECS;53297.0;6
289269;;;INTARIAN_PEPPER_ROOT;XIRECS;53297.0;3
290494;;;INTARIAN_PEPPER_ROOT;XIRECS;53283.0;5
290862;;;ASH_COATED_OSMIUM;XIRECS;10001.0;3
290921;;;ASH_COATED_OSMIUM;XIRECS;10003.0;8
291255;;;ASH_COATED_OSMIUM;XIRECS;9999.0;4
292057;;;ASH_COATED_OSMIUM;XIRECS;9982.0;10
293691;;;ASH_COATED_OSMIUM;XIRECS;9988.0;5
294342;;;INTARIAN_PEPPER_ROOT;XIRECS;53305.0;3
295537;;;ASH_COATED_OSMIUM;XIRECS;10011.0;10
297161;;;INTARIAN_PEPPER_ROOT;XIRECS;53304.0;5
297826;;;INTARIAN_PEPPER_ROOT;XIRECS;53291.0;8
298630;;;ASH_COATED_OSMIUM;XIRECS;9994.0;2
306260;;;ASH_COATED_OSMIUM;XIRECS;10002.0;5
307406;;;ASH_COATED_OSMIUM;XIRECS;10008.0;2
308008;;;ASH_COATED_OSMIUM;XIRECS;9995.0;4
309593;;;INTARIAN_PEPPER_ROOT;XIRECS;53316.0;3
310574;;;INTARIAN_PEPPER_ROOT;XIRECS;53318.0;5
313471;;;ASH_COATED_OSMIUM;XIRECS;10005.0;7
317047;;;ASH_COATED_OSMIUM;XIRECS;9987.0;8
319392;;;INTARIAN_PEPPER_ROOT;XIRECS;53329.0;6
319491;;;INTARIAN_PEPPER_ROOT;XIRECS;53311.0;5
319902;;;ASH_COATED_OSMIUM;XIRECS;9996.0;3
321823;;;ASH_COATED_OSMIUM;XIRECS;9983.0;7
322212;;;ASH_COATED_OSMIUM;XIRECS;9994.0;7
323552;;;INTARIAN_PEPPER_ROOT;XIRECS;53332.0;4
325933;;;ASH_COATED_OSMIUM;XIRECS;9985.0;2
326820;;;INTARIAN_PEPPER_ROOT;XIRECS;53333.0;4
327527;;;INTARIAN_PEPPER_ROOT;XIRECS;53314.0;5
331674;;;INTARIAN_PEPPER_ROOT;XIRECS;53340.0;5
332687;;;ASH_COATED_OSMIUM;XIRECS;10018.0;4
332801;;;ASH_COATED_OSMIUM;XIRECS;9995.0;4
333714;;;ASH_COATED_OSMIUM;XIRECS;9998.0;7
334148;;;INTARIAN_PEPPER_ROOT;XIRECS;53337.0;3
336791;;;ASH_COATED_OSMIUM;XIRECS;10004.0;5
337689;;;ASH_COATED_OSMIUM;XIRECS;10014.0;10
338051;;;ASH_COATED_OSMIUM;XIRECS;9991.0;9
338494;;;ASH_COATED_OSMIUM;XIRECS;10003.0;3
339239;;;ASH_COATED_OSMIUM;XIRECS;9993.0;6
339881;;;INTARIAN_PEPPER_ROOT;XIRECS;53333.0;3
341194;;;INTARIAN_PEPPER_ROOT;XIRECS;53347.0;3
343750;;;INTARIAN_PEPPER_ROOT;XIRECS;53350.0;4
344137;;;ASH_COATED_OSMIUM;XIRECS;10012.0;3
344670;;;ASH_COATED_OSMIUM;XIRECS;9993.0;6
345189;;;ASH_COATED_OSMIUM;XIRECS;9995.0;7
345253;;;INTARIAN_PEPPER_ROOT;XIRECS;53338.0;6
347432;;;ASH_COATED_OSMIUM;XIRECS;10016.0;6
347988;;;INTARIAN_PEPPER_ROOT;XIRECS;53341.0;7
350055;;;INTARIAN_PEPPER_ROOT;XIRECS;53347.0;3
350247;;;ASH_COATED_OSMIUM;XIRECS;10010.0;5
351146;;;ASH_COATED_OSMIUM;XIRECS;9988.0;3
351483;;;INTARIAN_PEPPER_ROOT;XIRECS;53345.0;4
352778;;;INTARIAN_PEPPER_ROOT;XIRECS;53358.0;7
357055;;;ASH_COATED_OSMIUM;XIRECS;9990.0;7
359418;;;INTARIAN_PEPPER_ROOT;XIRECS;53368.0;4
359431;;;ASH_COATED_OSMIUM;XIRECS;10019.0;5
360575;;;ASH_COATED_OSMIUM;XIRECS;10005.0;4
361917;;;INTARIAN_PEPPER_ROOT;XIRECS;53369.0;3
363080;;;INTARIAN_PEPPER_ROOT;XIRECS;53353.0;5
365739;;;INTARIAN_PEPPER_ROOT;XIRECS;53361.0;6
368713;;;INTARIAN_PEPPER_ROOT;XIRECS;53377.0;8
369212;;;ASH_COATED_OSMIUM;XIRECS;9989.0;4
372932;;;ASH_COATED_OSMIUM;XIRECS;10002.0;7
374274;;;INTARIAN_PEPPER_ROOT;XIRECS;53380.0;6
374792;;;ASH_COATED_OSMIUM;XIRECS;10012.0;2
375386;;;ASH_COATED_OSMIUM;XIRECS;10011.0;5
376806;;;ASH_COATED_OSMIUM;XIRECS;9995.0;4
377719;;;ASH_COATED_OSMIUM;XIRECS;9987.0;6
378104;;;INTARIAN_PEPPER_ROOT;XIRECS;53374.0;6
379145;;;ASH_COATED_OSMIUM;XIRECS;9987.0;6
382041;;;ASH_COATED_OSMIUM;XIRECS;10007.0;5
382428;;;ASH_COATED_OSMIUM;XIRECS;9987.0;3
382673;;;ASH_COATED_OSMIUM;XIRECS;9989.0;6
385809;;;ASH_COATED_OSMIUM;XIRECS;10012.0;3
386289;;;INTARIAN_PEPPER_ROOT;XIRECS;53379.0;6
387973;;;ASH_COATED_OSMIUM;XIRECS;10012.0;4
389432;;;INTARIAN_PEPPER_ROOT;XIRECS;53399.0;7
391107;;;ASH_COATED_OSMIUM;XIRECS;9996.0;3
392859;;;ASH_COATED_OSMIUM;XIRECS;9990.0;7
394166;;;ASH_COATED_OSMIUM;XIRECS;9989.0;10
394814;;;ASH_COATED_OSMIUM;XIRECS;10008.0;5
396305;;;ASH_COATED_OSMIUM;XIRECS;10001.0;2
397842;;;ASH_COATED_OSMIUM;XIRECS;9988.0;9
401923;;;ASH_COATED_OSMIUM;XIRECS;10006.0;5
403942;;;INTARIAN_PEPPER_ROOT;XIRECS;53399.0;6
404227;;;INTARIAN_PEPPER_ROOT;XIRECS;53409.0;3
405820;;;ASH_COATED_OSMIUM;XIRECS;10014.0;2
406956;;;INTARIAN_PEPPER_ROOT;XIRECS;53401.0;4
407258;;;INTARIAN_PEPPER_ROOT;XIRECS;53413.0;5
408958;;;ASH_COATED_OSMIUM;XIRECS;10010.0;6
409078;;;ASH_COATED_OSMIUM;XIRECS;10013.0;8
411065;;;ASH_COATED_OSMIUM;XIRECS;9984.0;2
411812;;;ASH_COATED_OSMIUM;XIRECS;9990.0;8
412046;;;ASH_COATED_OSMIUM;XIRECS;10012.0;8
412188;;;INTARIAN_PEPPER_ROOT;XIRECS;53407.0;7
414486;;;ASH_COATED_OSMIUM;XIRECS;9996.0;6
416937;;;INTARIAN_PEPPER_ROOT;XIRECS;53422.0;6
419163;;;ASH_COATED_OSMIUM;XIRECS;9988.0;10
419981;;;INTARIAN_PEPPER_ROOT;XIRECS;53417.0;6
421514;;;INTARIAN_PEPPER_ROOT;XIRECS;53413.0;5
422717;;;ASH_COATED_OSMIUM;XIRECS;10000.0;6
423937;;;INTARIAN_PEPPER_ROOT;XIRECS;53427.0;7
426807;;;ASH_COATED_OSMIUM;XIRECS;9994.0;10
427029;;;INTARIAN_PEPPER_ROOT;XIRECS;53422.0;5
427276;;;INTARIAN_PEPPER_ROOT;XIRECS;53434.0;6
428014;;;ASH_COATED_OSMIUM;XIRECS;9993.0;8
429662;;;INTARIAN_PEPPER_ROOT;XIRECS;53424.0;5
431871;;;INTARIAN_PEPPER_ROOT;XIRECS;53423.0;7
433280;;;ASH_COATED_OSMIUM;XIRECS;9982.0;7
435691;;;INTARIAN_PEPPER_ROOT;XIRECS;53428.0;6
438669;;;ASH_COATED_OSMIUM;XIRECS;10003.0;2
440129;;;ASH_COATED_OSMIUM;XIRECS;9991.0;7
440149;;;ASH_COATED_OSMIUM;XIRECS;10001.0;5
441175;;;ASH_COATED_OSMIUM;XIRECS;10003.0;5
442773;;;INTARIAN_PEPPER_ROOT;XIRECS;53451.0;4
444641;;;ASH_COATED_OSMIUM;XIRECS;9997.0;2
445594;;;INTARIAN_PEPPER_ROOT;XIRECS;53456.0;6
445688;;;INTARIAN_PEPPER_ROOT;XIRECS;53455.0;7
448059;;;ASH_COATED_OSMIUM;XIRECS;9990.0;6
449500;;;INTARIAN_PEPPER_ROOT;XIRECS;53442.0;7
451848;;;ASH_COATED_OSMIUM;XIRECS;10013.0;3
453745;;;INTARIAN_PEPPER_ROOT;XIRECS;53460.0;4
454365;;;ASH_COATED_OSMIUM;XIRECS;9977.0;4
454859;;;ASH_COATED_OSMIUM;XIRECS;9991.0;5
459084;;;ASH_COATED_OSMIUM;XIRECS;10016.0;5
459909;;;ASH_COATED_OSMIUM;XIRECS;9991.0;10
460581;;;ASH_COATED_OSMIUM;XIRECS;10009.0;5
461234;;;ASH_COATED_OSMIUM;XIRECS;9993.0;6
461702;;;INTARIAN_PEPPER_ROOT;XIRECS;53455.0;5
462211;;;INTARIAN_PEPPER_ROOT;XIRECS;53467.0;7
465595;;;INTARIAN_PEPPER_ROOT;XIRECS;53457.0;7
466034;;;ASH_COATED_OSMIUM;XIRECS;9996.0;6
467788;;;INTARIAN_PEPPER_ROOT;XIRECS;53468.0;6
468403;;;INTARIAN_PEPPER_ROOT;XIRECS;53473.0;7
468478;;;INTARIAN_PEPPER_ROOT;XIRECS;53473.0;6
469092;;;INTARIAN_PEPPER_ROOT;XIRECS;53477.0;4
469199;;;INTARIAN_PEPPER_ROOT;XIRECS;53475.0;3
471839;;;ASH_COATED_OSMIUM;XIRECS;10011.0;4
472248;;;INTARIAN_PEPPER_ROOT;XIRECS;53474.0;7
476605;;;INTARIAN_PEPPER_ROOT;XIRECS;53479.0;7
477623;;;INTARIAN_PEPPER_ROOT;XIRECS;53485.0;6
478436;;;INTARIAN_PEPPER_ROOT;XIRECS;53476.0;5
480132;;;INTARIAN_PEPPER_ROOT;XIRECS;53485.0;4
482338;;;INTARIAN_PEPPER_ROOT;XIRECS;53473.0;6
482775;;;INTARIAN_PEPPER_ROOT;XIRECS;53490.0;4
483778;;;INTARIAN_PEPPER_ROOT;XIRECS;53492.0;6
484073;;;INTARIAN_PEPPER_ROOT;XIRECS;53475.0;7
484510;;;INTARIAN_PEPPER_ROOT;XIRECS;53493.0;6
485270;;;INTARIAN_PEPPER_ROOT;XIRECS;53474.0;4
485276;;;ASH_COATED_OSMIUM;XIRECS;9992.0;6
485775;;;INTARIAN_PEPPER_ROOT;XIRECS;53476.0;6
485932;;;ASH_COATED_OSMIUM;XIRECS;10004.0;7
486292;;;INTARIAN_PEPPER_ROOT;XIRECS;53494.0;6
487477;;;INTARIAN_PEPPER_ROOT;XIRECS;53496.0;3
490208;;;ASH_COATED_OSMIUM;XIRECS;9982.0;6
490529;;;ASH_COATED_OSMIUM;XIRECS;9984.0;4
492661;;;ASH_COATED_OSMIUM;XIRECS;9996.0;7
493998;;;ASH_COATED_OSMIUM;XIRECS;9995.0;6
494256;;;INTARIAN_PEPPER_ROOT;XIRECS;53486.0;5
495371;;;INTARIAN_PEPPER_ROOT;XIRECS;53504.0;4
495401;;;ASH_COATED_OSMIUM;XIRECS;9994.0;4
495925;;;ASH_COATED_OSMIUM;XIRECS;9989.0;4
496112;;;ASH_COATED_OSMIUM;XIRECS;9995.0;3
497152;;;ASH_COATED_OSMIUM;XIRECS;9996.0;8
497409;;;INTARIAN_PEPPER_ROOT;XIRECS;53497.0;5
498802;;;ASH_COATED_OSMIUM;XIRECS;9987.0;5
500466;;;INTARIAN_PEPPER_ROOT;XIRECS;53508.0;7
502221;;;ASH_COATED_OSMIUM;XIRECS;10010.0;5
502622;;;INTARIAN_PEPPER_ROOT;XIRECS;53512.0;7
502821;;;ASH_COATED_OSMIUM;XIRECS;10016.0;6
503393;;;ASH_COATED_OSMIUM;XIRECS;10016.0;2
503643;;;ASH_COATED_OSMIUM;XIRECS;10014.0;2
503899;;;ASH_COATED_OSMIUM;XIRECS;10012.0;5
504263;;;ASH_COATED_OSMIUM;XIRECS;10008.0;5
505061;;;INTARIAN_PEPPER_ROOT;XIRECS;53506.0;4
505713;;;ASH_COATED_OSMIUM;XIRECS;9990.0;6
505852;;;INTARIAN_PEPPER_ROOT;XIRECS;53499.0;5
506828;;;INTARIAN_PEPPER_ROOT;XIRECS;53513.0;7
510030;;;ASH_COATED_OSMIUM;XIRECS;10009.0;4
511005;;;INTARIAN_PEPPER_ROOT;XIRECS;53506.0;5
514208;;;ASH_COATED_OSMIUM;XIRECS;10010.0;5
516015;;;INTARIAN_PEPPER_ROOT;XIRECS;53523.0;6
516354;;;ASH_COATED_OSMIUM;XIRECS;10014.0;5
520156;;;ASH_COATED_OSMIUM;XIRECS;10000.0;5
520389;;;ASH_COATED_OSMIUM;XIRECS;10001.0;10
521221;;;ASH_COATED_OSMIUM;XIRECS;10006.0;5
525228;;;ASH_COATED_OSMIUM;XIRECS;9992.0;5
526174;;;INTARIAN_PEPPER_ROOT;XIRECS;53533.0;8
526908;;;ASH_COATED_OSMIUM;XIRECS;9987.0;4
527652;;;ASH_COATED_OSMIUM;XIRECS;10006.0;5
527873;;;ASH_COATED_OSMIUM;XIRECS;10015.0;6
528156;;;INTARIAN_PEPPER_ROOT;XIRECS;53524.0;5
528730;;;INTARIAN_PEPPER_ROOT;XIRECS;53535.0;8
529826;;;ASH_COATED_OSMIUM;XIRECS;9991.0;10
530744;;;ASH_COATED_OSMIUM;XIRECS;9991.0;4
531140;;;ASH_COATED_OSMIUM;XIRECS;10013.0;3
532021;;;ASH_COATED_OSMIUM;XIRECS;9985.0;9
533311;;;ASH_COATED_OSMIUM;XIRECS;10000.0;6
533468;;;INTARIAN_PEPPER_ROOT;XIRECS;53540.0;5
535069;;;INTARIAN_PEPPER_ROOT;XIRECS;53531.0;7
536653;;;ASH_COATED_OSMIUM;XIRECS;9993.0;4
536877;;;ASH_COATED_OSMIUM;XIRECS;9992.0;6
537501;;;INTARIAN_PEPPER_ROOT;XIRECS;53546.0;5
538019;;;ASH_COATED_OSMIUM;XIRECS;10010.0;5
538673;;;INTARIAN_PEPPER_ROOT;XIRECS;53549.0;6
539880;;;INTARIAN_PEPPER_ROOT;XIRECS;53546.0;7
541875;;;INTARIAN_PEPPER_ROOT;XIRECS;53550.0;6
544955;;;ASH_COATED_OSMIUM;XIRECS;9999.0;4
545734;;;INTARIAN_PEPPER_ROOT;XIRECS;53549.0;3
547674;;;ASH_COATED_OSMIUM;XIRECS;9994.0;2
548489;;;ASH_COATED_OSMIUM;XIRECS;10009.0;10
549981;;;INTARIAN_PEPPER_ROOT;XIRECS;53542.0;4
550003;;;ASH_COATED_OSMIUM;XIRECS;10013.0;3
550443;;;INTARIAN_PEPPER_ROOT;XIRECS;53544.0;4
550816;;;INTARIAN_PEPPER_ROOT;XIRECS;53555.0;7
550996;;;ASH_COATED_OSMIUM;XIRECS;10008.0;4
554928;;;ASH_COATED_OSMIUM;XIRECS;9993.0;2
554961;;;INTARIAN_PEPPER_ROOT;XIRECS;53546.0;3
556321;;;INTARIAN_PEPPER_ROOT;XIRECS;53548.0;6
556497;;;ASH_COATED_OSMIUM;XIRECS;9993.0;4
562071;;;ASH_COATED_OSMIUM;XIRECS;10004.0;10
562097;;;ASH_COATED_OSMIUM;XIRECS;10004.0;5
562330;;;INTARIAN_PEPPER_ROOT;XIRECS;53556.0;3
563188;;;ASH_COATED_OSMIUM;XIRECS;9993.0;3
566311;;;INTARIAN_PEPPER_ROOT;XIRECS;53574.0;4
566403;;;ASH_COATED_OSMIUM;XIRECS;9986.0;6
568624;;;INTARIAN_PEPPER_ROOT;XIRECS;53570.0;6
569568;;;INTARIAN_PEPPER_ROOT;XIRECS;53574.0;3
569811;;;ASH_COATED_OSMIUM;XIRECS;9993.0;5
570858;;;ASH_COATED_OSMIUM;XIRECS;10008.0;4
571097;;;ASH_COATED_OSMIUM;XIRECS;10016.0;8
572554;;;INTARIAN_PEPPER_ROOT;XIRECS;53566.0;6
575140;;;ASH_COATED_OSMIUM;XIRECS;10019.0;7
575231;;;INTARIAN_PEPPER_ROOT;XIRECS;53581.0;6
576600;;;INTARIAN_PEPPER_ROOT;XIRECS;53580.0;4
579208;;;ASH_COATED_OSMIUM;XIRECS;10006.0;9
579504;;;INTARIAN_PEPPER_ROOT;XIRECS;53571.0;8
579509;;;ASH_COATED_OSMIUM;XIRECS;10003.0;4
579956;;;ASH_COATED_OSMIUM;XIRECS;10007.0;6
583651;;;INTARIAN_PEPPER_ROOT;XIRECS;53588.0;6
585687;;;INTARIAN_PEPPER_ROOT;XIRECS;53587.0;6
587410;;;ASH_COATED_OSMIUM;XIRECS;9992.0;3
587845;;;INTARIAN_PEPPER_ROOT;XIRECS;53583.0;3
589714;;;INTARIAN_PEPPER_ROOT;XIRECS;53596.0;7
589843;;;INTARIAN_PEPPER_ROOT;XIRECS;53581.0;5
590049;;;ASH_COATED_OSMIUM;XIRECS;9998.0;6
590550;;;INTARIAN_PEPPER_ROOT;XIRECS;53600.0;3
593893;;;ASH_COATED_OSMIUM;XIRECS;10004.0;3
597367;;;INTARIAN_PEPPER_ROOT;XIRECS;53608.0;5
597636;;;ASH_COATED_OSMIUM;XIRECS;9999.0;5
599037;;;ASH_COATED_OSMIUM;XIRECS;9995.0;7
600375;;;ASH_COATED_OSMIUM;XIRECS;9997.0;4
600840;;;ASH_COATED_OSMIUM;XIRECS;10000.0;5
600978;;;INTARIAN_PEPPER_ROOT;XIRECS;53596.0;6
605235;;;INTARIAN_PEPPER_ROOT;XIRECS;53601.0;5
608333;;;INTARIAN_PEPPER_ROOT;XIRECS;53596.0;6
608727;;;ASH_COATED_OSMIUM;XIRECS;9988.0;4
609025;;;INTARIAN_PEPPER_ROOT;XIRECS;53622.0;7
609919;;;ASH_COATED_OSMIUM;XIRECS;9988.0;8
610270;;;INTARIAN_PEPPER_ROOT;XIRECS;53620.0;4
610734;;;ASH_COATED_OSMIUM;XIRECS;9996.0;3
612718;;;ASH_COATED_OSMIUM;XIRECS;9988.0;3
612746;;;ASH_COATED_OSMIUM;XIRECS;10004.0;9
613713;;;INTARIAN_PEPPER_ROOT;XIRECS;53623.0;6
614991;;;INTARIAN_PEPPER_ROOT;XIRECS;53622.0;5
617858;;;ASH_COATED_OSMIUM;XIRECS;9988.0;5
618148;;;ASH_COATED_OSMIUM;XIRECS;9990.0;9
618834;;;ASH_COATED_OSMIUM;XIRECS;10007.0;8
620921;;;ASH_COATED_OSMIUM;XIRECS;9983.0;3
621208;;;ASH_COATED_OSMIUM;XIRECS;10008.0;8
623716;;;ASH_COATED_OSMIUM;XIRECS;10001.0;2
623910;;;ASH_COATED_OSMIUM;XIRECS;10012.0;4
624372;;;INTARIAN_PEPPER_ROOT;XIRECS;53628.0;6
624506;;;INTARIAN_PEPPER_ROOT;XIRECS;53617.0;5
627580;;;ASH_COATED_OSMIUM;XIRECS;9999.0;5
628844;;;ASH_COATED_OSMIUM;XIRECS;9998.0;4
631337;;;ASH_COATED_OSMIUM;XIRECS;10007.0;5
631510;;;INTARIAN_PEPPER_ROOT;XIRECS;53633.0;4
631757;;;ASH_COATED_OSMIUM;XIRECS;10001.0;6
631793;;;INTARIAN_PEPPER_ROOT;XIRECS;53639.0;5
633858;;;ASH_COATED_OSMIUM;XIRECS;9996.0;4
634063;;;ASH_COATED_OSMIUM;XIRECS;9996.0;10
634901;;;ASH_COATED_OSMIUM;XIRECS;10016.0;5
635098;;;INTARIAN_PEPPER_ROOT;XIRECS;53632.0;6
635526;;;ASH_COATED_OSMIUM;XIRECS;9990.0;7
638875;;;ASH_COATED_OSMIUM;XIRECS;9993.0;3
640340;;;INTARIAN_PEPPER_ROOT;XIRECS;53646.0;4
640375;;;INTARIAN_PEPPER_ROOT;XIRECS;53646.0;3
640657;;;ASH_COATED_OSMIUM;XIRECS;10008.0;5
641003;;;INTARIAN_PEPPER_ROOT;XIRECS;53642.0;8
643548;;;ASH_COATED_OSMIUM;XIRECS;9996.0;10
643800;;;INTARIAN_PEPPER_ROOT;XIRECS;53651.0;3
644677;;;INTARIAN_PEPPER_ROOT;XIRECS;53639.0;3
648020;;;INTARIAN_PEPPER_ROOT;XIRECS;53659.0;6
648782;;;ASH_COATED_OSMIUM;XIRECS;9989.0;2
648784;;;ASH_COATED_OSMIUM;XIRECS;9989.0;4
649395;;;ASH_COATED_OSMIUM;XIRECS;9988.0;7
649887;;;ASH_COATED_OSMIUM;XIRECS;9999.0;5
652268;;;ASH_COATED_OSMIUM;XIRECS;9982.0;5
652558;;;INTARIAN_PEPPER_ROOT;XIRECS;53648.0;5
653161;;;ASH_COATED_OSMIUM;XIRECS;9995.0;9
655016;;;ASH_COATED_OSMIUM;XIRECS;10000.0;8
655122;;;ASH_COATED_OSMIUM;XIRECS;10001.0;2
657445;;;ASH_COATED_OSMIUM;XIRECS;10003.0;2
657540;;;INTARIAN_PEPPER_ROOT;XIRECS;53667.0;4
657734;;;ASH_COATED_OSMIUM;XIRECS;9986.0;7
657875;;;INTARIAN_PEPPER_ROOT;XIRECS;53664.0;6
658786;;;ASH_COATED_OSMIUM;XIRECS;9992.0;10
660508;;;INTARIAN_PEPPER_ROOT;XIRECS;53656.0;8
663344;;;INTARIAN_PEPPER_ROOT;XIRECS;53672.0;3
666292;;;ASH_COATED_OSMIUM;XIRECS;10015.0;5
667571;;;ASH_COATED_OSMIUM;XIRECS;9986.0;6
668005;;;INTARIAN_PEPPER_ROOT;XIRECS;53673.0;6
669264;;;INTARIAN_PEPPER_ROOT;XIRECS;53662.0;6
670311;;;INTARIAN_PEPPER_ROOT;XIRECS;53674.0;7
672228;;;ASH_COATED_OSMIUM;XIRECS;9999.0;9
672660;;;ASH_COATED_OSMIUM;XIRECS;9991.0;4
674416;;;INTARIAN_PEPPER_ROOT;XIRECS;53667.0;5
675187;;;INTARIAN_PEPPER_ROOT;XIRECS;53685.0;5
675951;;;ASH_COATED_OSMIUM;XIRECS;9991.0;4
676018;;;INTARIAN_PEPPER_ROOT;XIRECS;53683.0;3
676287;;;ASH_COATED_OSMIUM;XIRECS;9987.0;4
678496;;;INTARIAN_PEPPER_ROOT;XIRECS;53688.0;3
680012;;;ASH_COATED_OSMIUM;XIRECS;10018.0;6
681048;;;INTARIAN_PEPPER_ROOT;XIRECS;53688.0;4
682114;;;INTARIAN_PEPPER_ROOT;XIRECS;53674.0;7
682640;;;ASH_COATED_OSMIUM;XIRECS;9984.0;7
683650;;;ASH_COATED_OSMIUM;XIRECS;10004.0;5
684040;;;ASH_COATED_OSMIUM;XIRECS;9996.0;6
685920;;;ASH_COATED_OSMIUM;XIRECS;10010.0;6
688030;;;INTARIAN_PEPPER_ROOT;XIRECS;53692.0;5
688869;;;ASH_COATED_OSMIUM;XIRECS;10015.0;4
689538;;;INTARIAN_PEPPER_ROOT;XIRECS;53676.0;7
690857;;;INTARIAN_PEPPER_ROOT;XIRECS;53681.0;6
691006;;;ASH_COATED_OSMIUM;XIRECS;9993.0;2
692399;;;ASH_COATED_OSMIUM;XIRECS;10003.0;9
693363;;;INTARIAN_PEPPER_ROOT;XIRECS;53694.0;4
693543;;;INTARIAN_PEPPER_ROOT;XIRECS;53690.0;6
694374;;;ASH_COATED_OSMIUM;XIRECS;10005.0;4
699099;;;ASH_COATED_OSMIUM;XIRECS;9998.0;2
701127;;;ASH_COATED_OSMIUM;XIRECS;9984.0;3
702117;;;ASH_COATED_OSMIUM;XIRECS;10010.0;8
702544;;;ASH_COATED_OSMIUM;XIRECS;9988.0;3
702621;;;INTARIAN_PEPPER_ROOT;XIRECS;53709.0;4
704984;;;INTARIAN_PEPPER_ROOT;XIRECS;53697.0;3
706912;;;INTARIAN_PEPPER_ROOT;XIRECS;53716.0;6
707874;;;ASH_COATED_OSMIUM;XIRECS;10000.0;2
708107;;;INTARIAN_PEPPER_ROOT;XIRECS;53715.0;4
708769;;;INTARIAN_PEPPER_ROOT;XIRECS;53703.0;7
709959;;;ASH_COATED_OSMIUM;XIRECS;9990.0;4
710100;;;ASH_COATED_OSMIUM;XIRECS;10007.0;4
711054;;;ASH_COATED_OSMIUM;XIRECS;10003.0;8
711427;;;INTARIAN_PEPPER_ROOT;XIRECS;53719.0;6
711739;;;INTARIAN_PEPPER_ROOT;XIRECS;53718.0;5
713236;;;INTARIAN_PEPPER_ROOT;XIRECS;53707.0;3
714016;;;ASH_COATED_OSMIUM;XIRECS;9991.0;4
714690;;;INTARIAN_PEPPER_ROOT;XIRECS;53708.0;3
715852;;;ASH_COATED_OSMIUM;XIRECS;9987.0;7
716014;;;INTARIAN_PEPPER_ROOT;XIRECS;53724.0;3
717664;;;INTARIAN_PEPPER_ROOT;XIRECS;53711.0;4
722191;;;ASH_COATED_OSMIUM;XIRECS;10004.0;6
726625;;;ASH_COATED_OSMIUM;XIRECS;9996.0;6
727158;;;INTARIAN_PEPPER_ROOT;XIRECS;53723.0;5
727304;;;INTARIAN_PEPPER_ROOT;XIRECS;53734.0;3
728669;;;INTARIAN_PEPPER_ROOT;XIRECS;53734.0;6
730108;;;ASH_COATED_OSMIUM;XIRECS;9987.0;2
735869;;;INTARIAN_PEPPER_ROOT;XIRECS;53725.0;3
736516;;;INTARIAN_PEPPER_ROOT;XIRECS;53737.0;4
736813;;;INTARIAN_PEPPER_ROOT;XIRECS;53730.0;5
736878;;;INTARIAN_PEPPER_ROOT;XIRECS;53744.0;4
740274;;;INTARIAN_PEPPER_ROOT;XIRECS;53743.0;7
740516;;;ASH_COATED_OSMIUM;XIRECS;9997.0;2
742022;;;ASH_COATED_OSMIUM;XIRECS;9995.0;8
742375;;;ASH_COATED_OSMIUM;XIRECS;9984.0;3
742823;;;ASH_COATED_OSMIUM;XIRECS;9976.0;5
743259;;;ASH_COATED_OSMIUM;XIRECS;10003.0;6
744798;;;ASH_COATED_OSMIUM;XIRECS;9990.0;4
745654;;;INTARIAN_PEPPER_ROOT;XIRECS;53736.0;3
745936;;;ASH_COATED_OSMIUM;XIRECS;10011.0;7
746098;;;ASH_COATED_OSMIUM;XIRECS;9993.0;8
748393;;;ASH_COATED_OSMIUM;XIRECS;9988.0;9
749568;;;INTARIAN_PEPPER_ROOT;XIRECS;53758.0;3
752099;;;ASH_COATED_OSMIUM;XIRECS;9996.0;6
752620;;;ASH_COATED_OSMIUM;XIRECS;9987.0;2
755202;;;INTARIAN_PEPPER_ROOT;XIRECS;53759.0;5
756004;;;ASH_COATED_OSMIUM;XIRECS;10014.0;5
756282;;;INTARIAN_PEPPER_ROOT;XIRECS;53748.0;3
756579;;;ASH_COATED_OSMIUM;XIRECS;10011.0;8
757207;;;INTARIAN_PEPPER_ROOT;XIRECS;53765.0;6
757658;;;INTARIAN_PEPPER_ROOT;XIRECS;53762.0;4
759568;;;INTARIAN_PEPPER_ROOT;XIRECS;53759.0;6
761614;;;INTARIAN_PEPPER_ROOT;XIRECS;53757.0;3
762131;;;ASH_COATED_OSMIUM;XIRECS;9986.0;9
762754;;;ASH_COATED_OSMIUM;XIRECS;9994.0;3
763304;;;ASH_COATED_OSMIUM;XIRECS;10006.0;2
763483;;;ASH_COATED_OSMIUM;XIRECS;10005.0;2
763639;;;INTARIAN_PEPPER_ROOT;XIRECS;53758.0;5
764380;;;ASH_COATED_OSMIUM;XIRECS;9991.0;5
765683;;;INTARIAN_PEPPER_ROOT;XIRECS;53754.0;6
767394;;;ASH_COATED_OSMIUM;XIRECS;9990.0;9
768278;;;ASH_COATED_OSMIUM;XIRECS;9991.0;2
770804;;;INTARIAN_PEPPER_ROOT;XIRECS;53766.0;4
773165;;;INTARIAN_PEPPER_ROOT;XIRECS;53766.0;5
778093;;;ASH_COATED_OSMIUM;XIRECS;9984.0;5
779340;;;INTARIAN_PEPPER_ROOT;XIRECS;53787.0;4
780862;;;ASH_COATED_OSMIUM;XIRECS;10009.0;2
783667;;;ASH_COATED_OSMIUM;XIRECS;10015.0;4
783671;;;ASH_COATED_OSMIUM;XIRECS;10015.0;10
784452;;;INTARIAN_PEPPER_ROOT;XIRECS;53789.0;6
784895;;;INTARIAN_PEPPER_ROOT;XIRECS;53780.0;7
785025;;;ASH_COATED_OSMIUM;XIRECS;9986.0;3
785534;;;ASH_COATED_OSMIUM;XIRECS;10007.0;8
787013;;;ASH_COATED_OSMIUM;XIRECS;9991.0;5
787300;;;INTARIAN_PEPPER_ROOT;XIRECS;53776.0;7
788125;;;ASH_COATED_OSMIUM;XIRECS;10014.0;5
788518;;;ASH_COATED_OSMIUM;XIRECS;9992.0;5
790293;;;ASH_COATED_OSMIUM;XIRECS;10006.0;3
790319;;;ASH_COATED_OSMIUM;XIRECS;9993.0;3
790656;;;ASH_COATED_OSMIUM;XIRECS;9993.0;8
791188;;;INTARIAN_PEPPER_ROOT;XIRECS;53803.0;2
792611;;;INTARIAN_PEPPER_ROOT;XIRECS;53784.0;5
793571;;;ASH_COATED_OSMIUM;XIRECS;9992.0;8
794604;;;ASH_COATED_OSMIUM;XIRECS;10009.0;3
794683;;;ASH_COATED_OSMIUM;XIRECS;9993.0;6
794933;;;INTARIAN_PEPPER_ROOT;XIRECS;53787.0;7
798223;;;ASH_COATED_OSMIUM;XIRECS;9986.0;3
798430;;;INTARIAN_PEPPER_ROOT;XIRECS;53793.0;6
798730;;;INTARIAN_PEPPER_ROOT;XIRECS;53790.0;5
798997;;;INTARIAN_PEPPER_ROOT;XIRECS;53807.0;6
800106;;;INTARIAN_PEPPER_ROOT;XIRECS;53808.0;6
801537;;;INTARIAN_PEPPER_ROOT;XIRECS;53807.0;7
802671;;;INTARIAN_PEPPER_ROOT;XIRECS;53808.0;7
803281;;;INTARIAN_PEPPER_ROOT;XIRECS;53810.0;5
803656;;;INTARIAN_PEPPER_ROOT;XIRECS;53790.0;5
803915;;;ASH_COATED_OSMIUM;XIRECS;9990.0;3
804844;;;INTARIAN_PEPPER_ROOT;XIRECS;53804.0;7
807835;;;ASH_COATED_OSMIUM;XIRECS;10017.0;5
808907;;;INTARIAN_PEPPER_ROOT;XIRECS;53803.0;4
810003;;;ASH_COATED_OSMIUM;XIRECS;9989.0;2
810122;;;ASH_COATED_OSMIUM;XIRECS;10006.0;3
810316;;;ASH_COATED_OSMIUM;XIRECS;9991.0;2
810628;;;INTARIAN_PEPPER_ROOT;XIRECS;53803.0;5
810866;;;ASH_COATED_OSMIUM;XIRECS;9985.0;10
812713;;;INTARIAN_PEPPER_ROOT;XIRECS;53818.0;4
813190;;;INTARIAN_PEPPER_ROOT;XIRECS;53804.0;4
813902;;;ASH_COATED_OSMIUM;XIRECS;9998.0;6
815675;;;ASH_COATED_OSMIUM;XIRECS;9983.0;7
815958;;;INTARIAN_PEPPER_ROOT;XIRECS;53824.0;4
818663;;;INTARIAN_PEPPER_ROOT;XIRECS;53832.0;3
820109;;;INTARIAN_PEPPER_ROOT;XIRECS;53830.0;5
820626;;;INTARIAN_PEPPER_ROOT;XIRECS;53815.0;3
825787;;;INTARIAN_PEPPER_ROOT;XIRECS;53835.0;4
829673;;;INTARIAN_PEPPER_ROOT;XIRECS;53835.0;5
833121;;;INTARIAN_PEPPER_ROOT;XIRECS;53827.0;5
836128;;;INTARIAN_PEPPER_ROOT;XIRECS;53831.0;5
836519;;;ASH_COATED_OSMIUM;XIRECS;10014.0;3
837088;;;INTARIAN_PEPPER_ROOT;XIRECS;53845.0;7
840747;;;ASH_COATED_OSMIUM;XIRECS;10000.0;3
841034;;;ASH_COATED_OSMIUM;XIRECS;10016.0;5
842416;;;ASH_COATED_OSMIUM;XIRECS;10012.0;5
842574;;;ASH_COATED_OSMIUM;XIRECS;9995.0;2
843050;;;INTARIAN_PEPPER_ROOT;XIRECS;53852.0;3
843350;;;ASH_COATED_OSMIUM;XIRECS;10007.0;3
844891;;;ASH_COATED_OSMIUM;XIRECS;9992.0;6
845006;;;INTARIAN_PEPPER_ROOT;XIRECS;53839.0;6
847758;;;INTARIAN_PEPPER_ROOT;XIRECS;53844.0;6
849131;;;ASH_COATED_OSMIUM;XIRECS;9987.0;6
850862;;;ASH_COATED_OSMIUM;XIRECS;10012.0;2
854655;;;INTARIAN_PEPPER_ROOT;XIRECS;53851.0;3
855734;;;INTARIAN_PEPPER_ROOT;XIRECS;53864.0;8
858695;;;ASH_COATED_OSMIUM;XIRECS;9982.0;10
861216;;;INTARIAN_PEPPER_ROOT;XIRECS;53870.0;6
862999;;;INTARIAN_PEPPER_ROOT;XIRECS;53864.0;4
864220;;;INTARIAN_PEPPER_ROOT;XIRECS;53856.0;6
864480;;;ASH_COATED_OSMIUM;XIRECS;10002.0;5
864559;;;ASH_COATED_OSMIUM;XIRECS;10001.0;2
864990;;;INTARIAN_PEPPER_ROOT;XIRECS;53876.0;5
865146;;;INTARIAN_PEPPER_ROOT;XIRECS;53856.0;6
866387;;;INTARIAN_PEPPER_ROOT;XIRECS;53873.0;5
866850;;;INTARIAN_PEPPER_ROOT;XIRECS;53860.0;8
866915;;;INTARIAN_PEPPER_ROOT;XIRECS;53857.0;6
868475;;;INTARIAN_PEPPER_ROOT;XIRECS;53864.0;7
870332;;;INTARIAN_PEPPER_ROOT;XIRECS;53865.0;6
871177;;;ASH_COATED_OSMIUM;XIRECS;10008.0;4
872527;;;ASH_COATED_OSMIUM;XIRECS;9997.0;3
876280;;;ASH_COATED_OSMIUM;XIRECS;10008.0;6
878201;;;ASH_COATED_OSMIUM;XIRECS;10001.0;5
878504;;;ASH_COATED_OSMIUM;XIRECS;9997.0;4
878603;;;ASH_COATED_OSMIUM;XIRECS;10000.0;7
879106;;;INTARIAN_PEPPER_ROOT;XIRECS;53872.0;7
885245;;;INTARIAN_PEPPER_ROOT;XIRECS;53888.0;7
890406;;;ASH_COATED_OSMIUM;XIRECS;10014.0;6
890827;;;ASH_COATED_OSMIUM;XIRECS;10001.0;10
893148;;;ASH_COATED_OSMIUM;XIRECS;9996.0;4
895135;;;ASH_COATED_OSMIUM;XIRECS;10019.0;6
895295;;;ASH_COATED_OSMIUM;XIRECS;10004.0;7
895976;;;ASH_COATED_OSMIUM;XIRECS;9989.0;4
900174;;;INTARIAN_PEPPER_ROOT;XIRECS;53891.0;4
900341;;;ASH_COATED_OSMIUM;XIRECS;10021.0;6
900561;;;INTARIAN_PEPPER_ROOT;XIRECS;53905.0;5
901091;;;INTARIAN_PEPPER_ROOT;XIRECS;53908.0;4
902808;;;ASH_COATED_OSMIUM;XIRECS;9994.0;3
902875;;;INTARIAN_PEPPER_ROOT;XIRECS;53911.0;3
902920;;;ASH_COATED_OSMIUM;XIRECS;9993.0;3
905705;;;ASH_COATED_OSMIUM;XIRECS;9990.0;3
907566;;;INTARIAN_PEPPER_ROOT;XIRECS;53902.0;5
908909;;;ASH_COATED_OSMIUM;XIRECS;10011.0;6
909505;;;ASH_COATED_OSMIUM;XIRECS;9988.0;4
911674;;;INTARIAN_PEPPER_ROOT;XIRECS;53910.0;8
912312;;;INTARIAN_PEPPER_ROOT;XIRECS;53903.0;7
913845;;;ASH_COATED_OSMIUM;XIRECS;9995.0;9
916011;;;INTARIAN_PEPPER_ROOT;XIRECS;53911.0;4
917542;;;ASH_COATED_OSMIUM;XIRECS;9991.0;6
917631;;;ASH_COATED_OSMIUM;XIRECS;9988.0;4
918124;;;ASH_COATED_OSMIUM;XIRECS;9985.0;2
919563;;;INTARIAN_PEPPER_ROOT;XIRECS;53927.0;4
919974;;;ASH_COATED_OSMIUM;XIRECS;9982.0;8
921033;;;INTARIAN_PEPPER_ROOT;XIRECS;53925.0;3
921338;;;ASH_COATED_OSMIUM;XIRECS;10017.0;6
925381;;;INTARIAN_PEPPER_ROOT;XIRECS;53922.0;3
927487;;;ASH_COATED_OSMIUM;XIRECS;9994.0;4
930459;;;ASH_COATED_OSMIUM;XIRECS;10008.0;4
930503;;;INTARIAN_PEPPER_ROOT;XIRECS;53923.0;5
933255;;;ASH_COATED_OSMIUM;XIRECS;10014.0;4
935947;;;INTARIAN_PEPPER_ROOT;XIRECS;53942.0;8
936444;;;INTARIAN_PEPPER_ROOT;XIRECS;53943.0;6
936587;;;INTARIAN_PEPPER_ROOT;XIRECS;53945.0;3
937384;;;ASH_COATED_OSMIUM;XIRECS;10010.0;2
938386;;;ASH_COATED_OSMIUM;XIRECS;10002.0;6
939388;;;ASH_COATED_OSMIUM;XIRECS;9993.0;2
941481;;;INTARIAN_PEPPER_ROOT;XIRECS;53946.0;3
941734;;;ASH_COATED_OSMIUM;XIRECS;9999.0;5
942942;;;ASH_COATED_OSMIUM;XIRECS;10012.0;3
949149;;;INTARIAN_PEPPER_ROOT;XIRECS;53941.0;6
951631;;;INTARIAN_PEPPER_ROOT;XIRECS;53942.0;4
952065;;;ASH_COATED_OSMIUM;XIRECS;10007.0;2
954911;;;ASH_COATED_OSMIUM;XIRECS;9993.0;4
955647;;;ASH_COATED_OSMIUM;XIRECS;9997.0;6
955659;;;INTARIAN_PEPPER_ROOT;XIRECS;53961.0;3
956742;;;INTARIAN_PEPPER_ROOT;XIRECS;53949.0;6
960051;;;INTARIAN_PEPPER_ROOT;XIRECS;53954.0;3
960611;;;INTARIAN_PEPPER_ROOT;XIRECS;53950.0;5
962733;;;INTARIAN_PEPPER_ROOT;XIRECS;53970.0;6
962753;;;INTARIAN_PEPPER_ROOT;XIRECS;53970.0;7
966171;;;INTARIAN_PEPPER_ROOT;XIRECS;53971.0;7
967982;;;ASH_COATED_OSMIUM;XIRECS;10005.0;9
972995;;;INTARIAN_PEPPER_ROOT;XIRECS;53971.0;3
973701;;;ASH_COATED_OSMIUM;XIRECS;10000.0;5
975419;;;ASH_COATED_OSMIUM;XIRECS;10017.0;2
975502;;;ASH_COATED_OSMIUM;XIRECS;10017.0;5
975987;;;ASH_COATED_OSMIUM;XIRECS;9999.0;2
978517;;;INTARIAN_PEPPER_ROOT;XIRECS;53985.0;4
980299;;;INTARIAN_PEPPER_ROOT;XIRECS;53980.0;5
982910;;;INTARIAN_PEPPER_ROOT;XIRECS;53990.0;7
984065;;;INTARIAN_PEPPER_ROOT;XIRECS;53975.0;4
986553;;;INTARIAN_PEPPER_ROOT;XIRECS;53995.0;3
988196;;;INTARIAN_PEPPER_ROOT;XIRECS;53996.0;3
988743;;;ASH_COATED_OSMIUM;XIRECS;9988.0;2
989004;;;ASH_COATED_OSMIUM;XIRECS;10007.0;2
989724;;;ASH_COATED_OSMIUM;XIRECS;10007.0;7
991168;;;ASH_COATED_OSMIUM;XIRECS;9998.0;7
991822;;;ASH_COATED_OSMIUM;XIRECS;10005.0;4
992698;;;INTARIAN_PEPPER_ROOT;XIRECS;54000.0;5
993842;;;ASH_COATED_OSMIUM;XIRECS;10009.0;7
994541;;;INTARIAN_PEPPER_ROOT;XIRECS;53983.0;4
994882;;;ASH_COATED_OSMIUM;XIRECS;9993.0;3
996936;;;INTARIAN_PEPPER_ROOT;XIRECS;53994.0;4
998187;;;INTARIAN_PEPPER_ROOT;XIRECS;54007.0;7
998191;;;ASH_COATED_OSMIUM;XIRECS;10006.0;6
999075;;;ASH_COATED_OSMIUM;XIRECS;9984.0;4