timestamp;buyer;seller;symbol;currency;price;quantity
1247;;;INTARIAN_PEPPER_ROOT;XIRECS;29007.0;4
2140;;;INTARIAN_PEPPER_ROOT;XIRECS;29011.0;7
3117;;;INTARIAN_PEPPER_ROOT;XIRECS;28996.0;7
3975;;;ASH_COATED_OSMIUM;XIRECS;9998.0;9
7987;;;INTARIAN_PEPPER_ROOT;XIRECS;29020.0;4
8169;;;ASH_COATED_OSMIUM;XIRECS;10000.0;9
9520;;;ASH_COATED_OSMIUM;XIRECS;10015.0;7
9617;;;ASH_COATED_OSMIUM;XIRECS;10015.0;8
14708;;;INTARIAN_PEPPER_ROOT;XIRECS;29022.0;7
14845;;;ASH_COATED_OSMIUM;XIRECS;10017.0;4
15556;;;ASH_COATED_OSMIUM;XIRECS;10003.0;4
16236;;;ASH_COATED_OSMIUM;XIRECS;10017.0;6
17717;;;INTARIAN_PEPPER_ROOT;XIRECS;29013.0;3
27745;;;ASH_COATED_OSMIUM;XIRECS;9989.0;3
28765;;;ASH_COATED_OSMIUM;XIRECS;9995.0;7
35845;;;ASH_COATED_OSMIUM;XIRECS;10008.0;3
37451;;;ASH_COATED_OSMIUM;XIRECS;9999.0;3
38330;;;ASH_COATED_OSMIUM;XIRECS;10009.0;4
38560;;;ASH_COATED_OSMIUM;XIRECS;9998.0;3
39549;;;ASH_COATED_OSMIUM;XIRECS;9999.0;5
39567;;;ASH_COATED_OSMIUM;XIRECS;9999.0;3
39683;;;ASH_COATED_OSMIUM;XIRECS;9998.0;5
39795;;;ASH_COATED_OSMIUM;XIRECS;9994.0;8
50387;;;ASH_COATED_OSMIUM;XIRECS;10014.0;3
51036;;;ASH_COATED_OSMIUM;XIRECS;9993.0;4
51250;;;ASH_COATED_OSMIUM;XIRECS;9998.0;4
51604;;;ASH_COATED_OSMIUM;XIRECS;10010.0;5
54081;;;ASH_COATED_OSMIUM;XIRECS;9994.0;2
54819;;;ASH_COATED_OSMIUM;XIRECS;10017.0;3
55551;;;INTARIAN_PEPPER_ROOT;XIRECS;29066.0;3
55978;;;ASH_COATED_OSMIUM;XIRECS;10013.0;4
58553;;;INTARIAN_PEPPER_ROOT;XIRECS;29066.0;4
60692;;;ASH_COATED_OSMIUM;XIRECS;10010.0;6
61688;;;INTARIAN_PEPPER_ROOT;XIRECS;29070.0;4
61809;;;INTARIAN_PEPPER_ROOT;XIRECS;29053.0;6
65112;;;ASH_COATED_OSMIUM;XIRECS;10005.0;4
65514;;;INTARIAN_PEPPER_ROOT;XIRECS;29060.0;7
66643;;;ASH_COATED_OSMIUM;XIRECS;9998.0;3
71783;;;INTARIAN_PEPPER_ROOT;XIRECS;29078.0;7
72720;;;INTARIAN_PEPPER_ROOT;XIRECS;29075.0;4
72751;;;INTARIAN_PEPPER_ROOT;XIRECS;29063.0;4
73551;;;INTARIAN_PEPPER_ROOT;XIRECS;29064.0;3
75441;;;INTARIAN_PEPPER_ROOT;XIRECS;29073.0;3
76328;;;INTARIAN_PEPPER_ROOT;XIRECS;29078.0;6
77164;;;INTARIAN_PEPPER_ROOT;XIRECS;29074.0;5
77823;;;INTARIAN_PEPPER_ROOT;XIRECS;29070.0;7
78081;;;INTARIAN_PEPPER_ROOT;XIRECS;29086.0;6
79099;;;INTARIAN_PEPPER_ROOT;XIRECS;29062.0;5
79272;;;ASH_COATED_OSMIUM;XIRECS;9996.0;6
80426;;;INTARIAN_PEPPER_ROOT;XIRECS;29069.0;5
81175;;;INTARIAN_PEPPER_ROOT;XIRECS;29089.0;7
81327;;;ASH_COATED_OSMIUM;XIRECS;10002.0;6
81810;;;INTARIAN_PEPPER_ROOT;XIRECS;29090.0;5
87178;;;ASH_COATED_OSMIUM;XIRECS;10004.0;3
88252;;;ASH_COATED_OSMIUM;XIRECS;10004.0;8
90531;;;INTARIAN_PEPPER_ROOT;XIRECS;29096.0;7
91557;;;INTARIAN_PEPPER_ROOT;XIRECS;29099.0;5
91721;;;ASH_COATED_OSMIUM;XIRECS;10003.0;2
92134;;;ASH_COATED_OSMIUM;XIRECS;10003.0;6
92254;;;ASH_COATED_OSMIUM;XIRECS;10019.0;5
93094;;;ASH_COATED_OSMIUM;XIRECS;10014.0;6
93374;;;ASH_COATED_OSMIUM;XIRECS;10003.0;5
98229;;;INTARIAN_PEPPER_ROOT;XIRECS;29093.0;3
98472;;;ASH_COATED_OSMIUM;XIRECS;10013.0;10
100577;;;INTARIAN_PEPPER_ROOT;XIRECS;29094.0;5
100873;;;INTARIAN_PEPPER_ROOT;XIRECS;29106.0;3
102165;;;ASH_COATED_OSMIUM;XIRECS;9990.0;4
102723;;;ASH_COATED_OSMIUM;XIRECS;10013.0;5
106420;;;INTARIAN_PEPPER_ROOT;XIRECS;29114.0;8
106475;;;ASH_COATED_OSMIUM;XIRECS;9992.0;5
107449;;;INTARIAN_PEPPER_ROOT;XIRECS;29109.0;6
107777;;;INTARIAN_PEPPER_ROOT;XIRECS;29111.0;6
107993;;;INTARIAN_PEPPER_ROOT;XIRECS;29098.0;5
110856;;;ASH_COATED_OSMIUM;XIRECS;9996.0;3
114229;;;ASH_COATED_OSMIUM;XIRECS;10014.0;7
117723;;;INTARIAN_PEPPER_ROOT;XIRECS;29115.0;6
118871;;;INTARIAN_PEPPER_ROOT;XIRECS;29129.0;8
122038;;;ASH_COATED_OSMIUM;XIRECS;10015.0;4
123695;;;ASH_COATED_OSMIUM;XIRECS;10020.0;3
124732;;;ASH_COATED_OSMIUM;XIRECS;10002.0;9
125434;;;ASH_COATED_OSMIUM;XIRECS;10019.0;9
126859;;;ASH_COATED_OSMIUM;XIRECS;9996.0;8
128625;;;INTARIAN_PEPPER_ROOT;XIRECS;29138.0;3
128775;;;ASH_COATED_OSMIUM;XIRECS;10017.0;6
130085;;;ASH_COATED_OSMIUM;XIRECS;10011.0;3
132038;;;ASH_COATED_OSMIUM;XIRECS;9998.0;3
136644;;;ASH_COATED_OSMIUM;XIRECS;9992.0;6
137318;;;ASH_COATED_OSMIUM;XIRECS;10007.0;2
137937;;;ASH_COATED_OSMIUM;XIRECS;10010.0;3
138905;;;INTARIAN_PEPPER_ROOT;XIRECS;29151.0;7
139997;;;INTARIAN_PEPPER_ROOT;XIRECS;29155.0;4
141702;;;ASH_COATED_OSMIUM;XIRECS;10009.0;10
142780;;;INTARIAN_PEPPER_ROOT;XIRECS;29135.0;6
143792;;;INTARIAN_PEPPER_ROOT;XIRECS;29151.0;7
143994;;;INTARIAN_PEPPER_ROOT;XIRECS;29138.0;3
147370;;;ASH_COATED_OSMIUM;XIRECS;9996.0;7
148330;;;ASH_COATED_OSMIUM;XIRECS;9996.0;5
150131;;;INTARIAN_PEPPER_ROOT;XIRECS;29154.0;5
151096;;;INTARIAN_PEPPER_ROOT;XIRECS;29143.0;3
151519;;;ASH_COATED_OSMIUM;XIRECS;9990.0;6
152483;;;ASH_COATED_OSMIUM;XIRECS;10011.0;3
152563;;;ASH_COATED_OSMIUM;XIRECS;9995.0;9
153098;;;ASH_COATED_OSMIUM;XIRECS;9988.0;4
153506;;;ASH_COATED_OSMIUM;XIRECS;9988.0;7
153625;;;ASH_COATED_OSMIUM;XIRECS;9989.0;6
155269;;;INTARIAN_PEPPER_ROOT;XIRECS;29151.0;5
156362;;;INTARIAN_PEPPER_ROOT;XIRECS;29167.0;6
158059;;;ASH_COATED_OSMIUM;XIRECS;10013.0;6
159427;;;INTARIAN_PEPPER_ROOT;XIRECS;29152.0;4
161869;;;ASH_COATED_OSMIUM;XIRECS;10006.0;3
162045;;;INTARIAN_PEPPER_ROOT;XIRECS;29169.0;3
163082;;;ASH_COATED_OSMIUM;XIRECS;9988.0;2
166133;;;ASH_COATED_OSMIUM;XIRECS;9991.0;2
166202;;;ASH_COATED_OSMIUM;XIRECS;9997.0;8
169341;;;INTARIAN_PEPPER_ROOT;XIRECS;29177.0;7
172545;;;ASH_COATED_OSMIUM;XIRECS;10011.0;7
173219;;;ASH_COATED_OSMIUM;XIRECS;9994.0;9
173725;;;INTARIAN_PEPPER_ROOT;XIRECS;29181.0;7
174580;;;ASH_COATED_OSMIUM;XIRECS;10008.0;6
175192;;;ASH_COATED_OSMIUM;XIRECS;9990.0;7
175676;;;ASH_COATED_OSMIUM;XIRECS;9993.0;5
183594;;;INTARIAN_PEPPER_ROOT;XIRECS;29176.0;4
185397;;;INTARIAN_PEPPER_ROOT;XIRECS;29176.0;3
185821;;;ASH_COATED_OSMIUM;XIRECS;10012.0;2
187365;;;ASH_COATED_OSMIUM;XIRECS;10000.0;8
191270;;;INTARIAN_PEPPER_ROOT;XIRECS;29197.0;5
194189;;;ASH_COATED_OSMIUM;XIRECS;9997.0;6
194448;;;ASH_COATED_OSMIUM;XIRECS;10013.0;2
194476;;;INTARIAN_PEPPER_ROOT;XIRECS;29201.0;6
196010;;;INTARIAN_PEPPER_ROOT;XIRECS;29190.0;5
196682;;;INTARIAN_PEPPER_ROOT;XIRECS;29192.0;3
196915;;;ASH_COATED_OSMIUM;XIRECS;10012.0;5
198339;;;INTARIAN_PEPPER_ROOT;XIRECS;29203.0;3
199533;;;INTARIAN_PEPPER_ROOT;XIRECS;29205.0;5
201052;;;ASH_COATED_OSMIUM;XIRECS;10018.0;5
202247;;;INTARIAN_PEPPER_ROOT;XIRECS;29198.0;3
203459;;;ASH_COATED_OSMIUM;XIRECS;9999.0;8
203870;;;INTARIAN_PEPPER_ROOT;XIRECS;29199.0;7
205115;;;INTARIAN_PEPPER_ROOT;XIRECS;29198.0;7
205651;;;ASH_COATED_OSMIUM;XIRECS;10015.0;5
208093;;;ASH_COATED_OSMIUM;XIRECS;10006.0;8
208642;;;INTARIAN_PEPPER_ROOT;XIRECS;29205.0;3
209417;;;ASH_COATED_OSMIUM;XIRECS;10002.0;2
209902;;;INTARIAN_PEPPER_ROOT;XIRECS;29215.0;6
210307;;;ASH_COATED_OSMIUM;XIRECS;10002.0;2
211866;;;ASH_COATED_OSMIUM;XIRECS;10003.0;10
212451;;;INTARIAN_PEPPER_ROOT;XIRECS;29207.0;7
212704;;;ASH_COATED_OSMIUM;XIRECS;10004.0;3
213094;;;INTARIAN_PEPPER_ROOT;XIRECS;29208.0;5
217939;;;ASH_COATED_OSMIUM;XIRECS;10011.0;4
218574;;;ASH_COATED_OSMIUM;XIRECS;10010.0;5
218768;;;INTARIAN_PEPPER_ROOT;XIRECS;29212.0;3
219321;;;ASH_COATED_OSMIUM;XIRECS;10027.0;4
220496;;;INTARIAN_PEPPER_ROOT;XIRECS;29226.0;4
220861;;;INTARIAN_PEPPER_ROOT;XIRECS;29228.0;4
222150;;;ASH_COATED_OSMIUM;XIRECS;10024.0;4
222154;;;ASH_COATED_OSMIUM;XIRECS;10024.0;7
222210;;;ASH_COATED_OSMIUM;XIRECS;10023.0;5
222355;;;INTARIAN_PEPPER_ROOT;XIRECS;29218.0;6
222435;;;INTARIAN_PEPPER_ROOT;XIRECS;29228.0;7
223687;;;ASH_COATED_OSMIUM;XIRECS;10029.0;9
225851;;;ASH_COATED_OSMIUM;XIRECS;10022.0;4
227583;;;ASH_COATED_OSMIUM;XIRECS;10019.0;6
230870;;;INTARIAN_PEPPER_ROOT;XIRECS;29223.0;3
230933;;;ASH_COATED_OSMIUM;XIRECS;10006.0;5
231395;;;INTARIAN_PEPPER_ROOT;XIRECS;29225.0;3
232319;;;INTARIAN_PEPPER_ROOT;XIRECS;29221.0;8
233466;;;INTARIAN_PEPPER_ROOT;XIRECS;29227.0;3
233975;;;INTARIAN_PEPPER_ROOT;XIRECS;29236.0;5
234600;;;INTARIAN_PEPPER_ROOT;XIRECS;29229.0;6
235806;;;INTARIAN_PEPPER_ROOT;XIRECS;29231.0;7
236414;;;ASH_COATED_OSMIUM;XIRECS;10019.0;4
238221;;;INTARIAN_PEPPER_ROOT;XIRECS;29248.0;4
239182;;;INTARIAN_PEPPER_ROOT;XIRECS;29243.0;4
240168;;;INTARIAN_PEPPER_ROOT;XIRECS;29247.0;3
241908;;;ASH_COATED_OSMIUM;XIRECS;9995.0;5
244236;;;INTARIAN_PEPPER_ROOT;XIRECS;29251.0;3
244850;;;ASH_COATED_OSMIUM;XIRECS;9996.0;6
244923;;;INTARIAN_PEPPER_ROOT;XIRECS;29249.0;6
245109;;;ASH_COATED_OSMIUM;XIRECS;9996.0;8
246646;;;ASH_COATED_OSMIUM;XIRECS;9999.0;3
247909;;;ASH_COATED_OSMIUM;XIRECS;10018.0;5
248553;;;INTARIAN_PEPPER_ROOT;XIRECS;29257.0;7
251599;;;ASH_COATED_OSMIUM;XIRECS;9995.0;5
252688;;;INTARIAN_PEPPER_ROOT;XIRECS;29246.0;4
253162;;;ASH_COATED_OSMIUM;XIRECS;9991.0;6
256396;;;ASH_COATED_OSMIUM;XIRECS;9990.0;3
256551;;;ASH_COATED_OSMIUM;XIRECS;10011.0;5
257877;;;ASH_COATED_OSMIUM;XIRECS;9995.0;4
259447;;;INTARIAN_PEPPER_ROOT;XIRECS;29256.0;5
266594;;;INTARIAN_PEPPER_ROOT;XIRECS;29271.0;6
268115;;;INTARIAN_PEPPER_ROOT;XIRECS;29261.0;3
268329;;;ASH_COATED_OSMIUM;XIRECS;9988.0;5
268514;;;INTARIAN_PEPPER_ROOT;XIRECS;29263.0;5
269804;;;INTARIAN_PEPPER_ROOT;XIRECS;29279.0;5
269853;;;ASH_COATED_OSMIUM;XIRECS;9987.0;3
271155;;;ASH_COATED_OSMIUM;XIRECS;10003.0;2
271400;;;ASH_COATED_OSMIUM;XIRECS;10008.0;7
273246;;;INTARIAN_PEPPER_ROOT;XIRECS;29280.0;6
273443;;;ASH_COATED_OSMIUM;XIRECS;9990.0;4
274986;;;ASH_COATED_OSMIUM;XIRECS;9986.0;4
275727;;;ASH_COATED_OSMIUM;XIRECS;10005.0;4
275835;;;INTARIAN_PEPPER_ROOT;XIRECS;29274.0;5
275877;;;ASH_COATED_OSMIUM;XIRECS;9987.0;4
280454;;;ASH_COATED_OSMIUM;XIRECS;10010.0;8
280770;;;ASH_COATED_OSMIUM;XIRECS;9993.0;6
282084;;;INTARIAN_PEPPER_ROOT;XIRECS;29274.0;6
282479;;;ASH_COATED_OSMIUM;XIRECS;10001.0;4
283566;;;ASH_COATED_OSMIUM;XIRECS;9993.0;10
284355;;;INTARIAN_PEPPER_ROOT;XIRECS;29295.0;5
285131;;;ASH_COATED_OSMIUM;XIRECS;10010.0;3
285624;;;ASH_COATED_OSMIUM;XIRECS;9994.0;3
286017;;;ASH_COATED_OSMIUM;XIRECS;10011.0;6
290617;;;INTARIAN_PEPPER_ROOT;XIRECS;29280.0;5
291611;;;ASH_COATED_OSMIUM;XIRECS;9989.0;4
295081;;;INTARIAN_PEPPER_ROOT;XIRECS;29305.0;6
299716;;;ASH_COATED_OSMIUM;XIRECS;9995.0;2
300500;;;ASH_COATED_OSMIUM;XIRECS;10010.0;4
303166;;;ASH_COATED_OSMIUM;XIRECS;9993.0;2
304096;;;ASH_COATED_OSMIUM;XIRECS;9989.0;3
305696;;;INTARIAN_PEPPER_ROOT;XIRECS;29312.0;3
306440;;;ASH_COATED_OSMIUM;XIRECS;9991.0;2
306560;;;ASH_COATED_OSMIUM;XIRECS;9986.0;5
307856;;;ASH_COATED_OSMIUM;XIRECS;9988.0;3
309099;;;INTARIAN_PEPPER_ROOT;XIRECS;29317.0;5
309522;;;ASH_COATED_OSMIUM;XIRECS;10005.0;6
309531;;;INTARIAN_PEPPER_ROOT;XIRECS;29317.0;7
310991;;;ASH_COATED_OSMIUM;XIRECS;9989.0;3
312574;;;ASH_COATED_OSMIUM;XIRECS;9991.0;7
314626;;;INTARIAN_PEPPER_ROOT;XIRECS;29309.0;5
316459;;;INTARIAN_PEPPER_ROOT;XIRECS;29310.0;7
317380;;;ASH_COATED_OSMIUM;XIRECS;9997.0;5
318795;;;ASH_COATED_OSMIUM;XIRECS;10009.0;5
324545;;;INTARIAN_PEPPER_ROOT;XIRECS;29318.0;5
325668;;;INTARIAN_PEPPER_ROOT;XIRECS;29319.0;7
327688;;;ASH_COATED_OSMIUM;XIRECS;9995.0;6
328565;;;INTARIAN_PEPPER_ROOT;XIRECS;29331.0;3
329626;;;INTARIAN_PEPPER_ROOT;XIRECS;29338.0;6
330327;;;ASH_COATED_OSMIUM;XIRECS;10017.0;2
330638;;;ASH_COATED_OSMIUM;XIRECS;10001.0;10
331857;;;INTARIAN_PEPPER_ROOT;XIRECS;29339.0;3
334264;;;ASH_COATED_OSMIUM;XIRECS;10017.0;6
336211;;;INTARIAN_PEPPER_ROOT;XIRECS;29347.0;5
338430;;;ASH_COATED_OSMIUM;XIRECS;9998.0;3
338867;;;INTARIAN_PEPPER_ROOT;XIRECS;29334.0;7
339080;;;ASH_COATED_OSMIUM;XIRECS;9993.0;5
339392;;;ASH_COATED_OSMIUM;XIRECS;10007.0;6
339882;;;INTARIAN_PEPPER_ROOT;XIRECS;29332.0;7
340584;;;ASH_COATED_OSMIUM;XIRECS;9990.0;10
341727;;;INTARIAN_PEPPER_ROOT;XIRECS;29345.0;7
343593;;;INTARIAN_PEPPER_ROOT;XIRECS;29350.0;6
344273;;;INTARIAN_PEPPER_ROOT;XIRECS;29338.0;4
345816;;;INTARIAN_PEPPER_ROOT;XIRECS;29355.0;7
347385;;;INTARIAN_PEPPER_ROOT;XIRECS;29358.0;7
350691;;;INTARIAN_PEPPER_ROOT;XIRECS;29347.0;3
352969;;;ASH_COATED_OSMIUM;XIRECS;9990.0;9
353503;;;INTARIAN_PEPPER_ROOT;XIRECS;29358.0;3
355280;;;INTARIAN_PEPPER_ROOT;XIRECS;29349.0;4
355336;;;ASH_COATED_OSMIUM;XIRECS;10006.0;2
357184;;;INTARIAN_PEPPER_ROOT;XIRECS;29363.0;3
357804;;;ASH_COATED_OSMIUM;XIRECS;10012.0;2
358003;;;INTARIAN_PEPPER_ROOT;XIRECS;29362.0;7
358125;;;INTARIAN_PEPPER_ROOT;XIRECS;29351.0;3
360585;;;ASH_COATED_OSMIUM;XIRECS;9995.0;2
361199;;;INTARIAN_PEPPER_ROOT;XIRECS;29368.0;3
362301;;;INTARIAN_PEPPER_ROOT;XIRECS;29370.0;6
362316;;;INTARIAN_PEPPER_ROOT;XIRECS;29358.0;8
363998;;;ASH_COATED_OSMIUM;XIRECS;10010.0;5
365046;;;ASH_COATED_OSMIUM;XIRECS;10014.0;6
366559;;;ASH_COATED_OSMIUM;XIRECS;9998.0;3
366668;;;INTARIAN_PEPPER_ROOT;XIRECS;29359.0;6
366761;;;ASH_COATED_OSMIUM;XIRECS;9993.0;2
367805;;;ASH_COATED_OSMIUM;XIRECS;10015.0;4
368231;;;ASH_COATED_OSMIUM;XIRECS;9993.0;5
369209;;;INTARIAN_PEPPER_ROOT;XIRECS;29381.0;3
370533;;;ASH_COATED_OSMIUM;XIRECS;10014.0;5
371320;;;ASH_COATED_OSMIUM;XIRECS;10002.0;5
371600;;;ASH_COATED_OSMIUM;XIRECS;10012.0;2
372881;;;ASH_COATED_OSMIUM;XIRECS;10010.0;3
373178;;;INTARIAN_PEPPER_ROOT;XIRECS;29369.0;6
376619;;;INTARIAN_PEPPER_ROOT;XIRECS;29368.0;3
376726;;;ASH_COATED_OSMIUM;XIRECS;9997.0;5
381502;;;ASH_COATED_OSMIUM;XIRECS;9991.0;9
384382;;;INTARIAN_PEPPER_ROOT;XIRECS;29389.0;7
385953;;;ASH_COATED_OSMIUM;XIRECS;9996.0;4
386164;;;INTARIAN_PEPPER_ROOT;XIRECS;29383.0;6
388579;;;INTARIAN_PEPPER_ROOT;XIRECS;29375.0;3
388942;;;ASH_COATED_OSMIUM;XIRECS;10011.0;9
390134;;;ASH_COATED_OSMIUM;XIRECS;10004.0;9
390732;;;ASH_COATED_OSMIUM;XIRECS;10004.0;9
391323;;;ASH_COATED_OSMIUM;XIRECS;10001.0;5
391610;;;INTARIAN_PEPPER_ROOT;XIRECS;29397.0;5
393938;;;ASH_COATED_OSMIUM;XIRECS;9989.0;4
397011;;;INTARIAN_PEPPER_ROOT;XIRECS;29408.0;3
397149;;;ASH_COATED_OSMIUM;XIRECS;10004.0;6
398156;;;ASH_COATED_OSMIUM;XIRECS;10001.0;7
400229;;;INTARIAN_PEPPER_ROOT;XIRECS;29398.0;3
400415;;;ASH_COATED_OSMIUM;XIRECS;10005.0;10
401524;;;ASH_COATED_OSMIUM;XIRECS;9998.0;9
401713;;;ASH_COATED_OSMIUM;XIRECS;10002.0;7
401776;;;INTARIAN_PEPPER_ROOT;XIRECS;29399.0;7
403092;;;ASH_COATED_OSMIUM;XIRECS;9985.0;6
408143;;;INTARIAN_PEPPER_ROOT;XIRECS;29400.0;3
410335;;;INTARIAN_PEPPER_ROOT;XIRECS;29416.0;4
410370;;;ASH_COATED_OSMIUM;XIRECS;9981.0;5
410400;;;INTARIAN_PEPPER_ROOT;XIRECS;29421.0;6
411716;;;ASH_COATED_OSMIUM;XIRECS;9998.0;6
412094;;;INTARIAN_PEPPER_ROOT;XIRECS;29418.0;7
412729;;;INTARIAN_PEPPER_ROOT;XIRECS;29408.0;4
413416;;;ASH_COATED_OSMIUM;XIRECS;9983.0;7
414679;;;INTARIAN_PEPPER_ROOT;XIRECS;29417.0;4
416279;;;INTARIAN_PEPPER_ROOT;XIRECS;29413.0;7
417336;;;INTARIAN_PEPPER_ROOT;XIRECS;29411.0;3
418071;;;INTARIAN_PEPPER_ROOT;XIRECS;29424.0;5
419316;;;ASH_COATED_OSMIUM;XIRECS;9993.0;6
424442;;;INTARIAN_PEPPER_ROOT;XIRECS;29418.0;7
425025;;;INTARIAN_PEPPER_ROOT;XIRECS;29416.0;6
427050;;;ASH_COATED_OSMIUM;XIRECS;9998.0;2
428316;;;ASH_COATED_OSMIUM;XIRECS;9983.0;3
428404;;;INTARIAN_PEPPER_ROOT;XIRECS;29435.0;7
429046;;;ASH_COATED_OSMIUM;XIRECS;9999.0;10
431486;;;INTARIAN_PEPPER_ROOT;XIRECS;29439.0;7
434097;;;ASH_COATED_OSMIUM;XIRECS;9994.0;4
438447;;;ASH_COATED_OSMIUM;XIRECS;9998.0;4
439701;;;INTARIAN_PEPPER_ROOT;XIRECS;29431.0;5
441671;;;INTARIAN_PEPPER_ROOT;XIRECS;29439.0;3
442682;;;ASH_COATED_OSMIUM;XIRECS;9999.0;7
445967;;;INTARIAN_PEPPER_ROOT;XIRECS;29449.0;4
447380;;;ASH_COATED_OSMIUM;XIRECS;9995.0;8
449355;;;ASH_COATED_OSMIUM;XIRECS;10000.0;2
449974;;;ASH_COATED_OSMIUM;XIRECS;9983.0;6
450844;;;INTARIAN_PEPPER_ROOT;XIRECS;29456.0;5
451192;;;INTARIAN_PEPPER_ROOT;XIRECS;29459.0;7
451558;;;ASH_COATED_OSMIUM;XIRECS;9993.0;2
453009;;;ASH_COATED_OSMIUM;XIRECS;9976.0;7
453396;;;ASH_COATED_OSMIUM;XIRECS;9976.0;2
455049;;;ASH_COATED_OSMIUM;XIRECS;9978.0;3
455302;;;ASH_COATED_OSMIUM;XIRECS;9995.0;5
455965;;;ASH_COATED_OSMIUM;XIRECS;9978.0;4
456690;;;INTARIAN_PEPPER_ROOT;XIRECS;29463.0;7
457329;;;ASH_COATED_OSMIUM;XIRECS;9979.0;10
459609;;;ASH_COATED_OSMIUM;XIRECS;9983.0;5
460038;;;ASH_COATED_OSMIUM;XIRECS;9989.0;6
461033;;;ASH_COATED_OSMIUM;XIRECS;10006.0;10
461907;;;INTARIAN_PEPPER_ROOT;XIRECS;29469.0;4
462758;;;INTARIAN_PEPPER_ROOT;XIRECS;29463.0;5
462978;;;ASH_COATED_OSMIUM;XIRECS;10005.0;2
463916;;;ASH_COATED_OSMIUM;XIRECS;9989.0;8
467528;;;ASH_COATED_OSMIUM;XIRECS;9984.0;4
467631;;;ASH_COATED_OSMIUM;XIRECS;10004.0;9
468542;;;ASH_COATED_OSMIUM;XIRECS;9997.0;6
474755;;;INTARIAN_PEPPER_ROOT;XIRECS;29470.0;4
475710;;;ASH_COATED_OSMIUM;XIRECS;10007.0;3
477137;;;ASH_COATED_OSMIUM;XIRECS;9992.0;9
478338;;;INTARIAN_PEPPER_ROOT;XIRECS;29487.0;4
479224;;;INTARIAN_PEPPER_ROOT;XIRECS;29472.0;3
481815;;;ASH_COATED_OSMIUM;XIRECS;9988.0;6
483343;;;ASH_COATED_OSMIUM;XIRECS;10006.0;10
483828;;;ASH_COATED_OSMIUM;XIRECS;9987.0;6
483970;;;ASH_COATED_OSMIUM;XIRECS;9993.0;6
484226;;;ASH_COATED_OSMIUM;XIRECS;10010.0;6
484687;;;INTARIAN_PEPPER_ROOT;XIRECS;29487.0;7
485067;;;INTARIAN_PEPPER_ROOT;XIRECS;29492.0;7
487202;;;ASH_COATED_OSMIUM;XIRECS;9990.0;2
487966;;;ASH_COATED_OSMIUM;XIRECS;10012.0;9
490922;;;INTARIAN_PEPPER_ROOT;XIRECS;29484.0;5
491267;;;INTARIAN_PEPPER_ROOT;XIRECS;29495.0;5
494093;;;ASH_COATED_OSMIUM;XIRECS;10000.0;7
496447;;;INTARIAN_PEPPER_ROOT;XIRECS;29492.0;7
496791;;;ASH_COATED_OSMIUM;XIRECS;9992.0;6
497551;;;INTARIAN_PEPPER_ROOT;XIRECS;29501.0;3
498732;;;ASH_COATED_OSMIUM;XIRECS;10009.0;4
499149;;;ASH_COATED_OSMIUM;XIRECS;9987.0;5
499306;;;INTARIAN_PEPPER_ROOT;XIRECS;29508.0;3
499603;;;INTARIAN_PEPPER_ROOT;XIRECS;29493.0;6
503587;;;ASH_COATED_OSMIUM;XIRECS;9993.0;2
503815;;;INTARIAN_PEPPER_ROOT;XIRECS;29510.0;7
510074;;;INTARIAN_PEPPER_ROOT;XIRECS;29517.0;3
511056;;;ASH_COATED_OSMIUM;XIRECS;10012.0;10
511749;;;INTARIAN_PEPPER_ROOT;XIRECS;29506.0;6
512244;;;ASH_COATED_OSMIUM;XIRECS;10014.0;5
514386;;;INTARIAN_PEPPER_ROOT;XIRECS;29522.0;6
514923;;;INTARIAN_PEPPER_ROOT;XIRECS;29520.0;5
516993;;;ASH_COATED_OSMIUM;XIRECS;9996.0;7
517016;;;INTARIAN_PEPPER_ROOT;XIRECS;29525.0;6
519880;;;ASH_COATED_OSMIUM;XIRECS;9994.0;6
520624;;;ASH_COATED_OSMIUM;XIRECS;10006.0;5
520893;;;ASH_COATED_OSMIUM;XIRECS;10006.0;10
522612;;;ASH_COATED_OSMIUM;XIRECS;10010.0;3
528897;;;ASH_COATED_OSMIUM;XIRECS;10004.0;4
529168;;;ASH_COATED_OSMIUM;XIRECS;9987.0;4
531151;;;ASH_COATED_OSMIUM;XIRECS;9990.0;2
531513;;;ASH_COATED_OSMIUM;XIRECS;10008.0;2
531650;;;INTARIAN_PEPPER_ROOT;XIRECS;29526.0;6
531951;;;ASH_COATED_OSMIUM;XIRECS;9991.0;3
532378;;;ASH_COATED_OSMIUM;XIRECS;9991.0;2
534167;;;ASH_COATED_OSMIUM;XIRECS;10001.0;3
534618;;;ASH_COATED_OSMIUM;XIRECS;10006.0;5
534924;;;INTARIAN_PEPPER_ROOT;XIRECS;29529.0;3
538574;;;ASH_COATED_OSMIUM;XIRECS;10008.0;6
541356;;;INTARIAN_PEPPER_ROOT;XIRECS;29536.0;3
543125;;;ASH_COATED_OSMIUM;XIRECS;9990.0;3
544282;;;INTARIAN_PEPPER_ROOT;XIRECS;29552.0;7
544544;;;ASH_COATED_OSMIUM;XIRECS;9990.0;6
545368;;;ASH_COATED_OSMIUM;XIRECS;10002.0;2
546364;;;ASH_COATED_OSMIUM;XIRECS;10007.0;6
546492;;;ASH_COATED_OSMIUM;XIRECS;9986.0;3
547176;;;ASH_COATED_OSMIUM;XIRECS;9986.0;4
547274;;;INTARIAN_PEPPER_ROOT;XIRECS;29536.0;4
548255;;;INTARIAN_PEPPER_ROOT;XIRECS;29554.0;4
556578;;;INTARIAN_PEPPER_ROOT;XIRECS;29550.0;5
557050;;;ASH_COATED_OSMIUM;XIRECS;10010.0;10
558209;;;INTARIAN_PEPPER_ROOT;XIRECS;29564.0;3
560789;;;ASH_COATED_OSMIUM;XIRECS;9995.0;6
561104;;;ASH_COATED_OSMIUM;XIRECS;10014.0;3
561959;;;INTARIAN_PEPPER_ROOT;XIRECS;29563.0;7
563242;;;INTARIAN_PEPPER_ROOT;XIRECS;29571.0;4
564820;;;ASH_COATED_OSMIUM;XIRECS;9995.0;4
565207;;;INTARIAN_PEPPER_ROOT;XIRECS;29555.0;7
569061;;;ASH_COATED_OSMIUM;XIRECS;10006.0;3
569589;;;INTARIAN_PEPPER_ROOT;XIRECS;29577.0;4
573785;;;INTARIAN_PEPPER_ROOT;XIRECS;29565.0;3
574942;;;ASH_COATED_OSMIUM;XIRECS;10015.0;4
576004;;;ASH_COATED_OSMIUM;XIRECS;10014.0;2
576170;;;ASH_COATED_OSMIUM;XIRECS;9993.0;9
576586;;;INTARIAN_PEPPER_ROOT;XIRECS;29575.0;5
576800;;;INTARIAN_PEPPER_ROOT;XIRECS;29572.0;7
580043;;;INTARIAN_PEPPER_ROOT;XIRECS;29585.0;4
582046;;;ASH_COATED_OSMIUM;XIRECS;10016.0;2
583845;;;INTARIAN_PEPPER_ROOT;XIRECS;29586.0;7
584504;;;INTARIAN_PEPPER_ROOT;XIRECS;29589.0;7
584690;;;INTARIAN_PEPPER_ROOT;XIRECS;29577.0;8
589627;;;INTARIAN_PEPPER_ROOT;XIRECS;29596.0;5
590160;;;ASH_COATED_OSMIUM;XIRECS;10021.0;8
590742;;;INTARIAN_PEPPER_ROOT;XIRECS;29584.0;5
593197;;;ASH_COATED_OSMIUM;XIRECS;10002.0;6
593663;;;ASH_COATED_OSMIUM;XIRECS;10009.0;3
595740;;;INTARIAN_PEPPER_ROOT;XIRECS;29599.0;5
596558;;;ASH_COATED_OSMIUM;XIRECS;10006.0;6
596693;;;ASH_COATED_OSMIUM;XIRECS;10023.0;2
600832;;;INTARIAN_PEPPER_ROOT;XIRECS;29595.0;5
604819;;;INTARIAN_PEPPER_ROOT;XIRECS;29601.0;7
604924;;;ASH_COATED_OSMIUM;XIRECS;10015.0;3
605457;;;ASH_COATED_OSMIUM;XIRECS;10020.0;5
606677;;;ASH_COATED_OSMIUM;XIRECS;10019.0;2
606875;;;ASH_COATED_OSMIUM;XIRECS;10002.0;2
607523;;;ASH_COATED_OSMIUM;XIRECS;10013.0;5
608061;;;INTARIAN_PEPPER_ROOT;XIRECS;29605.0;5
609232;;;ASH_COATED_OSMIUM;XIRECS;10017.0;6
609378;;;ASH_COATED_OSMIUM;XIRECS;10012.0;5
610805;;;INTARIAN_PEPPER_ROOT;XIRECS;29616.0;7
613182;;;ASH_COATED_OSMIUM;XIRECS;10002.0;5
614216;;;INTARIAN_PEPPER_ROOT;XIRECS;29610.0;5
616971;;;ASH_COATED_OSMIUM;XIRECS;10000.0;6
619180;;;ASH_COATED_OSMIUM;XIRECS;10010.0;5
623521;;;ASH_COATED_OSMIUM;XIRECS;9995.0;6
625228;;;INTARIAN_PEPPER_ROOT;XIRECS;29632.0;3
625341;;;ASH_COATED_OSMIUM;XIRECS;10010.0;3
625601;;;ASH_COATED_OSMIUM;XIRECS;9993.0;4
626689;;;INTARIAN_PEPPER_ROOT;XIRECS;29635.0;4
628234;;;ASH_COATED_OSMIUM;XIRECS;9994.0;2
629691;;;ASH_COATED_OSMIUM;XIRECS;10009.0;8
629790;;;INTARIAN_PEPPER_ROOT;XIRECS;29618.0;3
631717;;;ASH_COATED_OSMIUM;XIRECS;9999.0;4
632235;;;ASH_COATED_OSMIUM;XIRECS;10010.0;3
635176;;;ASH_COATED_OSMIUM;XIRECS;10016.0;5
636290;;;INTARIAN_PEPPER_ROOT;XIRECS;29633.0;4
636368;;;ASH_COATED_OSMIUM;XIRECS;9999.0;6
636482;;;ASH_COATED_OSMIUM;XIRECS;9998.0;7
636647;;;ASH_COATED_OSMIUM;XIRECS;10010.0;4
638473;;;INTARIAN_PEPPER_ROOT;XIRECS;29631.0;6
638670;;;ASH_COATED_OSMIUM;XIRECS;10013.0;6
638675;;;INTARIAN_PEPPER_ROOT;XIRECS;29642.0;3
638917;;;ASH_COATED_OSMIUM;XIRECS;9995.0;4
640301;;;INTARIAN_PEPPER_ROOT;XIRECS;29655.0;3
640628;;;INTARIAN_PEPPER_ROOT;XIRECS;29649.0;8
643917;;;INTARIAN_PEPPER_ROOT;XIRECS;29636.0;5
644821;;;ASH_COATED_OSMIUM;XIRECS;9986.0;5
645805;;;INTARIAN_PEPPER_ROOT;XIRECS;29637.0;7
645836;;;ASH_COATED_OSMIUM;XIRECS;9989.0;3
646759;;;INTARIAN_PEPPER_ROOT;XIRECS;29638.0;7
647253;;;INTARIAN_PEPPER_ROOT;XIRECS;29654.0;6
647396;;;ASH_COATED_OSMIUM;XIRECS;9989.0;4
649673;;;INTARIAN_PEPPER_ROOT;XIRECS;29654.0;3
653297;;;INTARIAN_PEPPER_ROOT;XIRECS;29648.0;6
654936;;;ASH_COATED_OSMIUM;XIRECS;10003.0;3
655816;;;INTARIAN_PEPPER_ROOT;XIRECS;29661.0;7
658982;;;INTARIAN_PEPPER_ROOT;XIRECS;29663.0;3
660421;;;ASH_COATED_OSMIUM;XIRECS;9994.0;6
661258;;;ASH_COATED_OSMIUM;XIRECS;9999.0;6
661552;;;INTARIAN_PEPPER_ROOT;XIRECS;29655.0;3
662264;;;ASH_COATED_OSMIUM;XIRECS;9990.0;5
662741;;;INTARIAN_PEPPER_ROOT;XIRECS;29670.0;5
662874;;;ASH_COATED_OSMIUM;XIRECS;10012.0;3
662898;;;INTARIAN_PEPPER_ROOT;XIRECS;29672.0;5
665240;;;ASH_COATED_OSMIUM;XIRECS;10000.0;10
665618;;;ASH_COATED_OSMIUM;XIRECS;10006.0;6
670112;;;INTARIAN_PEPPER_ROOT;XIRECS;29672.0;3
670186;;;INTARIAN_PEPPER_ROOT;XIRECS;29672.0;4
670614;;;ASH_COATED_OSMIUM;XIRECS;10014.0;2
671238;;;ASH_COATED_OSMIUM;XIRECS;9998.0;2
671610;;;ASH_COATED_OSMIUM;XIRECS;10009.0;9
673331;;;ASH_COATED_OSMIUM;XIRECS;9999.0;7
673915;;;INTARIAN_PEPPER_ROOT;XIRECS;29664.0;5
675163;;;INTARIAN_PEPPER_ROOT;XIRECS;29670.0;5
675765;;;ASH_COATED_OSMIUM;XIRECS;10011.0;6
676116;;;ASH_COATED_OSMIUM;XIRECS;9996.0;2
677564;;;ASH_COATED_OSMIUM;XIRECS;10006.0;6
678403;;;INTARIAN_PEPPER_ROOT;XIRECS;29685.0;4
678734;;;ASH_COATED_OSMIUM;XIRECS;9996.0;4
679047;;;INTARIAN_PEPPER_ROOT;XIRECS;29688.0;5
680363;;;ASH_COATED_OSMIUM;XIRECS;10012.0;9
681645;;;INTARIAN_PEPPER_ROOT;XIRECS;29687.0;5
684264;;;ASH_COATED_OSMIUM;XIRECS;10014.0;5
684683;;;ASH_COATED_OSMIUM;XIRECS;10020.0;6
685800;;;ASH_COATED_OSMIUM;XIRECS;10003.0;2
687259;;;INTARIAN_PEPPER_ROOT;XIRECS;29679.0;7
688575;;;INTARIAN_PEPPER_ROOT;XIRECS;29684.0;4
689306;;;ASH_COATED_OSMIUM;XIRECS;10003.0;2
692028;;;INTARIAN_PEPPER_ROOT;XIRECS;29688.0;7
697720;;;ASH_COATED_OSMIUM;XIRECS;10019.0;7
700710;;;INTARIAN_PEPPER_ROOT;XIRECS;29694.0;6
701274;;;INTARIAN_PEPPER_ROOT;XIRECS;29705.0;3
703160;;;INTARIAN_PEPPER_ROOT;XIRECS;29708.0;7
704800;;;INTARIAN_PEPPER_ROOT;XIRECS;29697.0;3
705610;;;ASH_COATED_OSMIUM;XIRECS;10001.0;6
706274;;;ASH_COATED_OSMIUM;XIRECS;9999.0;6
707590;;;INTARIAN_PEPPER_ROOT;XIRECS;29709.0;7
709248;;;ASH_COATED_OSMIUM;XIRECS;10001.0;6
710028;;;ASH_COATED_OSMIUM;XIRECS;10017.0;9
712050;;;INTARIAN_PEPPER_ROOT;XIRECS;29706.0;5
714623;;;INTARIAN_PEPPER_ROOT;XIRECS;29707.0;4
714905;;;ASH_COATED_OSMIUM;XIRECS;10016.0;9
715401;;;ASH_COATED_OSMIUM;XIRECS;10009.0;10
716878;;;ASH_COATED_OSMIUM;XIRECS;9999.0;7
719237;;;ASH_COATED_OSMIUM;XIRECS;10010.0;3
723048;;;INTARIAN_PEPPER_ROOT;XIRECS;29728.0;3
724160;;;ASH_COATED_OSMIUM;XIRECS;10009.0;3
728379;;;INTARIAN_PEPPER_ROOT;XIRECS;29726.0;6
729849;;;ASH_COATED_OSMIUM;XIRECS;10018.0;5
731845;;;ASH_COATED_OSMIUM;XIRECS;10011.0;8
734874;;;ASH_COATED_OSMIUM;XIRECS;10012.0;2
735292;;;INTARIAN_PEPPER_ROOT;XIRECS;29743.0;4
739750;;;ASH_COATED_OSMIUM;XIRECS;9991.0;9
740767;;;ASH_COATED_OSMIUM;XIRECS;10010.0;6
741131;;;INTARIAN_PEPPER_ROOT;XIRECS;29735.0;6
741633;;;INTARIAN_PEPPER_ROOT;XIRECS;29755.0;4
741913;;;ASH_COATED_OSMIUM;XIRECS;9991.0;5
742775;;;INTARIAN_PEPPER_ROOT;XIRECS;29748.0;4
743270;;;ASH_COATED_OSMIUM;XIRECS;10007.0;8
744976;;;ASH_COATED_OSMIUM;XIRECS;9987.0;8
745154;;;ASH_COATED_OSMIUM;XIRECS;9993.0;4
746122;;;INTARIAN_PEPPER_ROOT;XIRECS;29752.0;5
747459;;;INTARIAN_PEPPER_ROOT;XIRECS;29741.0;3
752807;;;INTARIAN_PEPPER_ROOT;XIRECS;29759.0;8
755841;;;INTARIAN_PEPPER_ROOT;XIRECS;29761.0;7
756583;;;ASH_COATED_OSMIUM;XIRECS;10009.0;5
760128;;;ASH_COATED_OSMIUM;XIRECS;9985.0;3
761147;;;ASH_COATED_OSMIUM;XIRECS;9985.0;4
762089;;;ASH_COATED_OSMIUM;XIRECS;9984.0;2
763294;;;ASH_COATED_OSMIUM;XIRECS;10006.0;6
763386;;;INTARIAN_PEPPER_ROOT;XIRECS;29772.0;3
764682;;;INTARIAN_PEPPER_ROOT;XIRECS;29763.0;5
767246;;;ASH_COATED_OSMIUM;XIRECS;10005.0;7
767666;;;ASH_COATED_OSMIUM;XIRECS;10000.0;7
767667;;;ASH_COATED_OSMIUM;XIRECS;9983.0;3
769122;;;ASH_COATED_OSMIUM;XIRECS;9990.0;7
769129;;;ASH_COATED_OSMIUM;XIRECS;9990.0;6
769666;;;ASH_COATED_OSMIUM;XIRECS;10007.0;6
771836;;;INTARIAN_PEPPER_ROOT;XIRECS;29779.0;3
772281;;;INTARIAN_PEPPER_ROOT;XIRECS;29778.0;5
773144;;;INTARIAN_PEPPER_ROOT;XIRECS;29768.0;6
773536;;;ASH_COATED_OSMIUM;XIRECS;9987.0;10
774604;;;ASH_COATED_OSMIUM;XIRECS;9997.0;2
777940;;;ASH_COATED_OSMIUM;XIRECS;9989.0;3
777970;;;ASH_COATED_OSMIUM;XIRECS;9989.0;5
778671;;;INTARIAN_PEPPER_ROOT;XIRECS;29774.0;6
778713;;;INTARIAN_PEPPER_ROOT;XIRECS;29770.0;3
780774;;;INTARIAN_PEPPER_ROOT;XIRECS;29779.0;6
781326;;;ASH_COATED_OSMIUM;XIRECS;9981.0;3
781480;;;ASH_COATED_OSMIUM;XIRECS;9986.0;3
783534;;;ASH_COATED_OSMIUM;XIRECS;10002.0;5
783614;;;ASH_COATED_OSMIUM;XIRECS;9990.0;5
783833;;;ASH_COATED_OSMIUM;XIRECS;10006.0;5
784933;;;INTARIAN_PEPPER_ROOT;XIRECS;29778.0;3
786081;;;ASH_COATED_OSMIUM;XIRECS;10003.0;4
787934;;;ASH_COATED_OSMIUM;XIRECS;9984.0;6
788752;;;INTARIAN_PEPPER_ROOT;XIRECS;29782.0;5
789719;;;ASH_COATED_OSMIUM;XIRECS;9987.0;10
790010;;;ASH_COATED_OSMIUM;XIRECS;9990.0;2
791591;;;INTARIAN_PEPPER_ROOT;XIRECS;29787.0;3
792328;;;INTARIAN_PEPPER_ROOT;XIRECS;29803.0;8
796491;;;INTARIAN_PEPPER_ROOT;XIRECS;29788.0;4
801849;;;ASH_COATED_OSMIUM;XIRECS;9985.0;4
804918;;;INTARIAN_PEPPER_ROOT;XIRECS;29808.0;4
805750;;;INTARIAN_PEPPER_ROOT;XIRECS;29795.0;4
806453;;;ASH_COATED_OSMIUM;XIRECS;10005.0;4
807908;;;INTARIAN_PEPPER_ROOT;XIRECS;29801.0;4
809469;;;ASH_COATED_OSMIUM;XIRECS;9986.0;5
812570;;;INTARIAN_PEPPER_ROOT;XIRECS;29819.0;4
813451;;;INTARIAN_PEPPER_ROOT;XIRECS;29823.0;4
815752;;;INTARIAN_PEPPER_ROOT;XIRECS;29811.0;6
818337;;;INTARIAN_PEPPER_ROOT;XIRECS;29822.0;4
820140;;;INTARIAN_PEPPER_ROOT;XIRECS;29827.0;5
822629;;;ASH_COATED_OSMIUM;XIRECS;10014.0;6
824025;;;INTARIAN_PEPPER_ROOT;XIRECS;29816.0;6
824726;;;ASH_COATED_OSMIUM;XIRECS;10011.0;3
824728;;;INTARIAN_PEPPER_ROOT;XIRECS;29818.0;7
825729;;;ASH_COATED_OSMIUM;XIRECS;10009.0;6
828210;;;INTARIAN_PEPPER_ROOT;XIRECS;29821.0;7
828264;;;ASH_COATED_OSMIUM;XIRECS;10013.0;10
828962;;;ASH_COATED_OSMIUM;XIRECS;9997.0;3
831296;;;ASH_COATED_OSMIUM;XIRECS;9998.0;2
836664;;;INTARIAN_PEPPER_ROOT;XIRECS;29826.0;3
838776;;;INTARIAN_PEPPER_ROOT;XIRECS;29846.0;5
840991;;;ASH_COATED_OSMIUM;XIRECS;9991.0;9
842480;;;ASH_COATED_OSMIUM;XIRECS;10012.0;8
843129;;;ASH_COATED_OSMIUM;XIRECS;9991.0;2
844043;;;INTARIAN_PEPPER_ROOT;XIRECS;29851.0;6
846738;;;ASH_COATED_OSMIUM;XIRECS;9990.0;5
848183;;;ASH_COATED_OSMIUM;XIRECS;10013.0;2
848657;;;ASH_COATED_OSMIUM;XIRECS;10013.0;8
849592;;;ASH_COATED_OSMIUM;XIRECS;10009.0;6
849768;;;INTARIAN_PEPPER_ROOT;XIRECS;29858.0;6
850786;;;INTARIAN_PEPPER_ROOT;XIRECS;29857.0;4
851709;;;INTARIAN_PEPPER_ROOT;XIRECS;29857.0;6
851958;;;ASH_COATED_OSMIUM;XIRECS;10006.0;9
853326;;;ASH_COATED_OSMIUM;XIRECS;9988.0;3
855996;;;ASH_COATED_OSMIUM;XIRECS;9985.0;7
858893;;;INTARIAN_PEPPER_ROOT;XIRECS;29851.0;3
859087;;;INTARIAN_PEPPER_ROOT;XIRECS;29854.0;7
859494;;;ASH_COATED_OSMIUM;XIRECS;10003.0;3
860329;;;ASH_COATED_OSMIUM;XIRECS;9994.0;10
861259;;;ASH_COATED_OSMIUM;XIRECS;10013.0;4
861916;;;ASH_COATED_OSMIUM;XIRECS;10007.0;8
863561;;;ASH_COATED_OSMIUM;XIRECS;10015.0;10
863725;;;ASH_COATED_OSMIUM;XIRECS;10008.0;4
864075;;;INTARIAN_PEPPER_ROOT;XIRECS;29855.0;3
865889;;;INTARIAN_PEPPER_ROOT;XIRECS;29857.0;4
866386;;;INTARIAN_PEPPER_ROOT;XIRECS;29861.0;4
866820;;;ASH_COATED_OSMIUM;XIRECS;10009.0;5
868313;;;INTARIAN_PEPPER_ROOT;XIRECS;29870.0;4
868908;;;INTARIAN_PEPPER_ROOT;XIRECS;29874.0;5
869523;;;ASH_COATED_OSMIUM;XIRECS;10010.0;4
869621;;;ASH_COATED_OSMIUM;XIRECS;9992.0;10
871888;;;ASH_COATED_OSMIUM;XIRECS;9989.0;4
872938;;;INTARIAN_PEPPER_ROOT;XIRECS;29867.0;7
873325;;;INTARIAN_PEPPER_ROOT;XIRECS;29868.0;4
875749;;;ASH_COATED_OSMIUM;XIRECS;9998.0;8
875990;;;ASH_COATED_OSMIUM;XIRECS;9988.0;2
878542;;;ASH_COATED_OSMIUM;XIRECS;10009.0;5
881237;;;INTARIAN_PEPPER_ROOT;XIRECS;29875.0;7
881563;;;ASH_COATED_OSMIUM;XIRECS;9991.0;4
882664;;;ASH_COATED_OSMIUM;XIRECS;10003.0;6
882966;;;ASH_COATED_OSMIUM;XIRECS;9985.0;3
883899;;;ASH_COATED_OSMIUM;XIRECS;10002.0;3
884465;;;INTARIAN_PEPPER_ROOT;XIRECS;29893.0;6
884477;;;ASH_COATED_OSMIUM;XIRECS;9991.0;3
886756;;;ASH_COATED_OSMIUM;XIRECS;9984.0;6
886911;;;INTARIAN_PEPPER_ROOT;XIRECS;29882.0;6
887356;;;INTARIAN_PEPPER_ROOT;XIRECS;29894.0;4
887678;;;INTARIAN_PEPPER_ROOT;XIRECS;29894.0;3
888087;;;INTARIAN_PEPPER_ROOT;XIRECS;29894.0;4
889097;;;ASH_COATED_OSMIUM;XIRECS;9990.0;8
889710;;;INTARIAN_PEPPER_ROOT;XIRECS;29898.0;5
890684;;;INTARIAN_PEPPER_ROOT;XIRECS;29898.0;5
892205;;;INTARIAN_PEPPER_ROOT;XIRECS;29892.0;4
892348;;;INTARIAN_PEPPER_ROOT;XIRECS;29898.0;7
893300;;;INTARIAN_PEPPER_ROOT;XIRECS;29885.0;6
893623;;;INTARIAN_PEPPER_ROOT;XIRECS;29887.0;3
894658;;;ASH_COATED_OSMIUM;XIRECS;9981.0;7
898723;;;INTARIAN_PEPPER_ROOT;XIRECS;29902.0;6
900818;;;INTARIAN_PEPPER_ROOT;XIRECS;29902.0;4
901361;;;INTARIAN_PEPPER_ROOT;XIRECS;29910.0;5
901675;;;INTARIAN_PEPPER_ROOT;XIRECS;29894.0;6
902113;;;INTARIAN_PEPPER_ROOT;XIRECS;29902.0;6
906414;;;INTARIAN_PEPPER_ROOT;XIRECS;29914.0;7
906949;;;INTARIAN_PEPPER_ROOT;XIRECS;29913.0;4
907153;;;ASH_COATED_OSMIUM;XIRECS;10005.0;3
907666;;;ASH_COATED_OSMIUM;XIRECS;10001.0;3
909542;;;INTARIAN_PEPPER_ROOT;XIRECS;29907.0;7
909726;;;INTARIAN_PEPPER_ROOT;XIRECS;29902.0;3
912162;;;ASH_COATED_OSMIUM;XIRECS;10006.0;6
913322;;;ASH_COATED_OSMIUM;XIRECS;9999.0;3
916378;;;INTARIAN_PEPPER_ROOT;XIRECS;29920.0;5
916926;;;ASH_COATED_OSMIUM;XIRECS;10000.0;8
917866;;;INTARIAN_PEPPER_ROOT;XIRECS;29908.0;4
925151;;;INTARIAN_PEPPER_ROOT;XIRECS;29916.0;6
925802;;;ASH_COATED_OSMIUM;XIRECS;9983.0;3
927639;;;INTARIAN_PEPPER_ROOT;XIRECS;29917.0;4
928794;;;ASH_COATED_OSMIUM;XIRECS;9999.0;6
929676;;;ASH_COATED_OSMIUM;XIRECS;9982.0;2
929886;;;INTARIAN_PEPPER_ROOT;XIRECS;29939.0;6
930911;;;ASH_COATED_OSMIUM;XIRECS;9988.0;5
935268;;;ASH_COATED_OSMIUM;XIRECS;10006.0;6
935516;;;ASH_COATED_OSMIUM;XIRECS;9991.0;10
936455;;;INTARIAN_PEPPER_ROOT;XIRECS;29942.0;8
936532;;;INTARIAN_PEPPER_ROOT;XIRECS;29932.0;7
937323;;;ASH_COATED_OSMIUM;XIRECS;9992.0;3
938280;;;INTARIAN_PEPPER_ROOT;XIRECS;29942.0;3
939922;;;ASH_COATED_OSMIUM;XIRECS;9993.0;2
941093;;;ASH_COATED_OSMIUM;XIRECS;10010.0;5
943085;;;ASH_COATED_OSMIUM;XIRECS;9988.0;2
944323;;;ASH_COATED_OSMIUM;XIRECS;10007.0;4
944495;;;ASH_COATED_OSMIUM;XIRECS;10005.0;3
947781;;;INTARIAN_PEPPER_ROOT;XIRECS;29955.0;5
947993;;;ASH_COATED_OSMIUM;XIRECS;9998.0;6
949816;;;ASH_COATED_OSMIUM;XIRECS;10000.0;2
949863;;;ASH_COATED_OSMIUM;XIRECS;10018.0;4
953379;;;INTARIAN_PEPPER_ROOT;XIRECS;29947.0;3
953718;;;INTARIAN_PEPPER_ROOT;XIRECS;29943.0;5
955880;;;INTARIAN_PEPPER_ROOT;XIRECS;29964.0;6
956158;;;ASH_COATED_OSMIUM;XIRECS;10016.0;7
956520;;;INTARIAN_PEPPER_ROOT;XIRECS;29952.0;3
956696;;;ASH_COATED_OSMIUM;XIRECS;10017.0;7
957978;;;INTARIAN_PEPPER_ROOT;XIRECS;29953.0;5
960411;;;ASH_COATED_OSMIUM;XIRECS;10011.0;4
967705;;;INTARIAN_PEPPER_ROOT;XIRECS;29961.0;3
968571;;;INTARIAN_PEPPER_ROOT;XIRECS;29970.0;4
969398;;;INTARIAN_PEPPER_ROOT;XIRECS;29959.0;4
971610;;;ASH_COATED_OSMIUM;XIRECS;10015.0;5
972342;;;INTARIAN_PEPPER_ROOT;XIRECS;29987.0;7
973242;;;INTARIAN_PEPPER_ROOT;XIRECS;29967.0;7
975397;;;ASH_COATED_OSMIUM;XIRECS;10009.0;6
975521;;;ASH_COATED_OSMIUM;XIRECS;9992.0;8
977898;;;ASH_COATED_OSMIUM;XIRECS;9997.0;5
978884;;;ASH_COATED_OSMIUM;XIRECS;10009.0;3
980741;;;INTARIAN_PEPPER_ROOT;XIRECS;29989.0;3
981374;;;ASH_COATED_OSMIUM;XIRECS;9993.0;6
983474;;;INTARIAN_PEPPER_ROOT;XIRECS;29987.0;7
983972;;;INTARIAN_PEPPER_ROOT;XIRECS;29993.0;7
984062;;;ASH_COATED_OSMIUM;XIRECS;10015.0;3
985301;;;ASH_COATED_OSMIUM;XIRECS;10013.0;3
987611;;;INTARIAN_PEPPER_ROOT;XIRECS;29991.0;5
987749;;;ASH_COATED_OSMIUM;XIRECS;10014.0;6
987916;;;INTARIAN_PEPPER_ROOT;XIRECS;29997.0;5
988438;;;INTARIAN_PEPPER_ROOT;XIRECS;29997.0;7
989666;;;INTARIAN_PEPPER_ROOT;XIRECS;29981.0;4
992322;;;ASH_COATED_OSMIUM;XIRECS;10011.0;3
992495;;;INTARIAN_PEPPER_ROOT;XIRECS;29984.0;3
995105;;;ASH_COATED_OSMIUM;XIRECS;10014.0;3
996336;;;INTARIAN_PEPPER_ROOT;XIRECS;30008.0;4
998755;;;INTARIAN_PEPPER_ROOT;XIRECS;29993.0;6