timestamp;buyer;seller;symbol;currency;price;quantity
1140;;;ASH_COATED_OSMIUM;XIRECS;10010.0;2
3347;;;INTARIAN_PEPPER_ROOT;XIRECS;40998.0;5
6578;;;ASH_COATED_OSMIUM;XIRECS;9989.0;6
6634;;;ASH_COATED_OSMIUM;XIRECS;10008.0;5
10432;;;ASH_COATED_OSMIUM;XIRECS;9994.0;4
10977;;;INTARIAN_PEPPER_ROOT;XIRECS;41004.0;7
11093;;;INTARIAN_PEPPER_ROOT;XIRECS;41008.0;6
15794;;;ASH_COATED_OSMIUM;XIRECS;10000.0;8
15943;;;INTARIAN_PEPPER_ROOT;XIRECS;41012.0;8
16580;;;INTARIAN_PEPPER_ROOT;XIRECS;41010.0;8
17435;;;ASH_COATED_OSMIUM;XIRECS;9981.0;10
17872;;;ASH_COATED_OSMIUM;XIRECS;10005.0;10
20154;;;INTARIAN_PEPPER_ROOT;XIRECS;41029.0;4
20163;;;ASH_COATED_OSMIUM;XIRECS;9998.0;3
22824;;;ASH_COATED_OSMIUM;XIRECS;10010.0;3
23823;;;INTARIAN_PEPPER_ROOT;XIRECS;41018.0;6
24343;;;INTARIAN_PEPPER_ROOT;XIRECS;41017.0;4
24884;;;INTARIAN_PEPPER_ROOT;XIRECS;41021.0;4
25090;;;ASH_COATED_OSMIUM;XIRECS;10015.0;2
26083;;;ASH_COATED_OSMIUM;XIRECS;10007.0;6
26699;;;ASH_COATED_OSMIUM;XIRECS;10009.0;6
30444;;;INTARIAN_PEPPER_ROOT;XIRECS;41026.0;6
32812;;;ASH_COATED_OSMIUM;XIRECS;10011.0;5
34563;;;ASH_COATED_OSMIUM;XIRECS;10000.0;6
35277;;;ASH_COATED_OSMIUM;XIRECS;9995.0;6
36642;;;ASH_COATED_OSMIUM;XIRECS;9992.0;3
37612;;;INTARIAN_PEPPER_ROOT;XIRECS;41044.0;6
37696;;;ASH_COATED_OSMIUM;XIRECS;9988.0;4
38274;;;ASH_COATED_OSMIUM;XIRECS;10003.0;3
38310;;;ASH_COATED_OSMIUM;XIRECS;10008.0;4
43353;;;ASH_COATED_OSMIUM;XIRECS;10009.0;5
44566;;;ASH_COATED_OSMIUM;XIRECS;10009.0;3
45068;;;ASH_COATED_OSMIUM;XIRECS;10005.0;6
45223;;;INTARIAN_PEPPER_ROOT;XIRECS;41041.0;4
45624;;;ASH_COATED_OSMIUM;XIRECS;10007.0;2
47212;;;ASH_COATED_OSMIUM;XIRECS;10006.0;6
47434;;;ASH_COATED_OSMIUM;XIRECS;9993.0;3
47681;;;ASH_COATED_OSMIUM;XIRECS;10009.0;4
48232;;;ASH_COATED_OSMIUM;XIRECS;9989.0;3
48300;;;INTARIAN_PEPPER_ROOT;XIRECS;41041.0;6
50236;;;ASH_COATED_OSMIUM;XIRECS;9990.0;5
50335;;;INTARIAN_PEPPER_ROOT;XIRECS;41044.0;5
52781;;;INTARIAN_PEPPER_ROOT;XIRECS;41060.0;4
54245;;;INTARIAN_PEPPER_ROOT;XIRECS;41063.0;4
56035;;;INTARIAN_PEPPER_ROOT;XIRECS;41057.0;7
56187;;;ASH_COATED_OSMIUM;XIRECS;9990.0;8
57066;;;INTARIAN_PEPPER_ROOT;XIRECS;41066.0;4
61790;;;INTARIAN_PEPPER_ROOT;XIRECS;41066.0;7
62071;;;ASH_COATED_OSMIUM;XIRECS;9989.0;7
62853;;;INTARIAN_PEPPER_ROOT;XIRECS;41057.0;7
63891;;;ASH_COATED_OSMIUM;XIRECS;10002.0;4
64798;;;ASH_COATED_OSMIUM;XIRECS;10012.0;8
66158;;;INTARIAN_PEPPER_ROOT;XIRECS;41070.0;6
68808;;;INTARIAN_PEPPER_ROOT;XIRECS;41074.0;6
69745;;;ASH_COATED_OSMIUM;XIRECS;9990.0;9
74467;;;ASH_COATED_OSMIUM;XIRECS;9984.0;6
77406;;;ASH_COATED_OSMIUM;XIRECS;10010.0;6
80628;;;ASH_COATED_OSMIUM;XIRECS;9990.0;2
83036;;;ASH_COATED_OSMIUM;XIRECS;9995.0;10
83491;;;ASH_COATED_OSMIUM;XIRECS;10000.0;4
83531;;;ASH_COATED_OSMIUM;XIRECS;10000.0;5
88326;;;ASH_COATED_OSMIUM;XIRECS;10002.0;10
88770;;;ASH_COATED_OSMIUM;XIRECS;10006.0;5
92640;;;ASH_COATED_OSMIUM;XIRECS;10018.0;3
93696;;;INTARIAN_PEPPER_ROOT;XIRECS;41083.0;7
96170;;;INTARIAN_PEPPER_ROOT;XIRECS;41090.0;5
96190;;;ASH_COATED_OSMIUM;XIRECS;9998.0;4
97625;;;ASH_COATED_OSMIUM;XIRECS;9985.0;6
97855;;;INTARIAN_PEPPER_ROOT;XIRECS;41086.0;4
99387;;;ASH_COATED_OSMIUM;XIRECS;10014.0;3
100721;;;ASH_COATED_OSMIUM;XIRECS;9999.0;6
101534;;;ASH_COATED_OSMIUM;XIRECS;10008.0;6
102217;;;INTARIAN_PEPPER_ROOT;XIRECS;41111.0;6
105292;;;INTARIAN_PEPPER_ROOT;XIRECS;41112.0;7
107265;;;ASH_COATED_OSMIUM;XIRECS;9992.0;2
109016;;;ASH_COATED_OSMIUM;XIRECS;10002.0;4
111402;;;INTARIAN_PEPPER_ROOT;XIRECS;41103.0;7
111538;;;ASH_COATED_OSMIUM;XIRECS;10000.0;3
112007;;;INTARIAN_PEPPER_ROOT;XIRECS;41117.0;6
115569;;;ASH_COATED_OSMIUM;XIRECS;10002.0;5
115778;;;ASH_COATED_OSMIUM;XIRECS;10006.0;7
117349;;;ASH_COATED_OSMIUM;XIRECS;9995.0;10
118035;;;ASH_COATED_OSMIUM;XIRECS;9985.0;4
118364;;;ASH_COATED_OSMIUM;XIRECS;9992.0;8
119695;;;ASH_COATED_OSMIUM;XIRECS;9992.0;5
120824;;;ASH_COATED_OSMIUM;XIRECS;9990.0;9
121509;;;ASH_COATED_OSMIUM;XIRECS;9992.0;2
121946;;;INTARIAN_PEPPER_ROOT;XIRECS;41131.0;3
122799;;;ASH_COATED_OSMIUM;XIRECS;9993.0;6
122926;;;INTARIAN_PEPPER_ROOT;XIRECS;41118.0;3
123189;;;ASH_COATED_OSMIUM;XIRECS;10002.0;9
124244;;;ASH_COATED_OSMIUM;XIRECS;10010.0;6
130260;;;INTARIAN_PEPPER_ROOT;XIRECS;41120.0;6
131953;;;INTARIAN_PEPPER_ROOT;XIRECS;41125.0;7
131963;;;ASH_COATED_OSMIUM;XIRECS;10002.0;9
136653;;;INTARIAN_PEPPER_ROOT;XIRECS;41131.0;4
140518;;;ASH_COATED_OSMIUM;XIRECS;9992.0;5
140765;;;INTARIAN_PEPPER_ROOT;XIRECS;41147.0;6
141441;;;INTARIAN_PEPPER_ROOT;XIRECS;41148.0;7
142649;;;ASH_COATED_OSMIUM;XIRECS;9990.0;5
143184;;;ASH_COATED_OSMIUM;XIRECS;10010.0;4
143597;;;INTARIAN_PEPPER_ROOT;XIRECS;41150.0;5
143680;;;INTARIAN_PEPPER_ROOT;XIRECS;41140.0;6
144206;;;ASH_COATED_OSMIUM;XIRECS;10003.0;8
144625;;;ASH_COATED_OSMIUM;XIRECS;9995.0;6
145397;;;INTARIAN_PEPPER_ROOT;XIRECS;41139.0;3
145957;;;INTARIAN_PEPPER_ROOT;XIRECS;41139.0;7
147359;;;ASH_COATED_OSMIUM;XIRECS;9995.0;5
147421;;;INTARIAN_PEPPER_ROOT;XIRECS;41141.0;6
148615;;;INTARIAN_PEPPER_ROOT;XIRECS;41159.0;5
150382;;;ASH_COATED_OSMIUM;XIRECS;9992.0;6
153518;;;ASH_COATED_OSMIUM;XIRECS;9995.0;6
154213;;;INTARIAN_PEPPER_ROOT;XIRECS;41147.0;8
156997;;;INTARIAN_PEPPER_ROOT;XIRECS;41161.0;3
159614;;;ASH_COATED_OSMIUM;XIRECS;10004.0;2
160006;;;ASH_COATED_OSMIUM;XIRECS;10013.0;5
162109;;;ASH_COATED_OSMIUM;XIRECS;10001.0;2
162829;;;INTARIAN_PEPPER_ROOT;XIRECS;41169.0;7
163921;;;ASH_COATED_OSMIUM;XIRECS;9999.0;6
164359;;;INTARIAN_PEPPER_ROOT;XIRECS;41169.0;4
165015;;;INTARIAN_PEPPER_ROOT;XIRECS;41172.0;6
165089;;;ASH_COATED_OSMIUM;XIRECS;10019.0;5
165812;;;ASH_COATED_OSMIUM;XIRECS;9992.0;5
166369;;;INTARIAN_PEPPER_ROOT;XIRECS;41174.0;7
167618;;;ASH_COATED_OSMIUM;XIRECS;9988.0;6
167731;;;INTARIAN_PEPPER_ROOT;XIRECS;41172.0;6
169601;;;INTARIAN_PEPPER_ROOT;XIRECS;41161.0;3
169978;;;INTARIAN_PEPPER_ROOT;XIRECS;41180.0;8
172227;;;ASH_COATED_OSMIUM;XIRECS;10016.0;5
175520;;;INTARIAN_PEPPER_ROOT;XIRECS;41173.0;6
176429;;;ASH_COATED_OSMIUM;XIRECS;9983.0;5
176474;;;INTARIAN_PEPPER_ROOT;XIRECS;41183.0;3
177079;;;ASH_COATED_OSMIUM;XIRECS;9998.0;5
177130;;;INTARIAN_PEPPER_ROOT;XIRECS;41167.0;3
179000;;;ASH_COATED_OSMIUM;XIRECS;9995.0;3
179667;;;ASH_COATED_OSMIUM;XIRECS;10003.0;2
182760;;;ASH_COATED_OSMIUM;XIRECS;9994.0;4
183071;;;INTARIAN_PEPPER_ROOT;XIRECS;41188.0;8
183243;;;INTARIAN_PEPPER_ROOT;XIRECS;41175.0;8
183496;;;INTARIAN_PEPPER_ROOT;XIRECS;41187.0;7
186644;;;ASH_COATED_OSMIUM;XIRECS;10009.0;5
187004;;;INTARIAN_PEPPER_ROOT;XIRECS;41180.0;3
187480;;;ASH_COATED_OSMIUM;XIRECS;9997.0;2
187493;;;INTARIAN_PEPPER_ROOT;XIRECS;41198.0;6
188099;;;INTARIAN_PEPPER_ROOT;XIRECS;41182.0;7
191432;;;INTARIAN_PEPPER_ROOT;XIRECS;41183.0;3
193693;;;ASH_COATED_OSMIUM;XIRECS;10004.0;5
194393;;;INTARIAN_PEPPER_ROOT;XIRECS;41190.0;3
199571;;;INTARIAN_PEPPER_ROOT;XIRECS;41190.0;7
200577;;;INTARIAN_PEPPER_ROOT;XIRECS;41208.0;4
202207;;;ASH_COATED_OSMIUM;XIRECS;9978.0;2
203598;;;ASH_COATED_OSMIUM;XIRECS;10013.0;6
204142;;;ASH_COATED_OSMIUM;XIRECS;10006.0;3
205585;;;ASH_COATED_OSMIUM;XIRECS;9992.0;2
208124;;;INTARIAN_PEPPER_ROOT;XIRECS;41215.0;6
209497;;;ASH_COATED_OSMIUM;XIRECS;10010.0;3
210995;;;INTARIAN_PEPPER_ROOT;XIRECS;41207.0;3
211252;;;INTARIAN_PEPPER_ROOT;XIRECS;41217.0;3
212604;;;ASH_COATED_OSMIUM;XIRECS;10010.0;8
212638;;;ASH_COATED_OSMIUM;XIRECS;9998.0;6
214145;;;ASH_COATED_OSMIUM;XIRECS;9986.0;2
215072;;;ASH_COATED_OSMIUM;XIRECS;10009.0;5
216748;;;ASH_COATED_OSMIUM;XIRECS;9995.0;6
220113;;;ASH_COATED_OSMIUM;XIRECS;9983.0;2
223615;;;INTARIAN_PEPPER_ROOT;XIRECS;41219.0;6
224422;;;ASH_COATED_OSMIUM;XIRECS;9998.0;5
227584;;;ASH_COATED_OSMIUM;XIRECS;9996.0;5
230560;;;ASH_COATED_OSMIUM;XIRECS;10010.0;5
232369;;;ASH_COATED_OSMIUM;XIRECS;9985.0;3
235193;;;INTARIAN_PEPPER_ROOT;XIRECS;41242.0;3
238777;;;INTARIAN_PEPPER_ROOT;XIRECS;41248.0;3
242358;;;INTARIAN_PEPPER_ROOT;XIRECS;41250.0;5
245618;;;INTARIAN_PEPPER_ROOT;XIRECS;41243.0;3
249038;;;INTARIAN_PEPPER_ROOT;XIRECS;41239.0;3
251011;;;INTARIAN_PEPPER_ROOT;XIRECS;41258.0;4
252607;;;INTARIAN_PEPPER_ROOT;XIRECS;41247.0;3
254068;;;INTARIAN_PEPPER_ROOT;XIRECS;41248.0;4
255188;;;INTARIAN_PEPPER_ROOT;XIRECS;41260.0;7
255243;;;INTARIAN_PEPPER_ROOT;XIRECS;41251.0;7
255690;;;ASH_COATED_OSMIUM;XIRECS;9991.0;5
256907;;;INTARIAN_PEPPER_ROOT;XIRECS;41264.0;3
259095;;;INTARIAN_PEPPER_ROOT;XIRECS;41253.0;7
259355;;;INTARIAN_PEPPER_ROOT;XIRECS;41262.0;3
262269;;;ASH_COATED_OSMIUM;XIRECS;9995.0;8
262622;;;INTARIAN_PEPPER_ROOT;XIRECS;41255.0;5
263861;;;ASH_COATED_OSMIUM;XIRECS;10013.0;5
264603;;;ASH_COATED_OSMIUM;XIRECS;10011.0;5
266256;;;INTARIAN_PEPPER_ROOT;XIRECS;41255.0;6
266512;;;INTARIAN_PEPPER_ROOT;XIRECS;41279.0;6
267261;;;ASH_COATED_OSMIUM;XIRECS;10004.0;5
267752;;;INTARIAN_PEPPER_ROOT;XIRECS;41260.0;3
269045;;;ASH_COATED_OSMIUM;XIRECS;10010.0;10
270831;;;INTARIAN_PEPPER_ROOT;XIRECS;41281.0;5
271055;;;ASH_COATED_OSMIUM;XIRECS;10007.0;3
271787;;;ASH_COATED_OSMIUM;XIRECS;9991.0;8
273388;;;ASH_COATED_OSMIUM;XIRECS;10018.0;8
273414;;;INTARIAN_PEPPER_ROOT;XIRECS;41267.0;4
273808;;;INTARIAN_PEPPER_ROOT;XIRECS;41280.0;3
275420;;;INTARIAN_PEPPER_ROOT;XIRECS;41274.0;5
276029;;;ASH_COATED_OSMIUM;XIRECS;9997.0;7
278486;;;INTARIAN_PEPPER_ROOT;XIRECS;41273.0;7
279843;;;INTARIAN_PEPPER_ROOT;XIRECS;41284.0;4
283828;;;ASH_COATED_OSMIUM;XIRECS;9988.0;9
285011;;;ASH_COATED_OSMIUM;XIRECS;10011.0;9
286100;;;INTARIAN_PEPPER_ROOT;XIRECS;41280.0;7
286190;;;ASH_COATED_OSMIUM;XIRECS;9990.0;6
289782;;;INTARIAN_PEPPER_ROOT;XIRECS;41284.0;7
290580;;;INTARIAN_PEPPER_ROOT;XIRECS;41285.0;3
290955;;;ASH_COATED_OSMIUM;XIRECS;10008.0;2
291733;;;ASH_COATED_OSMIUM;XIRECS;9991.0;4
295073;;;INTARIAN_PEPPER_ROOT;XIRECS;41287.0;5
295928;;;INTARIAN_PEPPER_ROOT;XIRECS;41300.0;5
297601;;;ASH_COATED_OSMIUM;XIRECS;9989.0;7
297674;;;INTARIAN_PEPPER_ROOT;XIRECS;41302.0;4
300852;;;ASH_COATED_OSMIUM;XIRECS;9992.0;2
300871;;;ASH_COATED_OSMIUM;XIRECS;10008.0;3
301373;;;ASH_COATED_OSMIUM;XIRECS;9998.0;7
303482;;;ASH_COATED_OSMIUM;XIRECS;9996.0;3
303677;;;ASH_COATED_OSMIUM;XIRECS;9995.0;4
304509;;;INTARIAN_PEPPER_ROOT;XIRECS;41310.0;6
305933;;;ASH_COATED_OSMIUM;XIRECS;10010.0;9
309307;;;INTARIAN_PEPPER_ROOT;XIRECS;41301.0;4
311724;;;ASH_COATED_OSMIUM;XIRECS;10000.0;2
313662;;;ASH_COATED_OSMIUM;XIRECS;10007.0;9
314649;;;ASH_COATED_OSMIUM;XIRECS;10010.0;4
316800;;;ASH_COATED_OSMIUM;XIRECS;9996.0;3
317970;;;INTARIAN_PEPPER_ROOT;XIRECS;41310.0;5
320250;;;INTARIAN_PEPPER_ROOT;XIRECS;41320.0;6
321825;;;ASH_COATED_OSMIUM;XIRECS;10010.0;5
323361;;;INTARIAN_PEPPER_ROOT;XIRECS;41319.0;8
324732;;;ASH_COATED_OSMIUM;XIRECS;9998.0;6
324966;;;ASH_COATED_OSMIUM;XIRECS;10020.0;9
326140;;;INTARIAN_PEPPER_ROOT;XIRECS;41329.0;7
326472;;;INTARIAN_PEPPER_ROOT;XIRECS;41334.0;5
327101;;;INTARIAN_PEPPER_ROOT;XIRECS;41335.0;5
331491;;;ASH_COATED_OSMIUM;XIRECS;9993.0;3
332026;;;INTARIAN_PEPPER_ROOT;XIRECS;41321.0;5
337882;;;INTARIAN_PEPPER_ROOT;XIRECS;41342.0;3
337991;;;INTARIAN_PEPPER_ROOT;XIRECS;41342.0;3
339430;;;INTARIAN_PEPPER_ROOT;XIRECS;41350.0;4
340903;;;ASH_COATED_OSMIUM;XIRECS;10005.0;4
341007;;;INTARIAN_PEPPER_ROOT;XIRECS;41350.0;7
341736;;;ASH_COATED_OSMIUM;XIRECS;9985.0;2
342245;;;INTARIAN_PEPPER_ROOT;XIRECS;41336.0;6
346026;;;INTARIAN_PEPPER_ROOT;XIRECS;41340.0;5
347078;;;ASH_COATED_OSMIUM;XIRECS;10001.0;3
351698;;;INTARIAN_PEPPER_ROOT;XIRECS;41357.0;7
352268;;;INTARIAN_PEPPER_ROOT;XIRECS;41343.0;3
352561;;;ASH_COATED_OSMIUM;XIRECS;9983.0;5
354100;;;INTARIAN_PEPPER_ROOT;XIRECS;41349.0;3
360536;;;INTARIAN_PEPPER_ROOT;XIRECS;41368.0;6
361732;;;ASH_COATED_OSMIUM;XIRECS;9986.0;4
361770;;;INTARIAN_PEPPER_ROOT;XIRECS;41372.0;5
361801;;;ASH_COATED_OSMIUM;XIRECS;10004.0;3
362510;;;ASH_COATED_OSMIUM;XIRECS;9994.0;6
364048;;;INTARIAN_PEPPER_ROOT;XIRECS;41376.0;6
364761;;;ASH_COATED_OSMIUM;XIRECS;10008.0;3
365026;;;INTARIAN_PEPPER_ROOT;XIRECS;41374.0;3
366963;;;ASH_COATED_OSMIUM;XIRECS;9996.0;2
367240;;;INTARIAN_PEPPER_ROOT;XIRECS;41371.0;6
368306;;;ASH_COATED_OSMIUM;XIRECS;9994.0;8
370112;;;ASH_COATED_OSMIUM;XIRECS;9987.0;4
372415;;;INTARIAN_PEPPER_ROOT;XIRECS;41379.0;6
374048;;;INTARIAN_PEPPER_ROOT;XIRECS;41379.0;3
374880;;;ASH_COATED_OSMIUM;XIRECS;10015.0;9
376311;;;ASH_COATED_OSMIUM;XIRECS;9997.0;4
376719;;;ASH_COATED_OSMIUM;XIRECS;9988.0;10
377383;;;INTARIAN_PEPPER_ROOT;XIRECS;41371.0;5
381361;;;INTARIAN_PEPPER_ROOT;XIRECS;41383.0;4
381637;;;INTARIAN_PEPPER_ROOT;XIRECS;41378.0;3
381760;;;ASH_COATED_OSMIUM;XIRECS;9985.0;6
388490;;;ASH_COATED_OSMIUM;XIRECS;9990.0;2
389270;;;INTARIAN_PEPPER_ROOT;XIRECS;41399.0;3
391562;;;INTARIAN_PEPPER_ROOT;XIRECS;41385.0;3
391875;;;INTARIAN_PEPPER_ROOT;XIRECS;41385.0;3
394880;;;ASH_COATED_OSMIUM;XIRECS;10006.0;2
395957;;;INTARIAN_PEPPER_ROOT;XIRECS;41404.0;6
395977;;;ASH_COATED_OSMIUM;XIRECS;9988.0;8
396182;;;ASH_COATED_OSMIUM;XIRECS;10006.0;4
397903;;;INTARIAN_PEPPER_ROOT;XIRECS;41393.0;4
399851;;;ASH_COATED_OSMIUM;XIRECS;9996.0;2
402199;;;ASH_COATED_OSMIUM;XIRECS;9999.0;3
403021;;;ASH_COATED_OSMIUM;XIRECS;10006.0;5
404529;;;INTARIAN_PEPPER_ROOT;XIRECS;41401.0;3
405818;;;INTARIAN_PEPPER_ROOT;XIRECS;41397.0;3
409839;;;INTARIAN_PEPPER_ROOT;XIRECS;41418.0;5
410200;;;INTARIAN_PEPPER_ROOT;XIRECS;41414.0;8
411029;;;INTARIAN_PEPPER_ROOT;XIRECS;41416.0;3
411274;;;INTARIAN_PEPPER_ROOT;XIRECS;41401.0;6
414119;;;INTARIAN_PEPPER_ROOT;XIRECS;41425.0;7
418972;;;ASH_COATED_OSMIUM;XIRECS;10014.0;10
419535;;;INTARIAN_PEPPER_ROOT;XIRECS;41415.0;7
421527;;;ASH_COATED_OSMIUM;XIRECS;9992.0;6
425326;;;INTARIAN_PEPPER_ROOT;XIRECS;41432.0;8
425923;;;INTARIAN_PEPPER_ROOT;XIRECS;41430.0;7
426898;;;INTARIAN_PEPPER_ROOT;XIRECS;41420.0;3
428274;;;ASH_COATED_OSMIUM;XIRECS;10018.0;6
429766;;;ASH_COATED_OSMIUM;XIRECS;10005.0;6
430828;;;INTARIAN_PEPPER_ROOT;XIRECS;41423.0;5
431094;;;INTARIAN_PEPPER_ROOT;XIRECS;41424.0;7
431694;;;ASH_COATED_OSMIUM;XIRECS;10008.0;2
432059;;;INTARIAN_PEPPER_ROOT;XIRECS;41424.0;3
432718;;;INTARIAN_PEPPER_ROOT;XIRECS;41426.0;6
432865;;;ASH_COATED_OSMIUM;XIRECS;9997.0;4
432949;;;INTARIAN_PEPPER_ROOT;XIRECS;41439.0;3
434772;;;ASH_COATED_OSMIUM;XIRECS;10018.0;4
435406;;;INTARIAN_PEPPER_ROOT;XIRECS;41427.0;6
437048;;;ASH_COATED_OSMIUM;XIRECS;9991.0;10
437132;;;ASH_COATED_OSMIUM;XIRECS;9995.0;6
438160;;;ASH_COATED_OSMIUM;XIRECS;9986.0;2
439123;;;INTARIAN_PEPPER_ROOT;XIRECS;41433.0;4
439793;;;INTARIAN_PEPPER_ROOT;XIRECS;41448.0;7
441248;;;INTARIAN_PEPPER_ROOT;XIRECS;41434.0;6
443013;;;INTARIAN_PEPPER_ROOT;XIRECS;41439.0;7
444330;;;INTARIAN_PEPPER_ROOT;XIRECS;41449.0;7
446968;;;ASH_COATED_OSMIUM;XIRECS;10006.0;6
447220;;;INTARIAN_PEPPER_ROOT;XIRECS;41440.0;3
451848;;;ASH_COATED_OSMIUM;XIRECS;9992.0;10
453531;;;ASH_COATED_OSMIUM;XIRECS;10002.0;3
455190;;;ASH_COATED_OSMIUM;XIRECS;10010.0;8
456379;;;ASH_COATED_OSMIUM;XIRECS;9987.0;10
457123;;;INTARIAN_PEPPER_ROOT;XIRECS;41448.0;3
460336;;;ASH_COATED_OSMIUM;XIRECS;9989.0;2
461671;;;ASH_COATED_OSMIUM;XIRECS;10009.0;5
462115;;;INTARIAN_PEPPER_ROOT;XIRECS;41455.0;4
464396;;;INTARIAN_PEPPER_ROOT;XIRECS;41471.0;5
465143;;;ASH_COATED_OSMIUM;XIRECS;9982.0;6
466682;;;ASH_COATED_OSMIUM;XIRECS;9987.0;3
467107;;;ASH_COATED_OSMIUM;XIRECS;10011.0;6
469176;;;ASH_COATED_OSMIUM;XIRECS;9978.0;3
470462;;;INTARIAN_PEPPER_ROOT;XIRECS;41465.0;6
470756;;;ASH_COATED_OSMIUM;XIRECS;9981.0;6
473518;;;INTARIAN_PEPPER_ROOT;XIRECS;41466.0;6
473787;;;ASH_COATED_OSMIUM;XIRECS;10001.0;5
476088;;;INTARIAN_PEPPER_ROOT;XIRECS;41471.0;4
477296;;;INTARIAN_PEPPER_ROOT;XIRECS;41482.0;7
479964;;;ASH_COATED_OSMIUM;XIRECS;9994.0;6
482181;;;ASH_COATED_OSMIUM;XIRECS;9987.0;3
483217;;;ASH_COATED_OSMIUM;XIRECS;10000.0;2
483619;;;INTARIAN_PEPPER_ROOT;XIRECS;41475.0;5
484395;;;ASH_COATED_OSMIUM;XIRECS;9995.0;5
484689;;;ASH_COATED_OSMIUM;XIRECS;9991.0;7
484876;;;INTARIAN_PEPPER_ROOT;XIRECS;41474.0;7
485011;;;ASH_COATED_OSMIUM;XIRECS;9991.0;2
485216;;;ASH_COATED_OSMIUM;XIRECS;10011.0;7
487572;;;ASH_COATED_OSMIUM;XIRECS;10007.0;6
490252;;;ASH_COATED_OSMIUM;XIRECS;9992.0;2
491869;;;ASH_COATED_OSMIUM;XIRECS;9987.0;2
491995;;;INTARIAN_PEPPER_ROOT;XIRECS;41498.0;6
497425;;;INTARIAN_PEPPER_ROOT;XIRECS;41506.0;8
497501;;;INTARIAN_PEPPER_ROOT;XIRECS;41491.0;5
497591;;;ASH_COATED_OSMIUM;XIRECS;9998.0;5
498327;;;ASH_COATED_OSMIUM;XIRECS;10007.0;6
501341;;;INTARIAN_PEPPER_ROOT;XIRECS;41499.0;3
501572;;;INTARIAN_PEPPER_ROOT;XIRECS;41504.0;6
501643;;;ASH_COATED_OSMIUM;XIRECS;10013.0;8
502187;;;ASH_COATED_OSMIUM;XIRECS;9998.0;5
503143;;;ASH_COATED_OSMIUM;XIRECS;9997.0;7
506190;;;INTARIAN_PEPPER_ROOT;XIRECS;41513.0;6
506215;;;ASH_COATED_OSMIUM;XIRECS;10006.0;6
506291;;;INTARIAN_PEPPER_ROOT;XIRECS;41498.0;2
506393;;;ASH_COATED_OSMIUM;XIRECS;9992.0;4
508892;;;ASH_COATED_OSMIUM;XIRECS;9991.0;3
509383;;;ASH_COATED_OSMIUM;XIRECS;9995.0;3
511332;;;ASH_COATED_OSMIUM;XIRECS;9999.0;2
511518;;;INTARIAN_PEPPER_ROOT;XIRECS;41504.0;3
516118;;;INTARIAN_PEPPER_ROOT;XIRECS;41524.0;6
516255;;;ASH_COATED_OSMIUM;XIRECS;9992.0;5
517680;;;ASH_COATED_OSMIUM;XIRECS;9992.0;4
522820;;;INTARIAN_PEPPER_ROOT;XIRECS;41530.0;5
523377;;;ASH_COATED_OSMIUM;XIRECS;9989.0;5
524818;;;INTARIAN_PEPPER_ROOT;XIRECS;41533.0;8
525424;;;INTARIAN_PEPPER_ROOT;XIRECS;41518.0;4
526227;;;ASH_COATED_OSMIUM;XIRECS;9992.0;2
527260;;;INTARIAN_PEPPER_ROOT;XIRECS;41534.0;4
530597;;;INTARIAN_PEPPER_ROOT;XIRECS;41540.0;3
530664;;;ASH_COATED_OSMIUM;XIRECS;10000.0;2
532947;;;INTARIAN_PEPPER_ROOT;XIRECS;41529.0;5
533609;;;ASH_COATED_OSMIUM;XIRECS;9993.0;3
535349;;;INTARIAN_PEPPER_ROOT;XIRECS;41541.0;4
540963;;;INTARIAN_PEPPER_ROOT;XIRECS;41536.0;4
540986;;;INTARIAN_PEPPER_ROOT;XIRECS;41536.0;3
545701;;;ASH_COATED_OSMIUM;XIRECS;10002.0;5
547359;;;ASH_COATED_OSMIUM;XIRECS;9985.0;5
547670;;;ASH_COATED_OSMIUM;XIRECS;9999.0;3
547763;;;ASH_COATED_OSMIUM;XIRECS;9987.0;4
550446;;;ASH_COATED_OSMIUM;XIRECS;9984.0;5
550557;;;ASH_COATED_OSMIUM;XIRECS;9989.0;3
551110;;;ASH_COATED_OSMIUM;XIRECS;9993.0;6
552340;;;INTARIAN_PEPPER_ROOT;XIRECS;41558.0;5
554598;;;INTARIAN_PEPPER_ROOT;XIRECS;41564.0;6
557335;;;INTARIAN_PEPPER_ROOT;XIRECS;41547.0;6
557942;;;ASH_COATED_OSMIUM;XIRECS;9990.0;9
558423;;;INTARIAN_PEPPER_ROOT;XIRECS;41552.0;3
558492;;;ASH_COATED_OSMIUM;XIRECS;10008.0;7
559131;;;ASH_COATED_OSMIUM;XIRECS;9990.0;6
560318;;;INTARIAN_PEPPER_ROOT;XIRECS;41566.0;3
562625;;;ASH_COATED_OSMIUM;XIRECS;10002.0;10
563430;;;INTARIAN_PEPPER_ROOT;XIRECS;41557.0;6
565375;;;ASH_COATED_OSMIUM;XIRECS;10001.0;5
565961;;;ASH_COATED_OSMIUM;XIRECS;10017.0;2
566731;;;ASH_COATED_OSMIUM;XIRECS;9991.0;5
568861;;;INTARIAN_PEPPER_ROOT;XIRECS;41570.0;6
569219;;;ASH_COATED_OSMIUM;XIRECS;10015.0;6
569643;;;ASH_COATED_OSMIUM;XIRECS;9995.0;5
570570;;;ASH_COATED_OSMIUM;XIRECS;9998.0;8
571908;;;ASH_COATED_OSMIUM;XIRECS;10017.0;4
572967;;;ASH_COATED_OSMIUM;XIRECS;10013.0;3
574486;;;INTARIAN_PEPPER_ROOT;XIRECS;41581.0;5
575170;;;ASH_COATED_OSMIUM;XIRECS;9997.0;9
577765;;;INTARIAN_PEPPER_ROOT;XIRECS;41570.0;4
579201;;;ASH_COATED_OSMIUM;XIRECS;10003.0;4
581763;;;ASH_COATED_OSMIUM;XIRECS;9993.0;3
584816;;;ASH_COATED_OSMIUM;XIRECS;10005.0;2
587598;;;INTARIAN_PEPPER_ROOT;XIRECS;41591.0;7
588403;;;INTARIAN_PEPPER_ROOT;XIRECS;41584.0;3
590204;;;ASH_COATED_OSMIUM;XIRECS;9996.0;8
592204;;;INTARIAN_PEPPER_ROOT;XIRECS;41587.0;6
593130;;;INTARIAN_PEPPER_ROOT;XIRECS;41601.0;7
593413;;;ASH_COATED_OSMIUM;XIRECS;9992.0;2
593431;;;INTARIAN_PEPPER_ROOT;XIRECS;41587.0;6
594721;;;INTARIAN_PEPPER_ROOT;XIRECS;41588.0;8
595920;;;ASH_COATED_OSMIUM;XIRECS;10001.0;10
596326;;;ASH_COATED_OSMIUM;XIRECS;9990.0;2
597717;;;ASH_COATED_OSMIUM;XIRECS;9995.0;9
599089;;;INTARIAN_PEPPER_ROOT;XIRECS;41605.0;6
599806;;;ASH_COATED_OSMIUM;XIRECS;9998.0;4
601469;;;ASH_COATED_OSMIUM;XIRECS;10003.0;6
601619;;;INTARIAN_PEPPER_ROOT;XIRECS;41609.0;3
602894;;;ASH_COATED_OSMIUM;XIRECS;9988.0;4
603275;;;INTARIAN_PEPPER_ROOT;XIRECS;41611.0;4
603653;;;INTARIAN_PEPPER_ROOT;XIRECS;41610.0;7
605665;;;INTARIAN_PEPPER_ROOT;XIRECS;41602.0;7
608336;;;ASH_COATED_OSMIUM;XIRECS;9990.0;2
610254;;;ASH_COATED_OSMIUM;XIRECS;10008.0;7
610328;;;INTARIAN_PEPPER_ROOT;XIRECS;41616.0;6
610468;;;ASH_COATED_OSMIUM;XIRECS;9996.0;5
613099;;;INTARIAN_PEPPER_ROOT;XIRECS;41621.0;8
615489;;;ASH_COATED_OSMIUM;XIRECS;10008.0;5
615915;;;INTARIAN_PEPPER_ROOT;XIRECS;41611.0;6
617515;;;INTARIAN_PEPPER_ROOT;XIRECS;41623.0;3
618125;;;ASH_COATED_OSMIUM;XIRECS;9996.0;6
618678;;;ASH_COATED_OSMIUM;XIRECS;9981.0;5
618976;;;INTARIAN_PEPPER_ROOT;XIRECS;41624.0;3
619686;;;INTARIAN_PEPPER_ROOT;XIRECS;41612.0;4
622859;;;INTARIAN_PEPPER_ROOT;XIRECS;41618.0;6
626804;;;INTARIAN_PEPPER_ROOT;XIRECS;41618.0;4
626910;;;INTARIAN_PEPPER_ROOT;XIRECS;41620.0;3
628600;;;ASH_COATED_OSMIUM;XIRECS;10008.0;5
628600;;;ASH_COATED_OSMIUM;XIRECS;10008.0;5
628690;;;ASH_COATED_OSMIUM;XIRECS;10008.0;10
629976;;;ASH_COATED_OSMIUM;XIRECS;10003.0;6
630082;;;INTARIAN_PEPPER_ROOT;XIRECS;41636.0;5
630182;;;ASH_COATED_OSMIUM;XIRECS;9995.0;10
631846;;;ASH_COATED_OSMIUM;XIRECS;10020.0;7
632200;;;INTARIAN_PEPPER_ROOT;XIRECS;41642.0;7
636350;;;ASH_COATED_OSMIUM;XIRECS;10004.0;8
637628;;;ASH_COATED_OSMIUM;XIRECS;9982.0;6
638629;;;INTARIAN_PEPPER_ROOT;XIRECS;41638.0;3
639890;;;INTARIAN_PEPPER_ROOT;XIRECS;41636.0;4
641541;;;ASH_COATED_OSMIUM;XIRECS;9992.0;5
641992;;;ASH_COATED_OSMIUM;XIRECS;9990.0;6
644577;;;ASH_COATED_OSMIUM;XIRECS;9997.0;5
645007;;;INTARIAN_PEPPER_ROOT;XIRECS;41642.0;6
645436;;;ASH_COATED_OSMIUM;XIRECS;9989.0;2
645793;;;ASH_COATED_OSMIUM;XIRECS;10004.0;5
645898;;;INTARIAN_PEPPER_ROOT;XIRECS;41639.0;6
647574;;;INTARIAN_PEPPER_ROOT;XIRECS;41652.0;3
648099;;;ASH_COATED_OSMIUM;XIRECS;10004.0;6
648409;;;ASH_COATED_OSMIUM;XIRECS;10012.0;8
648845;;;ASH_COATED_OSMIUM;XIRECS;10005.0;5
659442;;;ASH_COATED_OSMIUM;XIRECS;10005.0;5
660388;;;ASH_COATED_OSMIUM;XIRECS;10010.0;4
661292;;;ASH_COATED_OSMIUM;XIRECS;9996.0;3
661640;;;INTARIAN_PEPPER_ROOT;XIRECS;41654.0;5
661829;;;INTARIAN_PEPPER_ROOT;XIRECS;41657.0;7
661996;;;INTARIAN_PEPPER_ROOT;XIRECS;41668.0;8
662276;;;INTARIAN_PEPPER_ROOT;XIRECS;41668.0;5
663435;;;ASH_COATED_OSMIUM;XIRECS;9996.0;4
664792;;;ASH_COATED_OSMIUM;XIRECS;10001.0;9
665042;;;INTARIAN_PEPPER_ROOT;XIRECS;41675.0;7
665070;;;ASH_COATED_OSMIUM;XIRECS;9991.0;2
665553;;;ASH_COATED_OSMIUM;XIRECS;9992.0;6
666644;;;ASH_COATED_OSMIUM;XIRECS;10006.0;5
669750;;;INTARIAN_PEPPER_ROOT;XIRECS;41674.0;3
669963;;;INTARIAN_PEPPER_ROOT;XIRECS;41676.0;7
670201;;;ASH_COATED_OSMIUM;XIRECS;10025.0;4
670386;;;ASH_COATED_OSMIUM;XIRECS;10005.0;2
671321;;;INTARIAN_PEPPER_ROOT;XIRECS;41663.0;7
673135;;;ASH_COATED_OSMIUM;XIRECS;9995.0;2
673365;;;INTARIAN_PEPPER_ROOT;XIRECS;41679.0;4
674217;;;ASH_COATED_OSMIUM;XIRECS;9992.0;8
674974;;;ASH_COATED_OSMIUM;XIRECS;10000.0;4
676250;;;INTARIAN_PEPPER_ROOT;XIRECS;41683.0;7
683563;;;ASH_COATED_OSMIUM;XIRECS;9985.0;5
684676;;;INTARIAN_PEPPER_ROOT;XIRECS;41691.0;5
686996;;;INTARIAN_PEPPER_ROOT;XIRECS;41693.0;6
687100;;;ASH_COATED_OSMIUM;XIRECS;10008.0;7
687765;;;ASH_COATED_OSMIUM;XIRECS;9998.0;7
688909;;;ASH_COATED_OSMIUM;XIRECS;10005.0;3
689589;;;ASH_COATED_OSMIUM;XIRECS;9981.0;4
691213;;;INTARIAN_PEPPER_ROOT;XIRECS;41683.0;8
693244;;;INTARIAN_PEPPER_ROOT;XIRECS;41703.0;7
694486;;;ASH_COATED_OSMIUM;XIRECS;10008.0;3
698519;;;ASH_COATED_OSMIUM;XIRECS;9991.0;4
701312;;;INTARIAN_PEPPER_ROOT;XIRECS;41696.0;5
703196;;;ASH_COATED_OSMIUM;XIRECS;9995.0;7
703499;;;ASH_COATED_OSMIUM;XIRECS;10004.0;6
703666;;;INTARIAN_PEPPER_ROOT;XIRECS;41714.0;3
703919;;;INTARIAN_PEPPER_ROOT;XIRECS;41702.0;5
704581;;;ASH_COATED_OSMIUM;XIRECS;9998.0;4
705268;;;INTARIAN_PEPPER_ROOT;XIRECS;41702.0;5
705833;;;ASH_COATED_OSMIUM;XIRECS;9988.0;9
706409;;;ASH_COATED_OSMIUM;XIRECS;9994.0;3
707329;;;ASH_COATED_OSMIUM;XIRECS;10017.0;8
707516;;;ASH_COATED_OSMIUM;XIRECS;9996.0;8
708291;;;ASH_COATED_OSMIUM;XIRECS;9987.0;10
709651;;;ASH_COATED_OSMIUM;XIRECS;10001.0;5
711016;;;INTARIAN_PEPPER_ROOT;XIRECS;41705.0;5
711443;;;ASH_COATED_OSMIUM;XIRECS;9983.0;6
711869;;;INTARIAN_PEPPER_ROOT;XIRECS;41706.0;3
714018;;;INTARIAN_PEPPER_ROOT;XIRECS;41705.0;6
715714;;;ASH_COATED_OSMIUM;XIRECS;9992.0;6
716317;;;ASH_COATED_OSMIUM;XIRECS;9998.0;4
717772;;;INTARIAN_PEPPER_ROOT;XIRECS;41713.0;4
718746;;;INTARIAN_PEPPER_ROOT;XIRECS;41724.0;7
722640;;;ASH_COATED_OSMIUM;XIRECS;9999.0;10
723117;;;ASH_COATED_OSMIUM;XIRECS;10000.0;6
723184;;;ASH_COATED_OSMIUM;XIRECS;10006.0;2
724959;;;ASH_COATED_OSMIUM;XIRECS;9986.0;2
728791;;;INTARIAN_PEPPER_ROOT;XIRECS;41724.0;6
729427;;;INTARIAN_PEPPER_ROOT;XIRECS;41724.0;7
731357;;;ASH_COATED_OSMIUM;XIRECS;9998.0;5
732548;;;INTARIAN_PEPPER_ROOT;XIRECS;41726.0;7
732828;;;ASH_COATED_OSMIUM;XIRECS;9989.0;6
736481;;;ASH_COATED_OSMIUM;XIRECS;10003.0;3
736681;;;ASH_COATED_OSMIUM;XIRECS;10000.0;5
736726;;;ASH_COATED_OSMIUM;XIRECS;9982.0;4
737703;;;INTARIAN_PEPPER_ROOT;XIRECS;41730.0;4
738293;;;ASH_COATED_OSMIUM;XIRECS;9995.0;6
739109;;;ASH_COATED_OSMIUM;XIRECS;10015.0;3
740239;;;INTARIAN_PEPPER_ROOT;XIRECS;41734.0;5
741362;;;ASH_COATED_OSMIUM;XIRECS;10002.0;10
743171;;;INTARIAN_PEPPER_ROOT;XIRECS;41733.0;6
746433;;;ASH_COATED_OSMIUM;XIRECS;10015.0;4
746533;;;ASH_COATED_OSMIUM;XIRECS;9995.0;3
747718;;;ASH_COATED_OSMIUM;XIRECS;10014.0;6
747746;;;INTARIAN_PEPPER_ROOT;XIRECS;41752.0;7
748525;;;ASH_COATED_OSMIUM;XIRECS;10014.0;2
748531;;;INTARIAN_PEPPER_ROOT;XIRECS;41756.0;6
751113;;;ASH_COATED_OSMIUM;XIRECS;10006.0;5
751282;;;INTARIAN_PEPPER_ROOT;XIRECS;41756.0;7
752399;;;INTARIAN_PEPPER_ROOT;XIRECS;41764.0;6
753733;;;ASH_COATED_OSMIUM;XIRECS;10017.0;4
757678;;;INTARIAN_PEPPER_ROOT;XIRECS;41754.0;8
758168;;;INTARIAN_PEPPER_ROOT;XIRECS;41753.0;6
758912;;;ASH_COATED_OSMIUM;XIRECS;10011.0;5
761208;;;ASH_COATED_OSMIUM;XIRECS;10006.0;3
761294;;;ASH_COATED_OSMIUM;XIRECS;9988.0;4
761402;;;INTARIAN_PEPPER_ROOT;XIRECS;41769.0;3
761523;;;ASH_COATED_OSMIUM;XIRECS;9991.0;3
761875;;;INTARIAN_PEPPER_ROOT;XIRECS;41754.0;7
762530;;;INTARIAN_PEPPER_ROOT;XIRECS;41756.0;4
762995;;;ASH_COATED_OSMIUM;XIRECS;9992.0;3
763134;;;ASH_COATED_OSMIUM;XIRECS;10010.0;6
763510;;;ASH_COATED_OSMIUM;XIRECS;9990.0;8
764555;;;INTARIAN_PEPPER_ROOT;XIRECS;41764.0;4
766433;;;ASH_COATED_OSMIUM;XIRECS;9997.0;5
770201;;;ASH_COATED_OSMIUM;XIRECS;9991.0;5
771731;;;INTARIAN_PEPPER_ROOT;XIRECS;41764.0;4
771906;;;ASH_COATED_OSMIUM;XIRECS;10010.0;7
773640;;;INTARIAN_PEPPER_ROOT;XIRECS;41769.0;7
776482;;;ASH_COATED_OSMIUM;XIRECS;9998.0;3
777178;;;ASH_COATED_OSMIUM;XIRECS;10002.0;10
777816;;;INTARIAN_PEPPER_ROOT;XIRECS;41785.0;3
778052;;;ASH_COATED_OSMIUM;XIRECS;9987.0;6
779076;;;ASH_COATED_OSMIUM;XIRECS;9997.0;10
779571;;;INTARIAN_PEPPER_ROOT;XIRECS;41772.0;7
780522;;;ASH_COATED_OSMIUM;XIRECS;9983.0;4
780744;;;ASH_COATED_OSMIUM;XIRECS;10001.0;2
781350;;;INTARIAN_PEPPER_ROOT;XIRECS;41785.0;4
782366;;;INTARIAN_PEPPER_ROOT;XIRECS;41792.0;4
782759;;;INTARIAN_PEPPER_ROOT;XIRECS;41775.0;6
783419;;;INTARIAN_PEPPER_ROOT;XIRECS;41776.0;7
786241;;;ASH_COATED_OSMIUM;XIRECS;9987.0;3
788038;;;ASH_COATED_OSMIUM;XIRECS;10005.0;5
789861;;;ASH_COATED_OSMIUM;XIRECS;9999.0;3
791122;;;INTARIAN_PEPPER_ROOT;XIRECS;41788.0;6
791342;;;ASH_COATED_OSMIUM;XIRECS;9991.0;3
791383;;;INTARIAN_PEPPER_ROOT;XIRECS;41792.0;7
792388;;;ASH_COATED_OSMIUM;XIRECS;9986.0;4
793271;;;ASH_COATED_OSMIUM;XIRECS;10008.0;5
793448;;;INTARIAN_PEPPER_ROOT;XIRECS;41785.0;4
793598;;;INTARIAN_PEPPER_ROOT;XIRECS;41800.0;7
799434;;;INTARIAN_PEPPER_ROOT;XIRECS;41789.0;7
799790;;;ASH_COATED_OSMIUM;XIRECS;10010.0;8
800278;;;INTARIAN_PEPPER_ROOT;XIRECS;41808.0;3
800327;;;ASH_COATED_OSMIUM;XIRECS;9988.0;7
800755;;;INTARIAN_PEPPER_ROOT;XIRECS;41792.0;6
803242;;;ASH_COATED_OSMIUM;XIRECS;10020.0;5
803690;;;ASH_COATED_OSMIUM;XIRECS;9991.0;4
804258;;;INTARIAN_PEPPER_ROOT;XIRECS;41813.0;3
804796;;;ASH_COATED_OSMIUM;XIRECS;10012.0;3
805558;;;ASH_COATED_OSMIUM;XIRECS;9989.0;3
806597;;;INTARIAN_PEPPER_ROOT;XIRECS;41812.0;8
807064;;;INTARIAN_PEPPER_ROOT;XIRECS;41797.0;4
807754;;;INTARIAN_PEPPER_ROOT;XIRECS;41815.0;7
807967;;;ASH_COATED_OSMIUM;XIRECS;9997.0;2
808851;;;INTARIAN_PEPPER_ROOT;XIRECS;41813.0;7
811120;;;INTARIAN_PEPPER_ROOT;XIRECS;41804.0;3
811869;;;ASH_COATED_OSMIUM;XIRECS;10011.0;3
815981;;;ASH_COATED_OSMIUM;XIRECS;10002.0;4
816233;;;ASH_COATED_OSMIUM;XIRECS;9993.0;4
816508;;;ASH_COATED_OSMIUM;XIRECS;10006.0;8
819254;;;INTARIAN_PEPPER_ROOT;XIRECS;41815.0;3
822144;;;INTARIAN_PEPPER_ROOT;XIRECS;41823.0;7
822731;;;ASH_COATED_OSMIUM;XIRECS;10001.0;2
825388;;;ASH_COATED_OSMIUM;XIRECS;10007.0;4
828408;;;INTARIAN_PEPPER_ROOT;XIRECS;41836.0;4
830740;;;ASH_COATED_OSMIUM;XIRECS;9996.0;7
830772;;;ASH_COATED_OSMIUM;XIRECS;9996.0;5
831154;;;ASH_COATED_OSMIUM;XIRECS;10004.0;7
831520;;;INTARIAN_PEPPER_ROOT;XIRECS;41826.0;7
831645;;;ASH_COATED_OSMIUM;XIRECS;9994.0;6
834173;;;ASH_COATED_OSMIUM;XIRECS;10012.0;4
835386;;;INTARIAN_PEPPER_ROOT;XIRECS;41843.0;7
836139;;;INTARIAN_PEPPER_ROOT;XIRECS;41841.0;6
836769;;;INTARIAN_PEPPER_ROOT;XIRECS;41845.0;6
838005;;;INTARIAN_PEPPER_ROOT;XIRECS;41828.0;6
838021;;;ASH_COATED_OSMIUM;XIRECS;10015.0;4
838415;;;INTARIAN_PEPPER_ROOT;XIRECS;41830.0;6
838779;;;ASH_COATED_OSMIUM;XIRECS;10006.0;9
840023;;;ASH_COATED_OSMIUM;XIRECS;10016.0;2
841784;;;ASH_COATED_OSMIUM;XIRECS;9992.0;6
841961;;;ASH_COATED_OSMIUM;XIRECS;9993.0;9
842832;;;INTARIAN_PEPPER_ROOT;XIRECS;41849.0;6
842838;;;INTARIAN_PEPPER_ROOT;XIRECS;41849.0;7
842896;;;INTARIAN_PEPPER_ROOT;XIRECS;41833.0;3
844989;;;ASH_COATED_OSMIUM;XIRECS;10005.0;7
845599;;;INTARIAN_PEPPER_ROOT;XIRECS;41838.0;4
846609;;;ASH_COATED_OSMIUM;XIRECS;9989.0;6
847432;;;ASH_COATED_OSMIUM;XIRECS;10011.0;4
859343;;;INTARIAN_PEPPER_ROOT;XIRECS;41853.0;3
860033;;;INTARIAN_PEPPER_ROOT;XIRECS;41853.0;5
861418;;;ASH_COATED_OSMIUM;XIRECS;9999.0;3
863910;;;INTARIAN_PEPPER_ROOT;XIRECS;41869.0;4
866857;;;INTARIAN_PEPPER_ROOT;XIRECS;41870.0;5
868015;;;INTARIAN_PEPPER_ROOT;XIRECS;41863.0;6
868591;;;INTARIAN_PEPPER_ROOT;XIRECS;41872.0;7
869013;;;INTARIAN_PEPPER_ROOT;XIRECS;41861.0;5
869286;;;ASH_COATED_OSMIUM;XIRECS;10005.0;4
872435;;;INTARIAN_PEPPER_ROOT;XIRECS;41880.0;5
873971;;;INTARIAN_PEPPER_ROOT;XIRECS;41878.0;5
874295;;;INTARIAN_PEPPER_ROOT;XIRECS;41866.0;6
875068;;;ASH_COATED_OSMIUM;XIRECS;9986.0;4
876022;;;ASH_COATED_OSMIUM;XIRECS;9987.0;4
876401;;;INTARIAN_PEPPER_ROOT;XIRECS;41881.0;6
878408;;;ASH_COATED_OSMIUM;XIRECS;10013.0;5
878966;;;INTARIAN_PEPPER_ROOT;XIRECS;41883.0;3
880081;;;ASH_COATED_OSMIUM;XIRECS;9986.0;6
880085;;;INTARIAN_PEPPER_ROOT;XIRECS;41887.0;5
881524;;;ASH_COATED_OSMIUM;XIRECS;9990.0;6
882924;;;INTARIAN_PEPPER_ROOT;XIRECS;41883.0;6
884116;;;INTARIAN_PEPPER_ROOT;XIRECS;41892.0;7
884145;;;INTARIAN_PEPPER_ROOT;XIRECS;41892.0;5
885907;;;ASH_COATED_OSMIUM;XIRECS;10001.0;5
888271;;;INTARIAN_PEPPER_ROOT;XIRECS;41880.0;5
888545;;;ASH_COATED_OSMIUM;XIRECS;9996.0;6
890814;;;INTARIAN_PEPPER_ROOT;XIRECS;41885.0;5
891839;;;ASH_COATED_OSMIUM;XIRECS;10007.0;6
896411;;;ASH_COATED_OSMIUM;XIRECS;9992.0;3
896766;;;ASH_COATED_OSMIUM;XIRECS;10009.0;7
897189;;;ASH_COATED_OSMIUM;XIRECS;9999.0;4
897700;;;ASH_COATED_OSMIUM;XIRECS;10011.0;7
899492;;;ASH_COATED_OSMIUM;XIRECS;10005.0;6
901846;;;ASH_COATED_OSMIUM;XIRECS;9995.0;6
903417;;;ASH_COATED_OSMIUM;XIRECS;10013.0;3
904297;;;INTARIAN_PEPPER_ROOT;XIRECS;41897.0;6
905685;;;INTARIAN_PEPPER_ROOT;XIRECS;41911.0;8
905731;;;INTARIAN_PEPPER_ROOT;XIRECS;41916.0;4
906515;;;INTARIAN_PEPPER_ROOT;XIRECS;41903.0;6
907232;;;INTARIAN_PEPPER_ROOT;XIRECS;41900.0;3
907466;;;INTARIAN_PEPPER_ROOT;XIRECS;41915.0;5
909300;;;ASH_COATED_OSMIUM;XIRECS;9997.0;10
909560;;;ASH_COATED_OSMIUM;XIRECS;10013.0;5
911028;;;INTARIAN_PEPPER_ROOT;XIRECS;41904.0;7
915093;;;ASH_COATED_OSMIUM;XIRECS;9993.0;8
916339;;;INTARIAN_PEPPER_ROOT;XIRECS;41926.0;7
921310;;;ASH_COATED_OSMIUM;XIRECS;9984.0;6
922229;;;ASH_COATED_OSMIUM;XIRECS;9997.0;5
923342;;;ASH_COATED_OSMIUM;XIRECS;10018.0;6
923483;;;INTARIAN_PEPPER_ROOT;XIRECS;41927.0;6
924291;;;INTARIAN_PEPPER_ROOT;XIRECS;41931.0;6
924385;;;ASH_COATED_OSMIUM;XIRECS;10005.0;3
925319;;;ASH_COATED_OSMIUM;XIRECS;10018.0;7
925556;;;INTARIAN_PEPPER_ROOT;XIRECS;41921.0;3
925898;;;INTARIAN_PEPPER_ROOT;XIRECS;41929.0;5
926677;;;INTARIAN_PEPPER_ROOT;XIRECS;41923.0;7
926778;;;INTARIAN_PEPPER_ROOT;XIRECS;41919.0;3
927266;;;ASH_COATED_OSMIUM;XIRECS;10012.0;5
929488;;;ASH_COATED_OSMIUM;XIRECS;10000.0;4
931572;;;ASH_COATED_OSMIUM;XIRECS;9994.0;2
932441;;;INTARIAN_PEPPER_ROOT;XIRECS;41923.0;7
934849;;;ASH_COATED_OSMIUM;XIRECS;9995.0;3
935061;;;INTARIAN_PEPPER_ROOT;XIRECS;41943.0;7
936735;;;INTARIAN_PEPPER_ROOT;XIRECS;41935.0;5
937063;;;ASH_COATED_OSMIUM;XIRECS;10005.0;5
940792;;;ASH_COATED_OSMIUM;XIRECS;10004.0;2
941348;;;ASH_COATED_OSMIUM;XIRECS;9987.0;3
943718;;;INTARIAN_PEPPER_ROOT;XIRECS;41936.0;4
945020;;;INTARIAN_PEPPER_ROOT;XIRECS;41950.0;6
946361;;;ASH_COATED_OSMIUM;XIRECS;10001.0;4
947956;;;ASH_COATED_OSMIUM;XIRECS;10016.0;4
948267;;;INTARIAN_PEPPER_ROOT;XIRECS;41940.0;7
949264;;;ASH_COATED_OSMIUM;XIRECS;10008.0;4
952386;;;ASH_COATED_OSMIUM;XIRECS;10012.0;6
953641;;;ASH_COATED_OSMIUM;XIRECS;10019.0;5
954918;;;INTARIAN_PEPPER_ROOT;XIRECS;41962.0;4
955459;;;INTARIAN_PEPPER_ROOT;XIRECS;41961.0;6
955676;;;INTARIAN_PEPPER_ROOT;XIRECS;41963.0;6
955999;;;INTARIAN_PEPPER_ROOT;XIRECS;41964.0;7
956312;;;ASH_COATED_OSMIUM;XIRECS;10006.0;3
956942;;;ASH_COATED_OSMIUM;XIRECS;10018.0;9
957447;;;ASH_COATED_OSMIUM;XIRECS;10016.0;2
957514;;;ASH_COATED_OSMIUM;XIRECS;10012.0;8
957795;;;INTARIAN_PEPPER_ROOT;XIRECS;41948.0;4
960839;;;ASH_COATED_OSMIUM;XIRECS;9992.0;3
963928;;;ASH_COATED_OSMIUM;XIRECS;9997.0;3
964787;;;INTARIAN_PEPPER_ROOT;XIRECS;41962.0;5
965047;;;ASH_COATED_OSMIUM;XIRECS;9994.0;4
967073;;;ASH_COATED_OSMIUM;XIRECS;10007.0;3
968541;;;ASH_COATED_OSMIUM;XIRECS;10005.0;6
968609;;;INTARIAN_PEPPER_ROOT;XIRECS;41959.0;5
969916;;;INTARIAN_PEPPER_ROOT;XIRECS;41967.0;3
969957;;;INTARIAN_PEPPER_ROOT;XIRECS;41967.0;5
971220;;;ASH_COATED_OSMIUM;XIRECS;9987.0;8
971351;;;INTARIAN_PEPPER_ROOT;XIRECS;41981.0;6
973379;;;INTARIAN_PEPPER_ROOT;XIRECS;41971.0;6
973538;;;ASH_COATED_OSMIUM;XIRECS;10004.0;5
974078;;;INTARIAN_PEPPER_ROOT;XIRECS;41968.0;5
975166;;;ASH_COATED_OSMIUM;XIRECS;10018.0;8
975181;;;ASH_COATED_OSMIUM;XIRECS;10018.0;3
976337;;;ASH_COATED_OSMIUM;XIRECS;9989.0;2
978183;;;ASH_COATED_OSMIUM;XIRECS;9994.0;2
980496;;;INTARIAN_PEPPER_ROOT;XIRECS;41986.0;3
981416;;;INTARIAN_PEPPER_ROOT;XIRECS;41973.0;3
984008;;;ASH_COATED_OSMIUM;XIRECS;9984.0;5
986417;;;INTARIAN_PEPPER_ROOT;XIRECS;41995.0;6
987238;;;INTARIAN_PEPPER_ROOT;XIRECS;41981.0;4
989825;;;INTARIAN_PEPPER_ROOT;XIRECS;41990.0;3
990711;;;INTARIAN_PEPPER_ROOT;XIRECS;41996.0;7
991092;;;ASH_COATED_OSMIUM;XIRECS;10003.0;10
991126;;;ASH_COATED_OSMIUM;XIRECS;9994.0;5
991707;;;INTARIAN_PEPPER_ROOT;XIRECS;41988.0;5
992530;;;INTARIAN_PEPPER_ROOT;XIRECS;41997.0;3
993954;;;INTARIAN_PEPPER_ROOT;XIRECS;41987.0;3
994171;;;ASH_COATED_OSMIUM;XIRECS;10018.0;5
994399;;;INTARIAN_PEPPER_ROOT;XIRECS;42004.0;8
997834;;;ASH_COATED_OSMIUM;XIRECS;9994.0;6
998068;;;ASH_COATED_OSMIUM;XIRECS;9987.0;2
998265;;;ASH_COATED_OSMIUM;XIRECS;10003.0;8
999076;;;ASH_COATED_OSMIUM;XIRECS;9990.0;3
999635;;;ASH_COATED_OSMIUM;XIRECS;10006.0;3