timestamp;buyer;seller;symbol;currency;price;quantity
6701;;;ASH_COATED_OSMIUM;XIRECS;9987.0;3
7127;;;INTARIAN_PEPPER_ROOT;XIRECS;61000.0;7
8301;;;ASH_COATED_OSMIUM;XIRECS;10005.0;5
8576;;;ASH_COATED_OSMIUM;XIRECS;10004.0;6
12003;;;ASH_COATED_OSMIUM;XIRECS;10010.0;2
14495;;;ASH_COATED_OSMIUM;XIRECS;9988.0;5
15246;;;ASH_COATED_OSMIUM;XIRECS;9998.0;2
15384;;;INTARIAN_PEPPER_ROOT;XIRECS;61025.0;4
17024;;;INTARIAN_PEPPER_ROOT;XIRECS;61020.0;6
21544;;;ASH_COATED_OSMIUM;XIRECS;9986.0;3
22089;;;ASH_COATED_OSMIUM;XIRECS;9992.0;6
22564;;;ASH_COATED_OSMIUM;XIRECS;9991.0;4
23021;;;ASH_COATED_OSMIUM;XIRECS;10008.0;2
23527;;;ASH_COATED_OSMIUM;XIRECS;10000.0;5
23540;;;INTARIAN_PEPPER_ROOT;XIRECS;61029.0;7
24359;;;ASH_COATED_OSMIUM;XIRECS;9992.0;3
26553;;;ASH_COATED_OSMIUM;XIRECS;10008.0;10
26679;;;INTARIAN_PEPPER_ROOT;XIRECS;61029.0;7
27186;;;INTARIAN_PEPPER_ROOT;XIRECS;61036.0;4
27414;;;ASH_COATED_OSMIUM;XIRECS;10022.0;7
27474;;;ASH_COATED_OSMIUM;XIRECS;10006.0;3
29340;;;INTARIAN_PEPPER_ROOT;XIRECS;61021.0;5
29486;;;ASH_COATED_OSMIUM;XIRECS;10009.0;9
30961;;;ASH_COATED_OSMIUM;XIRECS;10005.0;5
30966;;;ASH_COATED_OSMIUM;XIRECS;10005.0;2
31095;;;INTARIAN_PEPPER_ROOT;XIRECS;61040.0;3
32753;;;ASH_COATED_OSMIUM;XIRECS;10006.0;2
36582;;;ASH_COATED_OSMIUM;XIRECS;9989.0;2
37900;;;ASH_COATED_OSMIUM;XIRECS;10011.0;4
38199;;;ASH_COATED_OSMIUM;XIRECS;10007.0;2
38947;;;ASH_COATED_OSMIUM;XIRECS;9990.0;5
39214;;;ASH_COATED_OSMIUM;XIRECS;10008.0;4
42120;;;ASH_COATED_OSMIUM;XIRECS;9988.0;10
42413;;;INTARIAN_PEPPER_ROOT;XIRECS;61034.0;4
42612;;;ASH_COATED_OSMIUM;XIRECS;10016.0;3
45673;;;INTARIAN_PEPPER_ROOT;XIRECS;61039.0;6
46629;;;INTARIAN_PEPPER_ROOT;XIRECS;61042.0;3
47439;;;INTARIAN_PEPPER_ROOT;XIRECS;61056.0;8
49045;;;ASH_COATED_OSMIUM;XIRECS;10013.0;6
49345;;;INTARIAN_PEPPER_ROOT;XIRECS;61038.0;7
50000;;;ASH_COATED_OSMIUM;XIRECS;10000.0;6
50304;;;INTARIAN_PEPPER_ROOT;XIRECS;61053.0;6
53923;;;ASH_COATED_OSMIUM;XIRECS;9990.0;6
54216;;;ASH_COATED_OSMIUM;XIRECS;9990.0;10
55131;;;INTARIAN_PEPPER_ROOT;XIRECS;61065.0;4
59193;;;INTARIAN_PEPPER_ROOT;XIRECS;61068.0;4
59253;;;ASH_COATED_OSMIUM;XIRECS;9987.0;2
59297;;;ASH_COATED_OSMIUM;XIRECS;9987.0;5
61911;;;ASH_COATED_OSMIUM;XIRECS;9998.0;5
62180;;;ASH_COATED_OSMIUM;XIRECS;9996.0;6
62256;;;ASH_COATED_OSMIUM;XIRECS;10022.0;5
63382;;;ASH_COATED_OSMIUM;XIRECS;9985.0;4
66197;;;ASH_COATED_OSMIUM;XIRECS;10008.0;4
68338;;;INTARIAN_PEPPER_ROOT;XIRECS;61067.0;7
73527;;;INTARIAN_PEPPER_ROOT;XIRECS;61065.0;5
75577;;;ASH_COATED_OSMIUM;XIRECS;9994.0;2
76681;;;ASH_COATED_OSMIUM;XIRECS;9999.0;10
79733;;;INTARIAN_PEPPER_ROOT;XIRECS;61084.0;3
82468;;;ASH_COATED_OSMIUM;XIRECS;10011.0;4
84904;;;ASH_COATED_OSMIUM;XIRECS;10010.0;5
85297;;;INTARIAN_PEPPER_ROOT;XIRECS;61077.0;3
86131;;;ASH_COATED_OSMIUM;XIRECS;10009.0;6
87425;;;ASH_COATED_OSMIUM;XIRECS;9987.0;2
90354;;;ASH_COATED_OSMIUM;XIRECS;10006.0;2
91111;;;ASH_COATED_OSMIUM;XIRECS;10005.0;6
94202;;;INTARIAN_PEPPER_ROOT;XIRECS;61091.0;3
94537;;;ASH_COATED_OSMIUM;XIRECS;10009.0;6
96196;;;ASH_COATED_OSMIUM;XIRECS;9990.0;5
96600;;;ASH_COATED_OSMIUM;XIRECS;9991.0;4
96740;;;ASH_COATED_OSMIUM;XIRECS;10005.0;2
97771;;;INTARIAN_PEPPER_ROOT;XIRECS;61092.0;5
97976;;;ASH_COATED_OSMIUM;XIRECS;9995.0;10
98350;;;INTARIAN_PEPPER_ROOT;XIRECS;61090.0;4
99766;;;INTARIAN_PEPPER_ROOT;XIRECS;61093.0;5
99864;;;ASH_COATED_OSMIUM;XIRECS;9977.0;5
100276;;;ASH_COATED_OSMIUM;XIRECS;10006.0;7
100376;;;ASH_COATED_OSMIUM;XIRECS;10006.0;9
101518;;;ASH_COATED_OSMIUM;XIRECS;10008.0;10
103568;;;INTARIAN_PEPPER_ROOT;XIRECS;61098.0;3
106269;;;INTARIAN_PEPPER_ROOT;XIRECS;61111.0;6
106867;;;ASH_COATED_OSMIUM;XIRECS;9990.0;6
107965;;;ASH_COATED_OSMIUM;XIRECS;10010.0;2
108732;;;ASH_COATED_OSMIUM;XIRECS;10020.0;5
109523;;;INTARIAN_PEPPER_ROOT;XIRECS;61108.0;6
110503;;;INTARIAN_PEPPER_ROOT;XIRECS;61121.0;7
110578;;;ASH_COATED_OSMIUM;XIRECS;10004.0;3
111032;;;INTARIAN_PEPPER_ROOT;XIRECS;61120.0;5
114095;;;ASH_COATED_OSMIUM;XIRECS;9993.0;5
114268;;;ASH_COATED_OSMIUM;XIRECS;10007.0;3
114845;;;ASH_COATED_OSMIUM;XIRECS;10003.0;5
116844;;;ASH_COATED_OSMIUM;XIRECS;10011.0;4
116905;;;INTARIAN_PEPPER_ROOT;XIRECS;61111.0;6
118389;;;ASH_COATED_OSMIUM;XIRECS;10004.0;5
119894;;;ASH_COATED_OSMIUM;XIRECS;9985.0;6
120763;;;INTARIAN_PEPPER_ROOT;XIRECS;61128.0;3
122366;;;ASH_COATED_OSMIUM;XIRECS;10005.0;7
124403;;;ASH_COATED_OSMIUM;XIRECS;10013.0;2
125087;;;ASH_COATED_OSMIUM;XIRECS;10007.0;8
130210;;;ASH_COATED_OSMIUM;XIRECS;9993.0;8
132772;;;INTARIAN_PEPPER_ROOT;XIRECS;61127.0;3
133286;;;INTARIAN_PEPPER_ROOT;XIRECS;61136.0;6
134307;;;INTARIAN_PEPPER_ROOT;XIRECS;61142.0;4
134750;;;ASH_COATED_OSMIUM;XIRECS;10010.0;2
135608;;;INTARIAN_PEPPER_ROOT;XIRECS;61140.0;3
136076;;;ASH_COATED_OSMIUM;XIRECS;10011.0;2
136481;;;INTARIAN_PEPPER_ROOT;XIRECS;61142.0;5
136707;;;ASH_COATED_OSMIUM;XIRECS;9998.0;7
138763;;;ASH_COATED_OSMIUM;XIRECS;9993.0;4
144958;;;ASH_COATED_OSMIUM;XIRECS;9990.0;9
145103;;;ASH_COATED_OSMIUM;XIRECS;9987.0;9
145289;;;INTARIAN_PEPPER_ROOT;XIRECS;61138.0;7
147857;;;INTARIAN_PEPPER_ROOT;XIRECS;61159.0;5
149605;;;INTARIAN_PEPPER_ROOT;XIRECS;61156.0;6
150682;;;ASH_COATED_OSMIUM;XIRECS;9997.0;3
151535;;;ASH_COATED_OSMIUM;XIRECS;10002.0;4
153153;;;INTARIAN_PEPPER_ROOT;XIRECS;61162.0;5
155128;;;ASH_COATED_OSMIUM;XIRECS;10005.0;2
159120;;;INTARIAN_PEPPER_ROOT;XIRECS;61149.0;5
161298;;;ASH_COATED_OSMIUM;XIRECS;10009.0;6
161370;;;ASH_COATED_OSMIUM;XIRECS;10014.0;6
164144;;;INTARIAN_PEPPER_ROOT;XIRECS;61158.0;5
164609;;;ASH_COATED_OSMIUM;XIRECS;9998.0;2
166886;;;ASH_COATED_OSMIUM;XIRECS;9989.0;6
166900;;;ASH_COATED_OSMIUM;XIRECS;9986.0;7
166955;;;ASH_COATED_OSMIUM;XIRECS;9986.0;9
167443;;;INTARIAN_PEPPER_ROOT;XIRECS;61177.0;7
169894;;;INTARIAN_PEPPER_ROOT;XIRECS;61165.0;3
170633;;;INTARIAN_PEPPER_ROOT;XIRECS;61165.0;3
175593;;;ASH_COATED_OSMIUM;XIRECS;10014.0;9
176364;;;ASH_COATED_OSMIUM;XIRECS;9993.0;2
178766;;;INTARIAN_PEPPER_ROOT;XIRECS;61170.0;6
179846;;;ASH_COATED_OSMIUM;XIRECS;9992.0;6
181205;;;ASH_COATED_OSMIUM;XIRECS;10013.0;4
181218;;;INTARIAN_PEPPER_ROOT;XIRECS;61175.0;3
181446;;;INTARIAN_PEPPER_ROOT;XIRECS;61175.0;7
182245;;;INTARIAN_PEPPER_ROOT;XIRECS;61191.0;4
183257;;;ASH_COATED_OSMIUM;XIRECS;9982.0;4
186651;;;ASH_COATED_OSMIUM;XIRECS;9998.0;4
187477;;;ASH_COATED_OSMIUM;XIRECS;10018.0;3
190444;;;ASH_COATED_OSMIUM;XIRECS;9982.0;2
192356;;;ASH_COATED_OSMIUM;XIRECS;10017.0;2
193106;;;ASH_COATED_OSMIUM;XIRECS;10013.0;4
194996;;;ASH_COATED_OSMIUM;XIRECS;9989.0;9
195197;;;INTARIAN_PEPPER_ROOT;XIRECS;61191.0;4
197926;;;INTARIAN_PEPPER_ROOT;XIRECS;61202.0;4
198238;;;ASH_COATED_OSMIUM;XIRECS;9992.0;4
198841;;;ASH_COATED_OSMIUM;XIRECS;9999.0;3
199372;;;INTARIAN_PEPPER_ROOT;XIRECS;61207.0;8
199411;;;INTARIAN_PEPPER_ROOT;XIRECS;61206.0;5
199958;;;INTARIAN_PEPPER_ROOT;XIRECS;61196.0;3
201452;;;ASH_COATED_OSMIUM;XIRECS;10004.0;9
202674;;;ASH_COATED_OSMIUM;XIRECS;9999.0;6
205146;;;ASH_COATED_OSMIUM;XIRECS;10000.0;6
206169;;;INTARIAN_PEPPER_ROOT;XIRECS;61214.0;6
209105;;;INTARIAN_PEPPER_ROOT;XIRECS;61201.0;4
210455;;;INTARIAN_PEPPER_ROOT;XIRECS;61207.0;5
212571;;;INTARIAN_PEPPER_ROOT;XIRECS;61204.0;6
212949;;;ASH_COATED_OSMIUM;XIRECS;9995.0;4
214895;;;ASH_COATED_OSMIUM;XIRECS;9996.0;5
220879;;;ASH_COATED_OSMIUM;XIRECS;9995.0;6
221654;;;ASH_COATED_OSMIUM;XIRECS;9990.0;6
222706;;;INTARIAN_PEPPER_ROOT;XIRECS;61216.0;3
222912;;;ASH_COATED_OSMIUM;XIRECS;9996.0;8
225242;;;INTARIAN_PEPPER_ROOT;XIRECS;61218.0;3
225972;;;ASH_COATED_OSMIUM;XIRECS;10003.0;7
227152;;;ASH_COATED_OSMIUM;XIRECS;10005.0;6
236481;;;INTARIAN_PEPPER_ROOT;XIRECS;61243.0;6
236984;;;ASH_COATED_OSMIUM;XIRECS;10003.0;3
237173;;;ASH_COATED_OSMIUM;XIRECS;9988.0;3
240447;;;INTARIAN_PEPPER_ROOT;XIRECS;61231.0;7
241637;;;ASH_COATED_OSMIUM;XIRECS;10016.0;10
243423;;;ASH_COATED_OSMIUM;XIRECS;9989.0;3
243431;;;ASH_COATED_OSMIUM;XIRECS;9989.0;2
244794;;;INTARIAN_PEPPER_ROOT;XIRECS;61233.0;4
245835;;;ASH_COATED_OSMIUM;XIRECS;9984.0;3
246189;;;INTARIAN_PEPPER_ROOT;XIRECS;61252.0;4
246794;;;ASH_COATED_OSMIUM;XIRECS;10019.0;6
247528;;;INTARIAN_PEPPER_ROOT;XIRECS;61249.0;3
248619;;;INTARIAN_PEPPER_ROOT;XIRECS;61255.0;6
249635;;;INTARIAN_PEPPER_ROOT;XIRECS;61244.0;5
249779;;;INTARIAN_PEPPER_ROOT;XIRECS;61241.0;7
252855;;;INTARIAN_PEPPER_ROOT;XIRECS;61259.0;6
253179;;;ASH_COATED_OSMIUM;XIRECS;9992.0;5
253499;;;INTARIAN_PEPPER_ROOT;XIRECS;61249.0;6
254318;;;INTARIAN_PEPPER_ROOT;XIRECS;61249.0;4
254920;;;ASH_COATED_OSMIUM;XIRECS;10013.0;6
259950;;;INTARIAN_PEPPER_ROOT;XIRECS;61267.0;5
260376;;;ASH_COATED_OSMIUM;XIRECS;9990.0;7
263758;;;INTARIAN_PEPPER_ROOT;XIRECS;61269.0;7
265340;;;INTARIAN_PEPPER_ROOT;XIRECS;61259.0;5
267079;;;INTARIAN_PEPPER_ROOT;XIRECS;61275.0;5
270014;;;ASH_COATED_OSMIUM;XIRECS;10001.0;6
270212;;;ASH_COATED_OSMIUM;XIRECS;10001.0;5
270274;;;INTARIAN_PEPPER_ROOT;XIRECS;61272.0;3
274313;;;ASH_COATED_OSMIUM;XIRECS;9995.0;4
275690;;;ASH_COATED_OSMIUM;XIRECS;9992.0;9
276349;;;INTARIAN_PEPPER_ROOT;XIRECS;61283.0;6
277794;;;ASH_COATED_OSMIUM;XIRECS;10003.0;4
281160;;;ASH_COATED_OSMIUM;XIRECS;10004.0;6
282088;;;ASH_COATED_OSMIUM;XIRECS;9987.0;8
282606;;;INTARIAN_PEPPER_ROOT;XIRECS;61275.0;6
283448;;;ASH_COATED_OSMIUM;XIRECS;10011.0;4
283561;;;ASH_COATED_OSMIUM;XIRECS;10006.0;6
287976;;;INTARIAN_PEPPER_ROOT;XIRECS;61298.0;5
288099;;;ASH_COATED_OSMIUM;XIRECS;9988.0;4
289381;;;INTARIAN_PEPPER_ROOT;XIRECS;61285.0;6
291287;;;ASH_COATED_OSMIUM;XIRECS;10004.0;5
291381;;;ASH_COATED_OSMIUM;XIRECS;10007.0;3
294409;;;ASH_COATED_OSMIUM;XIRECS;10012.0;4
294648;;;ASH_COATED_OSMIUM;XIRECS;9996.0;6
296151;;;ASH_COATED_OSMIUM;XIRECS;10013.0;10
296355;;;INTARIAN_PEPPER_ROOT;XIRECS;61301.0;6
298521;;;INTARIAN_PEPPER_ROOT;XIRECS;61289.0;6
298877;;;INTARIAN_PEPPER_ROOT;XIRECS;61290.0;5
299857;;;ASH_COATED_OSMIUM;XIRECS;9988.0;3
300615;;;ASH_COATED_OSMIUM;XIRECS;9985.0;5
302359;;;INTARIAN_PEPPER_ROOT;XIRECS;61295.0;6
303696;;;ASH_COATED_OSMIUM;XIRECS;9999.0;2
304174;;;ASH_COATED_OSMIUM;XIRECS;9984.0;2
304541;;;INTARIAN_PEPPER_ROOT;XIRECS;61300.0;7
304594;;;ASH_COATED_OSMIUM;XIRECS;9983.0;4
305784;;;ASH_COATED_OSMIUM;XIRECS;10016.0;8
305866;;;ASH_COATED_OSMIUM;XIRECS;9993.0;3
306187;;;ASH_COATED_OSMIUM;XIRECS;10005.0;2
306207;;;INTARIAN_PEPPER_ROOT;XIRECS;61299.0;5
306209;;;INTARIAN_PEPPER_ROOT;XIRECS;61310.0;7
306681;;;ASH_COATED_OSMIUM;XIRECS;9991.0;5
306772;;;ASH_COATED_OSMIUM;XIRECS;9990.0;5
308608;;;ASH_COATED_OSMIUM;XIRECS;10007.0;6
309244;;;ASH_COATED_OSMIUM;XIRECS;9993.0;7
309695;;;ASH_COATED_OSMIUM;XIRECS;10002.0;7
311158;;;ASH_COATED_OSMIUM;XIRECS;9992.0;6
311787;;;ASH_COATED_OSMIUM;XIRECS;9985.0;7
311975;;;INTARIAN_PEPPER_ROOT;XIRECS;61310.0;3
312055;;;ASH_COATED_OSMIUM;XIRECS;9986.0;3
315551;;;INTARIAN_PEPPER_ROOT;XIRECS;61308.0;3
316037;;;ASH_COATED_OSMIUM;XIRECS;9981.0;9
323665;;;ASH_COATED_OSMIUM;XIRECS;10006.0;2
327388;;;INTARIAN_PEPPER_ROOT;XIRECS;61319.0;4
328716;;;INTARIAN_PEPPER_ROOT;XIRECS;61320.0;3
333279;;;INTARIAN_PEPPER_ROOT;XIRECS;61331.0;7
333777;;;INTARIAN_PEPPER_ROOT;XIRECS;61342.0;3
334119;;;ASH_COATED_OSMIUM;XIRECS;9985.0;5
335573;;;INTARIAN_PEPPER_ROOT;XIRECS;61325.0;6
337079;;;ASH_COATED_OSMIUM;XIRECS;9988.0;3
340367;;;INTARIAN_PEPPER_ROOT;XIRECS;61349.0;3
343111;;;INTARIAN_PEPPER_ROOT;XIRECS;61348.0;7
345573;;;ASH_COATED_OSMIUM;XIRECS;9975.0;6
345751;;;ASH_COATED_OSMIUM;XIRECS;9998.0;4
346136;;;INTARIAN_PEPPER_ROOT;XIRECS;61341.0;4
347875;;;ASH_COATED_OSMIUM;XIRECS;10010.0;6
351976;;;INTARIAN_PEPPER_ROOT;XIRECS;61345.0;5
352230;;;INTARIAN_PEPPER_ROOT;XIRECS;61356.0;7
354630;;;ASH_COATED_OSMIUM;XIRECS;10006.0;2
356459;;;INTARIAN_PEPPER_ROOT;XIRECS;61352.0;3
357018;;;INTARIAN_PEPPER_ROOT;XIRECS;61359.0;4
359898;;;INTARIAN_PEPPER_ROOT;XIRECS;61369.0;6
360227;;;INTARIAN_PEPPER_ROOT;XIRECS;61371.0;3
360840;;;ASH_COATED_OSMIUM;XIRECS;9992.0;2
362205;;;INTARIAN_PEPPER_ROOT;XIRECS;61365.0;4
362756;;;ASH_COATED_OSMIUM;XIRECS;10019.0;10
363580;;;INTARIAN_PEPPER_ROOT;XIRECS;61369.0;7
364280;;;INTARIAN_PEPPER_ROOT;XIRECS;61369.0;7
365733;;;INTARIAN_PEPPER_ROOT;XIRECS;61362.0;4
366248;;;ASH_COATED_OSMIUM;XIRECS;10008.0;3
368228;;;INTARIAN_PEPPER_ROOT;XIRECS;61362.0;3
370074;;;ASH_COATED_OSMIUM;XIRECS;10009.0;5
374124;;;ASH_COATED_OSMIUM;XIRECS;9991.0;7
375658;;;ASH_COATED_OSMIUM;XIRECS;10004.0;6
375751;;;INTARIAN_PEPPER_ROOT;XIRECS;61366.0;4
376098;;;INTARIAN_PEPPER_ROOT;XIRECS;61379.0;3
377177;;;ASH_COATED_OSMIUM;XIRECS;9990.0;5
377317;;;ASH_COATED_OSMIUM;XIRECS;10011.0;4
378467;;;INTARIAN_PEPPER_ROOT;XIRECS;61385.0;5
384806;;;ASH_COATED_OSMIUM;XIRECS;10011.0;10
385209;;;ASH_COATED_OSMIUM;XIRECS;10002.0;4
385606;;;INTARIAN_PEPPER_ROOT;XIRECS;61379.0;4
391644;;;ASH_COATED_OSMIUM;XIRECS;10010.0;2
392148;;;ASH_COATED_OSMIUM;XIRECS;9978.0;2
395705;;;ASH_COATED_OSMIUM;XIRECS;9995.0;3
395947;;;ASH_COATED_OSMIUM;XIRECS;10010.0;3
396497;;;ASH_COATED_OSMIUM;XIRECS;10002.0;3
397853;;;INTARIAN_PEPPER_ROOT;XIRECS;61401.0;8
398909;;;INTARIAN_PEPPER_ROOT;XIRECS;61409.0;4
399196;;;INTARIAN_PEPPER_ROOT;XIRECS;61410.0;6
404247;;;ASH_COATED_OSMIUM;XIRECS;10001.0;2
405164;;;ASH_COATED_OSMIUM;XIRECS;10010.0;3
405303;;;ASH_COATED_OSMIUM;XIRECS;10015.0;5
405826;;;ASH_COATED_OSMIUM;XIRECS;10011.0;6
407790;;;INTARIAN_PEPPER_ROOT;XIRECS;61400.0;4
409747;;;INTARIAN_PEPPER_ROOT;XIRECS;61401.0;5
413613;;;INTARIAN_PEPPER_ROOT;XIRECS;61406.0;7
413812;;;ASH_COATED_OSMIUM;XIRECS;10005.0;5
413992;;;ASH_COATED_OSMIUM;XIRECS;10011.0;3
414483;;;ASH_COATED_OSMIUM;XIRECS;10002.0;4
416119;;;ASH_COATED_OSMIUM;XIRECS;10005.0;7
416637;;;ASH_COATED_OSMIUM;XIRECS;9991.0;8
416734;;;ASH_COATED_OSMIUM;XIRECS;9996.0;10
422088;;;ASH_COATED_OSMIUM;XIRECS;10009.0;3
422842;;;ASH_COATED_OSMIUM;XIRECS;10008.0;4
424197;;;INTARIAN_PEPPER_ROOT;XIRECS;61431.0;6
426852;;;ASH_COATED_OSMIUM;XIRECS;10010.0;9
427994;;;INTARIAN_PEPPER_ROOT;XIRECS;61438.0;6
428176;;;INTARIAN_PEPPER_ROOT;XIRECS;61425.0;5
428348;;;ASH_COATED_OSMIUM;XIRECS;10010.0;5
432254;;;ASH_COATED_OSMIUM;XIRECS;10015.0;8
433968;;;ASH_COATED_OSMIUM;XIRECS;10014.0;6
434276;;;ASH_COATED_OSMIUM;XIRECS;9993.0;6
435753;;;ASH_COATED_OSMIUM;XIRECS;10012.0;10
436200;;;INTARIAN_PEPPER_ROOT;XIRECS;61430.0;5
436907;;;INTARIAN_PEPPER_ROOT;XIRECS;61441.0;7
438050;;;INTARIAN_PEPPER_ROOT;XIRECS;61427.0;6
439707;;;INTARIAN_PEPPER_ROOT;XIRECS;61447.0;5
439959;;;INTARIAN_PEPPER_ROOT;XIRECS;61441.0;3
441425;;;ASH_COATED_OSMIUM;XIRECS;10014.0;6
441829;;;ASH_COATED_OSMIUM;XIRECS;9995.0;6
442826;;;ASH_COATED_OSMIUM;XIRECS;9989.0;5
442881;;;ASH_COATED_OSMIUM;XIRECS;9989.0;4
444390;;;ASH_COATED_OSMIUM;XIRECS;10013.0;9
445240;;;INTARIAN_PEPPER_ROOT;XIRECS;61437.0;6
445594;;;INTARIAN_PEPPER_ROOT;XIRECS;61453.0;4
445787;;;INTARIAN_PEPPER_ROOT;XIRECS;61457.0;6
448461;;;INTARIAN_PEPPER_ROOT;XIRECS;61443.0;5
453017;;;INTARIAN_PEPPER_ROOT;XIRECS;61460.0;3
457718;;;INTARIAN_PEPPER_ROOT;XIRECS;61455.0;6
463236;;;ASH_COATED_OSMIUM;XIRECS;9987.0;5
465151;;;INTARIAN_PEPPER_ROOT;XIRECS;61458.0;7
466124;;;INTARIAN_PEPPER_ROOT;XIRECS;61473.0;6
467164;;;INTARIAN_PEPPER_ROOT;XIRECS;61470.0;4
468648;;;ASH_COATED_OSMIUM;XIRECS;10009.0;4
471079;;;INTARIAN_PEPPER_ROOT;XIRECS;61463.0;5
471544;;;ASH_COATED_OSMIUM;XIRECS;9990.0;9
472336;;;ASH_COATED_OSMIUM;XIRECS;10008.0;5
474085;;;INTARIAN_PEPPER_ROOT;XIRECS;61476.0;4
474241;;;ASH_COATED_OSMIUM;XIRECS;9995.0;10
475110;;;ASH_COATED_OSMIUM;XIRECS;10003.0;2
475213;;;ASH_COATED_OSMIUM;XIRECS;9985.0;8
476923;;;ASH_COATED_OSMIUM;XIRECS;10008.0;4
477336;;;ASH_COATED_OSMIUM;XIRECS;10007.0;6
477536;;;ASH_COATED_OSMIUM;XIRECS;10010.0;6
478914;;;INTARIAN_PEPPER_ROOT;XIRECS;61475.0;7
481016;;;ASH_COATED_OSMIUM;XIRECS;9991.0;4
481536;;;ASH_COATED_OSMIUM;XIRECS;10004.0;7
483715;;;ASH_COATED_OSMIUM;XIRECS;9980.0;3
483728;;;INTARIAN_PEPPER_ROOT;XIRECS;61475.0;3
484222;;;ASH_COATED_OSMIUM;XIRECS;9982.0;5
484486;;;INTARIAN_PEPPER_ROOT;XIRECS;61490.0;7
485744;;;INTARIAN_PEPPER_ROOT;XIRECS;61479.0;3
486421;;;INTARIAN_PEPPER_ROOT;XIRECS;61497.0;7
488343;;;ASH_COATED_OSMIUM;XIRECS;9990.0;9
489615;;;ASH_COATED_OSMIUM;XIRECS;10001.0;5
495295;;;ASH_COATED_OSMIUM;XIRECS;10010.0;5
495427;;;ASH_COATED_OSMIUM;XIRECS;9995.0;10
498449;;;INTARIAN_PEPPER_ROOT;XIRECS;61503.0;6
499340;;;ASH_COATED_OSMIUM;XIRECS;10008.0;6
500571;;;INTARIAN_PEPPER_ROOT;XIRECS;61507.0;4
502716;;;ASH_COATED_OSMIUM;XIRECS;9990.0;5
504331;;;INTARIAN_PEPPER_ROOT;XIRECS;61499.0;7
506274;;;ASH_COATED_OSMIUM;XIRECS;9992.0;4
507027;;;ASH_COATED_OSMIUM;XIRECS;10008.0;10
507028;;;INTARIAN_PEPPER_ROOT;XIRECS;61500.0;7
511168;;;ASH_COATED_OSMIUM;XIRECS;9995.0;5
512224;;;INTARIAN_PEPPER_ROOT;XIRECS;61505.0;3
512493;;;ASH_COATED_OSMIUM;XIRECS;10010.0;10
513043;;;ASH_COATED_OSMIUM;XIRECS;10015.0;10
514973;;;ASH_COATED_OSMIUM;XIRECS;9997.0;8
516305;;;ASH_COATED_OSMIUM;XIRECS;9996.0;2
516766;;;INTARIAN_PEPPER_ROOT;XIRECS;61524.0;5
517127;;;ASH_COATED_OSMIUM;XIRECS;9991.0;4
518176;;;ASH_COATED_OSMIUM;XIRECS;10014.0;5
518875;;;INTARIAN_PEPPER_ROOT;XIRECS;61529.0;3
519620;;;ASH_COATED_OSMIUM;XIRECS;9989.0;2
520651;;;ASH_COATED_OSMIUM;XIRECS;10005.0;2
524679;;;ASH_COATED_OSMIUM;XIRECS;10011.0;7
527498;;;INTARIAN_PEPPER_ROOT;XIRECS;61522.0;4
528227;;;ASH_COATED_OSMIUM;XIRECS;10007.0;5
529138;;;INTARIAN_PEPPER_ROOT;XIRECS;61537.0;6
529443;;;ASH_COATED_OSMIUM;XIRECS;9981.0;6
530437;;;INTARIAN_PEPPER_ROOT;XIRECS;61529.0;5
530443;;;ASH_COATED_OSMIUM;XIRECS;10006.0;3
533596;;;INTARIAN_PEPPER_ROOT;XIRECS;61529.0;3
533774;;;ASH_COATED_OSMIUM;XIRECS;9999.0;2
536267;;;ASH_COATED_OSMIUM;XIRECS;10001.0;5
537747;;;ASH_COATED_OSMIUM;XIRECS;10008.0;6
538720;;;ASH_COATED_OSMIUM;XIRECS;9996.0;6
539376;;;ASH_COATED_OSMIUM;XIRECS;10000.0;10
539464;;;INTARIAN_PEPPER_ROOT;XIRECS;61537.0;6
541688;;;ASH_COATED_OSMIUM;XIRECS;10010.0;3
542281;;;ASH_COATED_OSMIUM;XIRECS;9988.0;5
542673;;;INTARIAN_PEPPER_ROOT;XIRECS;61544.0;7
545256;;;INTARIAN_PEPPER_ROOT;XIRECS;61545.0;7
548522;;;INTARIAN_PEPPER_ROOT;XIRECS;61545.0;6
552325;;;ASH_COATED_OSMIUM;XIRECS;10011.0;4
554988;;;ASH_COATED_OSMIUM;XIRECS;9995.0;4
556646;;;INTARIAN_PEPPER_ROOT;XIRECS;61549.0;7
557065;;;INTARIAN_PEPPER_ROOT;XIRECS;61545.0;3
557626;;;ASH_COATED_OSMIUM;XIRECS;9984.0;3
557714;;;INTARIAN_PEPPER_ROOT;XIRECS;61548.0;6
558238;;;ASH_COATED_OSMIUM;XIRECS;9999.0;6
561203;;;INTARIAN_PEPPER_ROOT;XIRECS;61567.0;7
562104;;;ASH_COATED_OSMIUM;XIRECS;9982.0;4
563922;;;ASH_COATED_OSMIUM;XIRECS;10015.0;2
563952;;;INTARIAN_PEPPER_ROOT;XIRECS;61570.0;5
564755;;;INTARIAN_PEPPER_ROOT;XIRECS;61573.0;3
565406;;;ASH_COATED_OSMIUM;XIRECS;10002.0;3
566516;;;INTARIAN_PEPPER_ROOT;XIRECS;61561.0;7
566546;;;ASH_COATED_OSMIUM;XIRECS;10009.0;6
566760;;;ASH_COATED_OSMIUM;XIRECS;9988.0;6
567620;;;ASH_COATED_OSMIUM;XIRECS;10010.0;4
569878;;;ASH_COATED_OSMIUM;XIRECS;10017.0;4
570151;;;ASH_COATED_OSMIUM;XIRECS;10011.0;4
570947;;;ASH_COATED_OSMIUM;XIRECS;10003.0;6
571253;;;ASH_COATED_OSMIUM;XIRECS;10007.0;6
571925;;;INTARIAN_PEPPER_ROOT;XIRECS;61579.0;7
573329;;;INTARIAN_PEPPER_ROOT;XIRECS;61581.0;3
574738;;;INTARIAN_PEPPER_ROOT;XIRECS;61572.0;6
574953;;;INTARIAN_PEPPER_ROOT;XIRECS;61570.0;6
575839;;;ASH_COATED_OSMIUM;XIRECS;10003.0;5
579498;;;ASH_COATED_OSMIUM;XIRECS;10015.0;3
579890;;;INTARIAN_PEPPER_ROOT;XIRECS;61573.0;4
580247;;;ASH_COATED_OSMIUM;XIRECS;10008.0;4
581753;;;ASH_COATED_OSMIUM;XIRECS;10015.0;3
582747;;;INTARIAN_PEPPER_ROOT;XIRECS;61573.0;5
583300;;;ASH_COATED_OSMIUM;XIRECS;9995.0;6
584528;;;ASH_COATED_OSMIUM;XIRECS;10015.0;8
584740;;;INTARIAN_PEPPER_ROOT;XIRECS;61576.0;7
592797;;;ASH_COATED_OSMIUM;XIRECS;9991.0;9
593174;;;ASH_COATED_OSMIUM;XIRECS;9998.0;2
594127;;;INTARIAN_PEPPER_ROOT;XIRECS;61585.0;5
596369;;;INTARIAN_PEPPER_ROOT;XIRECS;61606.0;4
597262;;;INTARIAN_PEPPER_ROOT;XIRECS;61602.0;5
597351;;;ASH_COATED_OSMIUM;XIRECS;10015.0;3
598574;;;ASH_COATED_OSMIUM;XIRECS;10014.0;5
598912;;;ASH_COATED_OSMIUM;XIRECS;9990.0;5
598998;;;INTARIAN_PEPPER_ROOT;XIRECS;61595.0;4
599699;;;ASH_COATED_OSMIUM;XIRECS;10010.0;6
601675;;;ASH_COATED_OSMIUM;XIRECS;10011.0;4
601837;;;ASH_COATED_OSMIUM;XIRECS;9990.0;5
602870;;;INTARIAN_PEPPER_ROOT;XIRECS;61597.0;5
603802;;;INTARIAN_PEPPER_ROOT;XIRECS;61614.0;3
606590;;;ASH_COATED_OSMIUM;XIRECS;9989.0;6
606975;;;ASH_COATED_OSMIUM;XIRECS;9996.0;6
608674;;;INTARIAN_PEPPER_ROOT;XIRECS;61613.0;5
608936;;;INTARIAN_PEPPER_ROOT;XIRECS;61600.0;3
609377;;;INTARIAN_PEPPER_ROOT;XIRECS;61603.0;3
609470;;;ASH_COATED_OSMIUM;XIRECS;10006.0;3
610397;;;INTARIAN_PEPPER_ROOT;XIRECS;61604.0;6
611251;;;ASH_COATED_OSMIUM;XIRECS;9994.0;10
612997;;;ASH_COATED_OSMIUM;XIRECS;9978.0;4
613210;;;ASH_COATED_OSMIUM;XIRECS;10005.0;5
613343;;;ASH_COATED_OSMIUM;XIRECS;9998.0;5
614798;;;ASH_COATED_OSMIUM;XIRECS;10012.0;8
615903;;;INTARIAN_PEPPER_ROOT;XIRECS;61620.0;3
616828;;;ASH_COATED_OSMIUM;XIRECS;9987.0;4
616991;;;INTARIAN_PEPPER_ROOT;XIRECS;61622.0;8
617091;;;ASH_COATED_OSMIUM;XIRECS;9986.0;8
623595;;;ASH_COATED_OSMIUM;XIRECS;10010.0;4
623631;;;ASH_COATED_OSMIUM;XIRECS;9997.0;5
624436;;;INTARIAN_PEPPER_ROOT;XIRECS;61616.0;5
625734;;;ASH_COATED_OSMIUM;XIRECS;10007.0;3
626652;;;INTARIAN_PEPPER_ROOT;XIRECS;61633.0;3
627727;;;INTARIAN_PEPPER_ROOT;XIRECS;61618.0;6
628303;;;INTARIAN_PEPPER_ROOT;XIRECS;61620.0;7
629075;;;ASH_COATED_OSMIUM;XIRECS;10006.0;6
633698;;;INTARIAN_PEPPER_ROOT;XIRECS;61641.0;6
633927;;;ASH_COATED_OSMIUM;XIRECS;10007.0;6
635012;;;ASH_COATED_OSMIUM;XIRECS;10016.0;7
635371;;;ASH_COATED_OSMIUM;XIRECS;10006.0;4
635692;;;INTARIAN_PEPPER_ROOT;XIRECS;61625.0;3
637755;;;ASH_COATED_OSMIUM;XIRECS;9996.0;6
641852;;;INTARIAN_PEPPER_ROOT;XIRECS;61647.0;7
641867;;;INTARIAN_PEPPER_ROOT;XIRECS;61647.0;7
641923;;;INTARIAN_PEPPER_ROOT;XIRECS;61647.0;7
642174;;;ASH_COATED_OSMIUM;XIRECS;9995.0;6
646634;;;ASH_COATED_OSMIUM;XIRECS;10011.0;10
647552;;;ASH_COATED_OSMIUM;XIRECS;10007.0;2
649028;;;INTARIAN_PEPPER_ROOT;XIRECS;61638.0;5
649153;;;ASH_COATED_OSMIUM;XIRECS;9992.0;9
650292;;;ASH_COATED_OSMIUM;XIRECS;10005.0;6
650477;;;ASH_COATED_OSMIUM;XIRECS;10005.0;6
651263;;;ASH_COATED_OSMIUM;XIRECS;10009.0;8
656306;;;INTARIAN_PEPPER_ROOT;XIRECS;61664.0;5
656661;;;INTARIAN_PEPPER_ROOT;XIRECS;61669.0;3
656887;;;ASH_COATED_OSMIUM;XIRECS;10002.0;3
657424;;;ASH_COATED_OSMIUM;XIRECS;9981.0;7
658410;;;ASH_COATED_OSMIUM;XIRECS;10008.0;4
659550;;;ASH_COATED_OSMIUM;XIRECS;9993.0;2
660870;;;INTARIAN_PEPPER_ROOT;XIRECS;61654.0;6
661422;;;ASH_COATED_OSMIUM;XIRECS;9985.0;9
662259;;;INTARIAN_PEPPER_ROOT;XIRECS;61654.0;7
662514;;;INTARIAN_PEPPER_ROOT;XIRECS;61671.0;4
663640;;;ASH_COATED_OSMIUM;XIRECS;10018.0;6
666243;;;ASH_COATED_OSMIUM;XIRECS;10007.0;10
668961;;;INTARIAN_PEPPER_ROOT;XIRECS;61673.0;6
670979;;;ASH_COATED_OSMIUM;XIRECS;9993.0;4
671957;;;INTARIAN_PEPPER_ROOT;XIRECS;61678.0;4
672454;;;ASH_COATED_OSMIUM;XIRECS;9993.0;6
673419;;;ASH_COATED_OSMIUM;XIRECS;9991.0;2
674236;;;INTARIAN_PEPPER_ROOT;XIRECS;61681.0;3
675375;;;ASH_COATED_OSMIUM;XIRECS;9990.0;6
675454;;;INTARIAN_PEPPER_ROOT;XIRECS;61667.0;3
676092;;;ASH_COATED_OSMIUM;XIRECS;9993.0;5
676513;;;INTARIAN_PEPPER_ROOT;XIRECS;61684.0;7
676646;;;ASH_COATED_OSMIUM;XIRECS;9988.0;6
676809;;;INTARIAN_PEPPER_ROOT;XIRECS;61685.0;3
676833;;;INTARIAN_PEPPER_ROOT;XIRECS;61685.0;5
678762;;;INTARIAN_PEPPER_ROOT;XIRECS;61669.0;6
681071;;;ASH_COATED_OSMIUM;XIRECS;10007.0;6
685168;;;ASH_COATED_OSMIUM;XIRECS;9986.0;6
686188;;;INTARIAN_PEPPER_ROOT;XIRECS;61693.0;6
689260;;;ASH_COATED_OSMIUM;XIRECS;10008.0;6
690506;;;INTARIAN_PEPPER_ROOT;XIRECS;61684.0;5
690663;;;ASH_COATED_OSMIUM;XIRECS;9996.0;2
691317;;;INTARIAN_PEPPER_ROOT;XIRECS;61694.0;5
694391;;;INTARIAN_PEPPER_ROOT;XIRECS;61701.0;5
695391;;;INTARIAN_PEPPER_ROOT;XIRECS;61703.0;4
695821;;;INTARIAN_PEPPER_ROOT;XIRECS;61701.0;4
696365;;;ASH_COATED_OSMIUM;XIRECS;9990.0;4
696484;;;ASH_COATED_OSMIUM;XIRECS;10014.0;2
696784;;;INTARIAN_PEPPER_ROOT;XIRECS;61690.0;5
699703;;;ASH_COATED_OSMIUM;XIRECS;10011.0;4
701733;;;ASH_COATED_OSMIUM;XIRECS;9985.0;6
702472;;;ASH_COATED_OSMIUM;XIRECS;10010.0;6
704156;;;INTARIAN_PEPPER_ROOT;XIRECS;61711.0;6
704457;;;INTARIAN_PEPPER_ROOT;XIRECS;61714.0;3
707148;;;INTARIAN_PEPPER_ROOT;XIRECS;61713.0;5
707405;;;INTARIAN_PEPPER_ROOT;XIRECS;61714.0;7
707673;;;INTARIAN_PEPPER_ROOT;XIRECS;61708.0;6
708570;;;INTARIAN_PEPPER_ROOT;XIRECS;61702.0;4
709734;;;ASH_COATED_OSMIUM;XIRECS;9996.0;4
712659;;;INTARIAN_PEPPER_ROOT;XIRECS;61707.0;5
714663;;;ASH_COATED_OSMIUM;XIRECS;9982.0;7
714831;;;INTARIAN_PEPPER_ROOT;XIRECS;61704.0;3
717252;;;ASH_COATED_OSMIUM;XIRECS;9992.0;5
717815;;;ASH_COATED_OSMIUM;XIRECS;9989.0;3
718244;;;ASH_COATED_OSMIUM;XIRECS;9989.0;3
719645;;;ASH_COATED_OSMIUM;XIRECS;9987.0;5
722075;;;ASH_COATED_OSMIUM;XIRECS;10014.0;2
722496;;;INTARIAN_PEPPER_ROOT;XIRECS;61730.0;7
723468;;;ASH_COATED_OSMIUM;XIRECS;10011.0;5
723535;;;ASH_COATED_OSMIUM;XIRECS;10015.0;5
723569;;;INTARIAN_PEPPER_ROOT;XIRECS;61716.0;5
724497;;;ASH_COATED_OSMIUM;XIRECS;9987.0;5
727917;;;INTARIAN_PEPPER_ROOT;XIRECS;61723.0;6
731817;;;INTARIAN_PEPPER_ROOT;XIRECS;61743.0;3
732328;;;INTARIAN_PEPPER_ROOT;XIRECS;61740.0;5
734394;;;INTARIAN_PEPPER_ROOT;XIRECS;61727.0;7
735490;;;INTARIAN_PEPPER_ROOT;XIRECS;61744.0;3
736899;;;ASH_COATED_OSMIUM;XIRECS;9983.0;5
738234;;;INTARIAN_PEPPER_ROOT;XIRECS;61729.0;5
738402;;;ASH_COATED_OSMIUM;XIRECS;9992.0;10
738725;;;ASH_COATED_OSMIUM;XIRECS;9991.0;4
740654;;;ASH_COATED_OSMIUM;XIRECS;10009.0;6
741348;;;ASH_COATED_OSMIUM;XIRECS;10005.0;6
743458;;;ASH_COATED_OSMIUM;XIRECS;9987.0;5
743458;;;INTARIAN_PEPPER_ROOT;XIRECS;61745.0;6
743544;;;ASH_COATED_OSMIUM;XIRECS;9990.0;7
745182;;;ASH_COATED_OSMIUM;XIRECS;10006.0;8
746521;;;INTARIAN_PEPPER_ROOT;XIRECS;61753.0;3
748869;;;ASH_COATED_OSMIUM;XIRECS;9997.0;3
752095;;;ASH_COATED_OSMIUM;XIRECS;9990.0;5
752293;;;ASH_COATED_OSMIUM;XIRECS;9996.0;6
758568;;;ASH_COATED_OSMIUM;XIRECS;9994.0;7
759317;;;INTARIAN_PEPPER_ROOT;XIRECS;61754.0;7
759396;;;ASH_COATED_OSMIUM;XIRECS;10012.0;3
759774;;;INTARIAN_PEPPER_ROOT;XIRECS;61765.0;7
760714;;;INTARIAN_PEPPER_ROOT;XIRECS;61770.0;5
761181;;;ASH_COATED_OSMIUM;XIRECS;9998.0;4
761382;;;INTARIAN_PEPPER_ROOT;XIRECS;61756.0;3
761646;;;INTARIAN_PEPPER_ROOT;XIRECS;61753.0;4
762178;;;ASH_COATED_OSMIUM;XIRECS;10004.0;6
762994;;;ASH_COATED_OSMIUM;XIRECS;9982.0;2
763416;;;ASH_COATED_OSMIUM;XIRECS;9975.0;7
764512;;;ASH_COATED_OSMIUM;XIRECS;9989.0;6
765838;;;ASH_COATED_OSMIUM;XIRECS;10011.0;6
766155;;;INTARIAN_PEPPER_ROOT;XIRECS;61756.0;7
773098;;;ASH_COATED_OSMIUM;XIRECS;10016.0;4
777426;;;ASH_COATED_OSMIUM;XIRECS;9988.0;5
777759;;;ASH_COATED_OSMIUM;XIRECS;9998.0;6
778330;;;ASH_COATED_OSMIUM;XIRECS;9984.0;2
780570;;;INTARIAN_PEPPER_ROOT;XIRECS;61771.0;6
786255;;;ASH_COATED_OSMIUM;XIRECS;10012.0;2
786380;;;ASH_COATED_OSMIUM;XIRECS;10013.0;7
787214;;;INTARIAN_PEPPER_ROOT;XIRECS;61782.0;5
787873;;;INTARIAN_PEPPER_ROOT;XIRECS;61782.0;3
788570;;;ASH_COATED_OSMIUM;XIRECS;10010.0;4
789968;;;ASH_COATED_OSMIUM;XIRECS;10003.0;2
790080;;;ASH_COATED_OSMIUM;XIRECS;10010.0;6
791620;;;INTARIAN_PEPPER_ROOT;XIRECS;61800.0;6
792274;;;ASH_COATED_OSMIUM;XIRECS;9986.0;10
792729;;;ASH_COATED_OSMIUM;XIRECS;9986.0;6
800154;;;ASH_COATED_OSMIUM;XIRECS;10001.0;4
801348;;;ASH_COATED_OSMIUM;XIRECS;9991.0;3
802419;;;ASH_COATED_OSMIUM;XIRECS;10012.0;3
803160;;;ASH_COATED_OSMIUM;XIRECS;9990.0;4
804416;;;ASH_COATED_OSMIUM;XIRECS;10003.0;2
804506;;;INTARIAN_PEPPER_ROOT;XIRECS;61795.0;3
806229;;;INTARIAN_PEPPER_ROOT;XIRECS;61800.0;4
806522;;;ASH_COATED_OSMIUM;XIRECS;10010.0;3
807094;;;ASH_COATED_OSMIUM;XIRECS;10006.0;5
807115;;;ASH_COATED_OSMIUM;XIRECS;10009.0;7
807361;;;INTARIAN_PEPPER_ROOT;XIRECS;61814.0;3
809123;;;INTARIAN_PEPPER_ROOT;XIRECS;61806.0;4
809513;;;ASH_COATED_OSMIUM;XIRECS;10003.0;9
809949;;;ASH_COATED_OSMIUM;XIRECS;10001.0;8
812591;;;INTARIAN_PEPPER_ROOT;XIRECS;61817.0;3
812792;;;ASH_COATED_OSMIUM;XIRECS;10018.0;5
814706;;;INTARIAN_PEPPER_ROOT;XIRECS;61823.0;7
815075;;;INTARIAN_PEPPER_ROOT;XIRECS;61811.0;6
815106;;;ASH_COATED_OSMIUM;XIRECS;9993.0;2
815418;;;ASH_COATED_OSMIUM;XIRECS;9990.0;6
820034;;;ASH_COATED_OSMIUM;XIRECS;9994.0;3
820995;;;ASH_COATED_OSMIUM;XIRECS;9984.0;6
821061;;;ASH_COATED_OSMIUM;XIRECS;9984.0;7
823520;;;INTARIAN_PEPPER_ROOT;XIRECS;61831.0;7
823652;;;INTARIAN_PEPPER_ROOT;XIRECS;61817.0;8
826451;;;INTARIAN_PEPPER_ROOT;XIRECS;61818.0;6
828338;;;INTARIAN_PEPPER_ROOT;XIRECS;61836.0;7
830104;;;ASH_COATED_OSMIUM;XIRECS;10008.0;5
830888;;;ASH_COATED_OSMIUM;XIRECS;10000.0;7
831208;;;INTARIAN_PEPPER_ROOT;XIRECS;61842.0;6
832514;;;INTARIAN_PEPPER_ROOT;XIRECS;61828.0;8
834724;;;ASH_COATED_OSMIUM;XIRECS;9986.0;4
836365;;;INTARIAN_PEPPER_ROOT;XIRECS;61831.0;7
836542;;;ASH_COATED_OSMIUM;XIRECS;9982.0;3
837026;;;ASH_COATED_OSMIUM;XIRECS;9999.0;2
843391;;;ASH_COATED_OSMIUM;XIRECS;9989.0;9
843533;;;INTARIAN_PEPPER_ROOT;XIRECS;61850.0;7
843542;;;ASH_COATED_OSMIUM;XIRECS;9994.0;2
845414;;;ASH_COATED_OSMIUM;XIRECS;9991.0;2
847935;;;ASH_COATED_OSMIUM;XIRECS;10006.0;4
851065;;;INTARIAN_PEPPER_ROOT;XIRECS;61842.0;7
851945;;;INTARIAN_PEPPER_ROOT;XIRECS;61861.0;5
854181;;;INTARIAN_PEPPER_ROOT;XIRECS;61859.0;3
854374;;;INTARIAN_PEPPER_ROOT;XIRECS;61850.0;4
856420;;;INTARIAN_PEPPER_ROOT;XIRECS;61864.0;7
859078;;;ASH_COATED_OSMIUM;XIRECS;9994.0;5
864950;;;INTARIAN_PEPPER_ROOT;XIRECS;61862.0;7
865028;;;INTARIAN_PEPPER_ROOT;XIRECS;61871.0;4
867217;;;ASH_COATED_OSMIUM;XIRECS;10002.0;3
868277;;;ASH_COATED_OSMIUM;XIRECS;9989.0;6
868313;;;ASH_COATED_OSMIUM;XIRECS;9986.0;4
868518;;;ASH_COATED_OSMIUM;XIRECS;10008.0;5
869154;;;ASH_COATED_OSMIUM;XIRECS;10005.0;5
870812;;;INTARIAN_PEPPER_ROOT;XIRECS;61867.0;5
871205;;;ASH_COATED_OSMIUM;XIRECS;10008.0;6
872499;;;INTARIAN_PEPPER_ROOT;XIRECS;61882.0;6
873350;;;INTARIAN_PEPPER_ROOT;XIRECS;61867.0;4
873863;;;INTARIAN_PEPPER_ROOT;XIRECS;61873.0;6
875886;;;ASH_COATED_OSMIUM;XIRECS;9996.0;5
876625;;;ASH_COATED_OSMIUM;XIRECS;9990.0;2
879583;;;INTARIAN_PEPPER_ROOT;XIRECS;61891.0;5
880012;;;ASH_COATED_OSMIUM;XIRECS;10019.0;9
883774;;;ASH_COATED_OSMIUM;XIRECS;10010.0;7
884449;;;INTARIAN_PEPPER_ROOT;XIRECS;61887.0;7
886432;;;INTARIAN_PEPPER_ROOT;XIRECS;61892.0;7
887115;;;INTARIAN_PEPPER_ROOT;XIRECS;61879.0;5
887436;;;ASH_COATED_OSMIUM;XIRECS;9996.0;2
887996;;;INTARIAN_PEPPER_ROOT;XIRECS;61892.0;6
891650;;;INTARIAN_PEPPER_ROOT;XIRECS;61898.0;5
892090;;;INTARIAN_PEPPER_ROOT;XIRECS;61886.0;7
892658;;;INTARIAN_PEPPER_ROOT;XIRECS;61898.0;3
894019;;;ASH_COATED_OSMIUM;XIRECS;10013.0;2
895497;;;ASH_COATED_OSMIUM;XIRECS;9984.0;10
899358;;;INTARIAN_PEPPER_ROOT;XIRECS;61893.0;4
901089;;;ASH_COATED_OSMIUM;XIRECS;9995.0;7
901849;;;ASH_COATED_OSMIUM;XIRECS;9989.0;7
902257;;;INTARIAN_PEPPER_ROOT;XIRECS;61895.0;7
902536;;;INTARIAN_PEPPER_ROOT;XIRECS;61897.0;8
903003;;;INTARIAN_PEPPER_ROOT;XIRECS;61909.0;5
903318;;;ASH_COATED_OSMIUM;XIRECS;9994.0;5
905274;;;ASH_COATED_OSMIUM;XIRECS;10008.0;3
906326;;;INTARIAN_PEPPER_ROOT;XIRECS;61899.0;7
908631;;;ASH_COATED_OSMIUM;XIRECS;9995.0;3
909658;;;INTARIAN_PEPPER_ROOT;XIRECS;61902.0;3
909744;;;ASH_COATED_OSMIUM;XIRECS;9987.0;5
910261;;;ASH_COATED_OSMIUM;XIRECS;10021.0;6
913425;;;ASH_COATED_OSMIUM;XIRECS;10001.0;6
915156;;;INTARIAN_PEPPER_ROOT;XIRECS;61924.0;6
915338;;;ASH_COATED_OSMIUM;XIRECS;10013.0;4
916049;;;ASH_COATED_OSMIUM;XIRECS;9996.0;3
919888;;;ASH_COATED_OSMIUM;XIRECS;10002.0;6
921444;;;INTARIAN_PEPPER_ROOT;XIRECS;61927.0;5
921782;;;INTARIAN_PEPPER_ROOT;XIRECS;61915.0;5
923442;;;ASH_COATED_OSMIUM;XIRECS;9994.0;4
924130;;;INTARIAN_PEPPER_ROOT;XIRECS;61935.0;3
925136;;;ASH_COATED_OSMIUM;XIRECS;9990.0;5
925410;;;ASH_COATED_OSMIUM;XIRECS;10004.0;9
926148;;;ASH_COATED_OSMIUM;XIRECS;10005.0;10
933727;;;INTARIAN_PEPPER_ROOT;XIRECS;61940.0;6
934638;;;ASH_COATED_OSMIUM;XIRECS;10007.0;5
935467;;;ASH_COATED_OSMIUM;XIRECS;9990.0;2
936021;;;INTARIAN_PEPPER_ROOT;XIRECS;61944.0;3
936993;;;ASH_COATED_OSMIUM;XIRECS;10004.0;3
943537;;;INTARIAN_PEPPER_ROOT;XIRECS;61936.0;4
943760;;;ASH_COATED_OSMIUM;XIRECS;10013.0;6
943894;;;ASH_COATED_OSMIUM;XIRECS;10015.0;6
944623;;;INTARIAN_PEPPER_ROOT;XIRECS;61940.0;4
944922;;;INTARIAN_PEPPER_ROOT;XIRECS;61940.0;4
948106;;;ASH_COATED_OSMIUM;XIRECS;10003.0;5
949418;;;ASH_COATED_OSMIUM;XIRECS;9988.0;5
954082;;;INTARIAN_PEPPER_ROOT;XIRECS;61962.0;7
954252;;;INTARIAN_PEPPER_ROOT;XIRECS;61947.0;3
962831;;;ASH_COATED_OSMIUM;XIRECS;10001.0;6
963297;;;ASH_COATED_OSMIUM;XIRECS;10001.0;10
963828;;;ASH_COATED_OSMIUM;XIRECS;9997.0;5
964780;;;INTARIAN_PEPPER_ROOT;XIRECS;61954.0;7
965267;;;INTARIAN_PEPPER_ROOT;XIRECS;61956.0;7
965418;;;ASH_COATED_OSMIUM;XIRECS;10011.0;5
966618;;;ASH_COATED_OSMIUM;XIRECS;9994.0;4
966736;;;INTARIAN_PEPPER_ROOT;XIRECS;61959.0;4
970299;;;INTARIAN_PEPPER_ROOT;XIRECS;61977.0;8
973100;;;INTARIAN_PEPPER_ROOT;XIRECS;61968.0;3
975478;;;ASH_COATED_OSMIUM;XIRECS;10008.0;3
976061;;;ASH_COATED_OSMIUM;XIRECS;9992.0;4
977434;;;ASH_COATED_OSMIUM;XIRECS;9991.0;10
978428;;;INTARIAN_PEPPER_ROOT;XIRECS;61981.0;3
980507;;;INTARIAN_PEPPER_ROOT;XIRECS;61971.0;7
984886;;;INTARIAN_PEPPER_ROOT;XIRECS;61976.0;4
984939;;;INTARIAN_PEPPER_ROOT;XIRECS;61992.0;5
985293;;;INTARIAN_PEPPER_ROOT;XIRECS;61997.0;3
985813;;;ASH_COATED_OSMIUM;XIRECS;10016.0;2
986777;;;INTARIAN_PEPPER_ROOT;XIRECS;61994.0;3
987230;;;INTARIAN_PEPPER_ROOT;XIRECS;61982.0;6
987347;;;ASH_COATED_OSMIUM;XIRECS;9991.0;5
987722;;;INTARIAN_PEPPER_ROOT;XIRECS;61995.0;3
988740;;;ASH_COATED_OSMIUM;XIRECS;9990.0;5
989295;;;INTARIAN_PEPPER_ROOT;XIRECS;61985.0;5
990473;;;INTARIAN_PEPPER_ROOT;XIRECS;61992.0;3
992953;;;INTARIAN_PEPPER_ROOT;XIRECS;61984.0;7
996607;;;INTARIAN_PEPPER_ROOT;XIRECS;62004.0;4
997147;;;ASH_COATED_OSMIUM;XIRECS;9983.0;8
998117;;;INTARIAN_PEPPER_ROOT;XIRECS;61989.0;3