timestamp;buyer;seller;symbol;currency;price;quantity
478;;;INTARIAN_PEPPER_ROOT;XIRECS;48003.0;8
629;;;ASH_COATED_OSMIUM;XIRECS;10008.0;7
817;;;INTARIAN_PEPPER_ROOT;XIRECS;47993.0;6
1096;;;INTARIAN_PEPPER_ROOT;XIRECS;48008.0;7
1355;;;ASH_COATED_OSMIUM;XIRECS;10000.0;2
2547;;;INTARIAN_PEPPER_ROOT;XIRECS;47996.0;3
2675;;;ASH_COATED_OSMIUM;XIRECS;9987.0;4
6927;;;INTARIAN_PEPPER_ROOT;XIRECS;48019.0;4
7219;;;ASH_COATED_OSMIUM;XIRECS;9994.0;2
7424;;;ASH_COATED_OSMIUM;XIRECS;10001.0;2
8308;;;INTARIAN_PEPPER_ROOT;XIRECS;48004.0;3
8558;;;INTARIAN_PEPPER_ROOT;XIRECS;48000.0;3
9155;;;ASH_COATED_OSMIUM;XIRECS;9992.0;10
10356;;;ASH_COATED_OSMIUM;XIRECS;9989.0;4
10606;;;ASH_COATED_OSMIUM;XIRECS;9990.0;6
10618;;;INTARIAN_PEPPER_ROOT;XIRECS;48000.0;5
10635;;;ASH_COATED_OSMIUM;XIRECS;9990.0;5
12154;;;ASH_COATED_OSMIUM;XIRECS;10010.0;6
12254;;;INTARIAN_PEPPER_ROOT;XIRECS;48015.0;6
12932;;;ASH_COATED_OSMIUM;XIRECS;9991.0;6
14682;;;ASH_COATED_OSMIUM;XIRECS;10013.0;9
17666;;;INTARIAN_PEPPER_ROOT;XIRECS;48011.0;3
18592;;;INTARIAN_PEPPER_ROOT;XIRECS;48011.0;4
20608;;;ASH_COATED_OSMIUM;XIRECS;10010.0;5
22482;;;ASH_COATED_OSMIUM;XIRECS;10012.0;5
23096;;;ASH_COATED_OSMIUM;XIRECS;10006.0;6
24689;;;INTARIAN_PEPPER_ROOT;XIRECS;48032.0;3
26148;;;INTARIAN_PEPPER_ROOT;XIRECS;48014.0;3
27246;;;INTARIAN_PEPPER_ROOT;XIRECS;48021.0;5
28327;;;INTARIAN_PEPPER_ROOT;XIRECS;48034.0;3
30093;;;ASH_COATED_OSMIUM;XIRECS;10006.0;10
30264;;;ASH_COATED_OSMIUM;XIRECS;10004.0;10
32055;;;ASH_COATED_OSMIUM;XIRECS;9985.0;7
34989;;;INTARIAN_PEPPER_ROOT;XIRECS;48032.0;3
37041;;;INTARIAN_PEPPER_ROOT;XIRECS;48046.0;3
37589;;;INTARIAN_PEPPER_ROOT;XIRECS;48041.0;5
38060;;;INTARIAN_PEPPER_ROOT;XIRECS;48043.0;3
38394;;;INTARIAN_PEPPER_ROOT;XIRECS;48043.0;7
40964;;;ASH_COATED_OSMIUM;XIRECS;10003.0;5
41672;;;ASH_COATED_OSMIUM;XIRECS;9996.0;10
43336;;;ASH_COATED_OSMIUM;XIRECS;9994.0;4
43506;;;ASH_COATED_OSMIUM;XIRECS;9983.0;6
44254;;;INTARIAN_PEPPER_ROOT;XIRECS;48051.0;7
45434;;;INTARIAN_PEPPER_ROOT;XIRECS;48050.0;7
45785;;;INTARIAN_PEPPER_ROOT;XIRECS;48039.0;6
46884;;;ASH_COATED_OSMIUM;XIRECS;9991.0;8
47872;;;INTARIAN_PEPPER_ROOT;XIRECS;48056.0;5
49316;;;ASH_COATED_OSMIUM;XIRECS;9994.0;3
49371;;;ASH_COATED_OSMIUM;XIRECS;9994.0;10
55341;;;ASH_COATED_OSMIUM;XIRECS;9989.0;10
57062;;;ASH_COATED_OSMIUM;XIRECS;10017.0;2
59870;;;ASH_COATED_OSMIUM;XIRECS;10009.0;9
61553;;;INTARIAN_PEPPER_ROOT;XIRECS;48071.0;7
62058;;;INTARIAN_PEPPER_ROOT;XIRECS;48057.0;5
62174;;;ASH_COATED_OSMIUM;XIRECS;10011.0;9
63389;;;ASH_COATED_OSMIUM;XIRECS;10001.0;4
64319;;;ASH_COATED_OSMIUM;XIRECS;9985.0;4
65765;;;ASH_COATED_OSMIUM;XIRECS;9991.0;7
66549;;;INTARIAN_PEPPER_ROOT;XIRECS;48074.0;3
68260;;;ASH_COATED_OSMIUM;XIRECS;9999.0;6
70059;;;ASH_COATED_OSMIUM;XIRECS;10011.0;6
70875;;;ASH_COATED_OSMIUM;XIRECS;10014.0;4
72524;;;ASH_COATED_OSMIUM;XIRECS;9998.0;6
72531;;;ASH_COATED_OSMIUM;XIRECS;9998.0;5
72983;;;ASH_COATED_OSMIUM;XIRECS;10005.0;3
81531;;;INTARIAN_PEPPER_ROOT;XIRECS;48072.0;3
83172;;;ASH_COATED_OSMIUM;XIRECS;10006.0;6
86658;;;ASH_COATED_OSMIUM;XIRECS;10003.0;4
87782;;;ASH_COATED_OSMIUM;XIRECS;10012.0;5
90841;;;INTARIAN_PEPPER_ROOT;XIRECS;48083.0;3
91987;;;INTARIAN_PEPPER_ROOT;XIRECS;48085.0;5
95572;;;INTARIAN_PEPPER_ROOT;XIRECS;48089.0;5
99933;;;ASH_COATED_OSMIUM;XIRECS;9988.0;3
102486;;;INTARIAN_PEPPER_ROOT;XIRECS;48092.0;4
103386;;;ASH_COATED_OSMIUM;XIRECS;9990.0;2
107933;;;ASH_COATED_OSMIUM;XIRECS;9996.0;9
109391;;;ASH_COATED_OSMIUM;XIRECS;9988.0;6
110171;;;ASH_COATED_OSMIUM;XIRECS;9984.0;6
110536;;;INTARIAN_PEPPER_ROOT;XIRECS;48122.0;3
110587;;;ASH_COATED_OSMIUM;XIRECS;10009.0;6
111002;;;ASH_COATED_OSMIUM;XIRECS;9990.0;3
113050;;;ASH_COATED_OSMIUM;XIRECS;10001.0;4
113329;;;INTARIAN_PEPPER_ROOT;XIRECS;48126.0;6
113890;;;INTARIAN_PEPPER_ROOT;XIRECS;48109.0;6
114008;;;INTARIAN_PEPPER_ROOT;XIRECS;48113.0;5
114193;;;INTARIAN_PEPPER_ROOT;XIRECS;48123.0;5
115458;;;ASH_COATED_OSMIUM;XIRECS;9995.0;10
115616;;;INTARIAN_PEPPER_ROOT;XIRECS;48106.0;7
116014;;;INTARIAN_PEPPER_ROOT;XIRECS;48115.0;3
117931;;;INTARIAN_PEPPER_ROOT;XIRECS;48112.0;3
119984;;;INTARIAN_PEPPER_ROOT;XIRECS;48124.0;6
120396;;;ASH_COATED_OSMIUM;XIRECS;10008.0;10
120998;;;ASH_COATED_OSMIUM;XIRECS;10001.0;6
121383;;;INTARIAN_PEPPER_ROOT;XIRECS;48119.0;3
122447;;;ASH_COATED_OSMIUM;XIRECS;10015.0;5
124356;;;ASH_COATED_OSMIUM;XIRECS;10012.0;4
124991;;;ASH_COATED_OSMIUM;XIRECS;10004.0;2
125135;;;ASH_COATED_OSMIUM;XIRECS;10006.0;6
127687;;;ASH_COATED_OSMIUM;XIRECS;9992.0;6
128237;;;ASH_COATED_OSMIUM;XIRECS;9995.0;9
128938;;;INTARIAN_PEPPER_ROOT;XIRECS;48123.0;3
130115;;;ASH_COATED_OSMIUM;XIRECS;10002.0;9
132440;;;INTARIAN_PEPPER_ROOT;XIRECS;48137.0;3
132727;;;ASH_COATED_OSMIUM;XIRECS;9986.0;9
132952;;;INTARIAN_PEPPER_ROOT;XIRECS;48130.0;6
134341;;;ASH_COATED_OSMIUM;XIRECS;9995.0;3
135029;;;ASH_COATED_OSMIUM;XIRECS;9998.0;5
138036;;;INTARIAN_PEPPER_ROOT;XIRECS;48146.0;5
139165;;;INTARIAN_PEPPER_ROOT;XIRECS;48133.0;4
139707;;;ASH_COATED_OSMIUM;XIRECS;9999.0;10
141821;;;INTARIAN_PEPPER_ROOT;XIRECS;48149.0;6
142349;;;INTARIAN_PEPPER_ROOT;XIRECS;48150.0;6
142712;;;ASH_COATED_OSMIUM;XIRECS;10018.0;4
143450;;;ASH_COATED_OSMIUM;XIRECS;10005.0;5
145516;;;INTARIAN_PEPPER_ROOT;XIRECS;48154.0;6
147068;;;ASH_COATED_OSMIUM;XIRECS;9995.0;3
148631;;;ASH_COATED_OSMIUM;XIRECS;10004.0;3
149188;;;INTARIAN_PEPPER_ROOT;XIRECS;48154.0;3
149425;;;ASH_COATED_OSMIUM;XIRECS;9986.0;9
149551;;;ASH_COATED_OSMIUM;XIRECS;9981.0;7
149953;;;ASH_COATED_OSMIUM;XIRECS;9999.0;3
151706;;;INTARIAN_PEPPER_ROOT;XIRECS;48147.0;6
152712;;;INTARIAN_PEPPER_ROOT;XIRECS;48151.0;8
153242;;;ASH_COATED_OSMIUM;XIRECS;10011.0;3
153686;;;ASH_COATED_OSMIUM;XIRECS;9991.0;5
153964;;;ASH_COATED_OSMIUM;XIRECS;10001.0;5
154487;;;ASH_COATED_OSMIUM;XIRECS;10010.0;10
155772;;;INTARIAN_PEPPER_ROOT;XIRECS;48163.0;8
156503;;;INTARIAN_PEPPER_ROOT;XIRECS;48163.0;5
157721;;;ASH_COATED_OSMIUM;XIRECS;10002.0;8
157973;;;ASH_COATED_OSMIUM;XIRECS;10001.0;10
159269;;;INTARIAN_PEPPER_ROOT;XIRECS;48168.0;5
161206;;;ASH_COATED_OSMIUM;XIRECS;9981.0;3
162099;;;ASH_COATED_OSMIUM;XIRECS;9988.0;10
162804;;;ASH_COATED_OSMIUM;XIRECS;9995.0;3
163369;;;ASH_COATED_OSMIUM;XIRECS;9991.0;9
164362;;;INTARIAN_PEPPER_ROOT;XIRECS;48170.0;4
165806;;;INTARIAN_PEPPER_ROOT;XIRECS;48175.0;3
166905;;;INTARIAN_PEPPER_ROOT;XIRECS;48167.0;5
166927;;;INTARIAN_PEPPER_ROOT;XIRECS;48155.0;5
167871;;;ASH_COATED_OSMIUM;XIRECS;9992.0;7
172057;;;ASH_COATED_OSMIUM;XIRECS;10006.0;2
172693;;;INTARIAN_PEPPER_ROOT;XIRECS;48180.0;5
180013;;;ASH_COATED_OSMIUM;XIRECS;9994.0;2
180618;;;ASH_COATED_OSMIUM;XIRECS;10004.0;3
180957;;;INTARIAN_PEPPER_ROOT;XIRECS;48191.0;6
183292;;;INTARIAN_PEPPER_ROOT;XIRECS;48187.0;6
187747;;;ASH_COATED_OSMIUM;XIRECS;9988.0;2
189712;;;ASH_COATED_OSMIUM;XIRECS;10010.0;4
194165;;;INTARIAN_PEPPER_ROOT;XIRECS;48198.0;4
195242;;;INTARIAN_PEPPER_ROOT;XIRECS;48185.0;4
197672;;;ASH_COATED_OSMIUM;XIRECS;10006.0;3
201544;;;ASH_COATED_OSMIUM;XIRECS;9989.0;5
201900;;;INTARIAN_PEPPER_ROOT;XIRECS;48208.0;7
202209;;;ASH_COATED_OSMIUM;XIRECS;10011.0;4
203723;;;ASH_COATED_OSMIUM;XIRECS;10013.0;6
206192;;;ASH_COATED_OSMIUM;XIRECS;10000.0;8
206785;;;ASH_COATED_OSMIUM;XIRECS;10017.0;5
207710;;;INTARIAN_PEPPER_ROOT;XIRECS;48218.0;7
209764;;;ASH_COATED_OSMIUM;XIRECS;9989.0;6
210289;;;INTARIAN_PEPPER_ROOT;XIRECS;48203.0;5
214637;;;INTARIAN_PEPPER_ROOT;XIRECS;48209.0;5
214936;;;INTARIAN_PEPPER_ROOT;XIRECS;48217.0;7
216037;;;ASH_COATED_OSMIUM;XIRECS;10009.0;2
216522;;;ASH_COATED_OSMIUM;XIRECS;9990.0;6
217134;;;INTARIAN_PEPPER_ROOT;XIRECS;48211.0;3
219320;;;ASH_COATED_OSMIUM;XIRECS;10005.0;2
219522;;;ASH_COATED_OSMIUM;XIRECS;9989.0;2
222077;;;ASH_COATED_OSMIUM;XIRECS;10004.0;6
222898;;;ASH_COATED_OSMIUM;XIRECS;10008.0;2
224568;;;ASH_COATED_OSMIUM;XIRECS;9988.0;5
225952;;;INTARIAN_PEPPER_ROOT;XIRECS;48222.0;6
226638;;;ASH_COATED_OSMIUM;XIRECS;10014.0;4
227383;;;ASH_COATED_OSMIUM;XIRECS;9991.0;3
227649;;;ASH_COATED_OSMIUM;XIRECS;9984.0;3
227956;;;ASH_COATED_OSMIUM;XIRECS;10008.0;8
232243;;;INTARIAN_PEPPER_ROOT;XIRECS;48223.0;4
234075;;;INTARIAN_PEPPER_ROOT;XIRECS;48241.0;8
235618;;;ASH_COATED_OSMIUM;XIRECS;10013.0;3
239607;;;ASH_COATED_OSMIUM;XIRECS;9990.0;2
239980;;;ASH_COATED_OSMIUM;XIRECS;10011.0;6
240646;;;INTARIAN_PEPPER_ROOT;XIRECS;48248.0;5
241602;;;INTARIAN_PEPPER_ROOT;XIRECS;48236.0;8
241653;;;ASH_COATED_OSMIUM;XIRECS;10004.0;6
242427;;;ASH_COATED_OSMIUM;XIRECS;9990.0;5
243550;;;ASH_COATED_OSMIUM;XIRECS;10005.0;6
243739;;;INTARIAN_PEPPER_ROOT;XIRECS;48239.0;6
243772;;;INTARIAN_PEPPER_ROOT;XIRECS;48239.0;7
245232;;;ASH_COATED_OSMIUM;XIRECS;10012.0;5
245467;;;ASH_COATED_OSMIUM;XIRECS;10008.0;5
246700;;;INTARIAN_PEPPER_ROOT;XIRECS;48241.0;5
247394;;;INTARIAN_PEPPER_ROOT;XIRECS;48252.0;6
248069;;;INTARIAN_PEPPER_ROOT;XIRECS;48259.0;6
248512;;;INTARIAN_PEPPER_ROOT;XIRECS;48256.0;3
250278;;;INTARIAN_PEPPER_ROOT;XIRECS;48259.0;5
250391;;;INTARIAN_PEPPER_ROOT;XIRECS;48243.0;3
251508;;;ASH_COATED_OSMIUM;XIRECS;9998.0;3
252190;;;ASH_COATED_OSMIUM;XIRECS;9997.0;8
253574;;;ASH_COATED_OSMIUM;XIRECS;9994.0;7
254661;;;ASH_COATED_OSMIUM;XIRECS;10016.0;2
256804;;;INTARIAN_PEPPER_ROOT;XIRECS;48248.0;6
258676;;;ASH_COATED_OSMIUM;XIRECS;9993.0;10
260113;;;INTARIAN_PEPPER_ROOT;XIRECS;48252.0;4
260727;;;ASH_COATED_OSMIUM;XIRECS;9991.0;8
261878;;;INTARIAN_PEPPER_ROOT;XIRECS;48252.0;4
264155;;;ASH_COATED_OSMIUM;XIRECS;9991.0;5
264721;;;ASH_COATED_OSMIUM;XIRECS;10002.0;3
269170;;;INTARIAN_PEPPER_ROOT;XIRECS;48278.0;4
270918;;;INTARIAN_PEPPER_ROOT;XIRECS;48277.0;3
273539;;;ASH_COATED_OSMIUM;XIRECS;10005.0;4
274765;;;INTARIAN_PEPPER_ROOT;XIRECS;48267.0;3
276252;;;ASH_COATED_OSMIUM;XIRECS;10017.0;6
277934;;;INTARIAN_PEPPER_ROOT;XIRECS;48274.0;4
278200;;;ASH_COATED_OSMIUM;XIRECS;9996.0;8
280331;;;INTARIAN_PEPPER_ROOT;XIRECS;48274.0;5
280359;;;INTARIAN_PEPPER_ROOT;XIRECS;48274.0;6
281099;;;ASH_COATED_OSMIUM;XIRECS;9995.0;4
283634;;;INTARIAN_PEPPER_ROOT;XIRECS;48290.0;5
286974;;;ASH_COATED_OSMIUM;XIRECS;10012.0;5
290363;;;ASH_COATED_OSMIUM;XIRECS;9985.0;5
292336;;;INTARIAN_PEPPER_ROOT;XIRECS;48299.0;4
292740;;;ASH_COATED_OSMIUM;XIRECS;9983.0;8
293386;;;INTARIAN_PEPPER_ROOT;XIRECS;48285.0;7
294005;;;INTARIAN_PEPPER_ROOT;XIRECS;48302.0;6
296673;;;ASH_COATED_OSMIUM;XIRECS;10006.0;5
298758;;;INTARIAN_PEPPER_ROOT;XIRECS;48307.0;8
299253;;;INTARIAN_PEPPER_ROOT;XIRECS;48289.0;5
301538;;;ASH_COATED_OSMIUM;XIRECS;10002.0;3
302209;;;INTARIAN_PEPPER_ROOT;XIRECS;48294.0;4
302360;;;INTARIAN_PEPPER_ROOT;XIRECS;48295.0;4
304306;;;INTARIAN_PEPPER_ROOT;XIRECS;48312.0;6
307076;;;ASH_COATED_OSMIUM;XIRECS;10002.0;4
308190;;;ASH_COATED_OSMIUM;XIRECS;10007.0;4
308240;;;INTARIAN_PEPPER_ROOT;XIRECS;48303.0;4
311057;;;INTARIAN_PEPPER_ROOT;XIRECS;48316.0;3
312692;;;ASH_COATED_OSMIUM;XIRECS;9990.0;6
315895;;;ASH_COATED_OSMIUM;XIRECS;9996.0;4
316197;;;ASH_COATED_OSMIUM;XIRECS;9987.0;4
318254;;;ASH_COATED_OSMIUM;XIRECS;9998.0;5
318540;;;ASH_COATED_OSMIUM;XIRECS;9977.0;5
321496;;;INTARIAN_PEPPER_ROOT;XIRECS;48330.0;6
321698;;;INTARIAN_PEPPER_ROOT;XIRECS;48313.0;6
322490;;;INTARIAN_PEPPER_ROOT;XIRECS;48313.0;3
322796;;;INTARIAN_PEPPER_ROOT;XIRECS;48328.0;4
322901;;;INTARIAN_PEPPER_ROOT;XIRECS;48310.0;7
325533;;;ASH_COATED_OSMIUM;XIRECS;9993.0;10
326277;;;INTARIAN_PEPPER_ROOT;XIRECS;48319.0;7
327791;;;ASH_COATED_OSMIUM;XIRECS;9993.0;4
328712;;;INTARIAN_PEPPER_ROOT;XIRECS;48323.0;5
329725;;;ASH_COATED_OSMIUM;XIRECS;10003.0;9
337522;;;ASH_COATED_OSMIUM;XIRECS;10010.0;6
340294;;;INTARIAN_PEPPER_ROOT;XIRECS;48346.0;8
342246;;;ASH_COATED_OSMIUM;XIRECS;10005.0;4
344971;;;ASH_COATED_OSMIUM;XIRECS;9995.0;6
346399;;;INTARIAN_PEPPER_ROOT;XIRECS;48350.0;8
346426;;;INTARIAN_PEPPER_ROOT;XIRECS;48351.0;7
347961;;;ASH_COATED_OSMIUM;XIRECS;9985.0;5
350855;;;INTARIAN_PEPPER_ROOT;XIRECS;48344.0;3
352508;;;ASH_COATED_OSMIUM;XIRECS;9994.0;9
353910;;;ASH_COATED_OSMIUM;XIRECS;9998.0;6
356836;;;ASH_COATED_OSMIUM;XIRECS;9994.0;3
357569;;;ASH_COATED_OSMIUM;XIRECS;9988.0;9
362718;;;ASH_COATED_OSMIUM;XIRECS;9993.0;3
363332;;;ASH_COATED_OSMIUM;XIRECS;10009.0;4
363712;;;ASH_COATED_OSMIUM;XIRECS;9996.0;7
363830;;;ASH_COATED_OSMIUM;XIRECS;10007.0;6
364210;;;ASH_COATED_OSMIUM;XIRECS;9987.0;4
364377;;;ASH_COATED_OSMIUM;XIRECS;9990.0;5
364794;;;INTARIAN_PEPPER_ROOT;XIRECS;48353.0;7
365260;;;ASH_COATED_OSMIUM;XIRECS;10006.0;5
365874;;;INTARIAN_PEPPER_ROOT;XIRECS;48354.0;7
367198;;;INTARIAN_PEPPER_ROOT;XIRECS;48355.0;3
368742;;;ASH_COATED_OSMIUM;XIRECS;9986.0;8
369708;;;ASH_COATED_OSMIUM;XIRECS;9991.0;6
370555;;;ASH_COATED_OSMIUM;XIRECS;9998.0;5
370984;;;ASH_COATED_OSMIUM;XIRECS;9986.0;5
371121;;;INTARIAN_PEPPER_ROOT;XIRECS;48363.0;6
373250;;;INTARIAN_PEPPER_ROOT;XIRECS;48366.0;8
373932;;;ASH_COATED_OSMIUM;XIRECS;10004.0;7
374033;;;ASH_COATED_OSMIUM;XIRECS;9988.0;6
374149;;;INTARIAN_PEPPER_ROOT;XIRECS;48381.0;8
375924;;;INTARIAN_PEPPER_ROOT;XIRECS;48379.0;5
377994;;;ASH_COATED_OSMIUM;XIRECS;10006.0;2
378179;;;INTARIAN_PEPPER_ROOT;XIRECS;48385.0;7
378364;;;ASH_COATED_OSMIUM;XIRECS;9994.0;6
378425;;;INTARIAN_PEPPER_ROOT;XIRECS;48380.0;2
378537;;;INTARIAN_PEPPER_ROOT;XIRECS;48383.0;7
378767;;;ASH_COATED_OSMIUM;XIRECS;10010.0;9
379454;;;ASH_COATED_OSMIUM;XIRECS;9988.0;5
379539;;;INTARIAN_PEPPER_ROOT;XIRECS;48387.0;3
379636;;;ASH_COATED_OSMIUM;XIRECS;9998.0;4
380309;;;INTARIAN_PEPPER_ROOT;XIRECS;48376.0;6
383277;;;INTARIAN_PEPPER_ROOT;XIRECS;48392.0;3
384885;;;ASH_COATED_OSMIUM;XIRECS;9993.0;8
385302;;;ASH_COATED_OSMIUM;XIRECS;9999.0;9
385996;;;ASH_COATED_OSMIUM;XIRECS;10009.0;3
388497;;;INTARIAN_PEPPER_ROOT;XIRECS;48397.0;7
392021;;;INTARIAN_PEPPER_ROOT;XIRECS;48387.0;6
393444;;;INTARIAN_PEPPER_ROOT;XIRECS;48398.0;6
395091;;;ASH_COATED_OSMIUM;XIRECS;9999.0;7
397563;;;INTARIAN_PEPPER_ROOT;XIRECS;48403.0;6
398597;;;ASH_COATED_OSMIUM;XIRECS;9993.0;3
398620;;;INTARIAN_PEPPER_ROOT;XIRECS;48390.0;4
401920;;;ASH_COATED_OSMIUM;XIRECS;10014.0;5
405456;;;ASH_COATED_OSMIUM;XIRECS;9994.0;5
405944;;;ASH_COATED_OSMIUM;XIRECS;9982.0;4
406092;;;INTARIAN_PEPPER_ROOT;XIRECS;48416.0;3
407321;;;ASH_COATED_OSMIUM;XIRECS;10010.0;6
407369;;;ASH_COATED_OSMIUM;XIRECS;10010.0;6
407535;;;ASH_COATED_OSMIUM;XIRECS;10009.0;5
408682;;;ASH_COATED_OSMIUM;XIRECS;10005.0;6
408963;;;INTARIAN_PEPPER_ROOT;XIRECS;48414.0;5
409944;;;INTARIAN_PEPPER_ROOT;XIRECS;48399.0;3
410549;;;INTARIAN_PEPPER_ROOT;XIRECS;48416.0;6
410788;;;INTARIAN_PEPPER_ROOT;XIRECS;48407.0;3
411049;;;ASH_COATED_OSMIUM;XIRECS;10003.0;6
411185;;;ASH_COATED_OSMIUM;XIRECS;10005.0;5
411488;;;ASH_COATED_OSMIUM;XIRECS;9988.0;9
415736;;;ASH_COATED_OSMIUM;XIRECS;9989.0;3
417356;;;ASH_COATED_OSMIUM;XIRECS;9984.0;3
418982;;;INTARIAN_PEPPER_ROOT;XIRECS;48429.0;3
419903;;;ASH_COATED_OSMIUM;XIRECS;10009.0;5
421414;;;ASH_COATED_OSMIUM;XIRECS;9993.0;8
421996;;;INTARIAN_PEPPER_ROOT;XIRECS;48414.0;6
422891;;;INTARIAN_PEPPER_ROOT;XIRECS;48430.0;3
428595;;;INTARIAN_PEPPER_ROOT;XIRECS;48433.0;6
428823;;;ASH_COATED_OSMIUM;XIRECS;9985.0;5
429596;;;INTARIAN_PEPPER_ROOT;XIRECS;48438.0;6
431534;;;ASH_COATED_OSMIUM;XIRECS;9996.0;5
431854;;;INTARIAN_PEPPER_ROOT;XIRECS;48439.0;6
432368;;;ASH_COATED_OSMIUM;XIRECS;10016.0;6
432935;;;ASH_COATED_OSMIUM;XIRECS;9996.0;5
433056;;;INTARIAN_PEPPER_ROOT;XIRECS;48432.0;4
433342;;;INTARIAN_PEPPER_ROOT;XIRECS;48426.0;5
435160;;;ASH_COATED_OSMIUM;XIRECS;9994.0;3
436785;;;INTARIAN_PEPPER_ROOT;XIRECS;48430.0;7
437182;;;ASH_COATED_OSMIUM;XIRECS;10005.0;6
437940;;;ASH_COATED_OSMIUM;XIRECS;9993.0;5
438322;;;INTARIAN_PEPPER_ROOT;XIRECS;48441.0;6
438382;;;ASH_COATED_OSMIUM;XIRECS;10014.0;4
440661;;;INTARIAN_PEPPER_ROOT;XIRECS;48434.0;5
441709;;;INTARIAN_PEPPER_ROOT;XIRECS;48433.0;5
442107;;;ASH_COATED_OSMIUM;XIRECS;9991.0;7
445836;;;INTARIAN_PEPPER_ROOT;XIRECS;48439.0;7
447625;;;ASH_COATED_OSMIUM;XIRECS;9991.0;3
448715;;;ASH_COATED_OSMIUM;XIRECS;9998.0;2
448970;;;ASH_COATED_OSMIUM;XIRECS;10016.0;3
450079;;;ASH_COATED_OSMIUM;XIRECS;9990.0;3
450687;;;INTARIAN_PEPPER_ROOT;XIRECS;48458.0;5
451149;;;ASH_COATED_OSMIUM;XIRECS;9986.0;4
453793;;;INTARIAN_PEPPER_ROOT;XIRECS;48446.0;4
454159;;;INTARIAN_PEPPER_ROOT;XIRECS;48447.0;5
458401;;;INTARIAN_PEPPER_ROOT;XIRECS;48450.0;3
459708;;;ASH_COATED_OSMIUM;XIRECS;9994.0;5
461295;;;INTARIAN_PEPPER_ROOT;XIRECS;48468.0;5
464692;;;ASH_COATED_OSMIUM;XIRECS;9984.0;3
464952;;;INTARIAN_PEPPER_ROOT;XIRECS;48461.0;3
466422;;;ASH_COATED_OSMIUM;XIRECS;9999.0;4
467868;;;ASH_COATED_OSMIUM;XIRECS;9999.0;5
470164;;;INTARIAN_PEPPER_ROOT;XIRECS;48462.0;7
472023;;;ASH_COATED_OSMIUM;XIRECS;10011.0;5
472079;;;INTARIAN_PEPPER_ROOT;XIRECS;48479.0;4
473859;;;ASH_COATED_OSMIUM;XIRECS;9992.0;3
477133;;;ASH_COATED_OSMIUM;XIRECS;10010.0;3
477704;;;INTARIAN_PEPPER_ROOT;XIRECS;48487.0;5
479812;;;ASH_COATED_OSMIUM;XIRECS;9997.0;6
479959;;;INTARIAN_PEPPER_ROOT;XIRECS;48482.0;3
480019;;;ASH_COATED_OSMIUM;XIRECS;10014.0;5
480962;;;ASH_COATED_OSMIUM;XIRECS;9991.0;5
482358;;;ASH_COATED_OSMIUM;XIRECS;10002.0;4
484237;;;ASH_COATED_OSMIUM;XIRECS;9982.0;4
485583;;;ASH_COATED_OSMIUM;XIRECS;9984.0;9
486601;;;ASH_COATED_OSMIUM;XIRECS;9994.0;8
489931;;;ASH_COATED_OSMIUM;XIRECS;10004.0;7
491369;;;ASH_COATED_OSMIUM;XIRECS;10011.0;3
492265;;;ASH_COATED_OSMIUM;XIRECS;9988.0;6
495292;;;INTARIAN_PEPPER_ROOT;XIRECS;48501.0;6
496327;;;ASH_COATED_OSMIUM;XIRECS;10004.0;6
497355;;;ASH_COATED_OSMIUM;XIRECS;10009.0;3
500423;;;INTARIAN_PEPPER_ROOT;XIRECS;48492.0;3
505968;;;INTARIAN_PEPPER_ROOT;XIRECS;48512.0;5
507090;;;ASH_COATED_OSMIUM;XIRECS;9983.0;10
510831;;;INTARIAN_PEPPER_ROOT;XIRECS;48501.0;6
512849;;;ASH_COATED_OSMIUM;XIRECS;10014.0;5
513919;;;ASH_COATED_OSMIUM;XIRECS;10003.0;4
521282;;;INTARIAN_PEPPER_ROOT;XIRECS;48516.0;8
522289;;;ASH_COATED_OSMIUM;XIRECS;9984.0;5
525956;;;ASH_COATED_OSMIUM;XIRECS;10009.0;5
525971;;;INTARIAN_PEPPER_ROOT;XIRECS;48518.0;5
526750;;;INTARIAN_PEPPER_ROOT;XIRECS;48532.0;6
532587;;;ASH_COATED_OSMIUM;XIRECS;10004.0;9
532764;;;ASH_COATED_OSMIUM;XIRECS;10011.0;3
535234;;;ASH_COATED_OSMIUM;XIRECS;9993.0;4
536604;;;ASH_COATED_OSMIUM;XIRECS;9995.0;2
540818;;;INTARIAN_PEPPER_ROOT;XIRECS;48550.0;8
541355;;;INTARIAN_PEPPER_ROOT;XIRECS;48553.0;5
545310;;;ASH_COATED_OSMIUM;XIRECS;9999.0;3
546122;;;ASH_COATED_OSMIUM;XIRECS;10008.0;7
547186;;;INTARIAN_PEPPER_ROOT;XIRECS;48538.0;3
552224;;;INTARIAN_PEPPER_ROOT;XIRECS;48544.0;4
554606;;;INTARIAN_PEPPER_ROOT;XIRECS;48548.0;6
555019;;;ASH_COATED_OSMIUM;XIRECS;9994.0;9
556802;;;ASH_COATED_OSMIUM;XIRECS;10010.0;10
556804;;;INTARIAN_PEPPER_ROOT;XIRECS;48549.0;7
560394;;;INTARIAN_PEPPER_ROOT;XIRECS;48567.0;3
560662;;;ASH_COATED_OSMIUM;XIRECS;9998.0;5
560664;;;ASH_COATED_OSMIUM;XIRECS;9998.0;3
561017;;;INTARIAN_PEPPER_ROOT;XIRECS;48571.0;7
561187;;;ASH_COATED_OSMIUM;XIRECS;9991.0;10
561641;;;INTARIAN_PEPPER_ROOT;XIRECS;48555.0;4
562306;;;ASH_COATED_OSMIUM;XIRECS;9989.0;4
565289;;;ASH_COATED_OSMIUM;XIRECS;10003.0;10
566728;;;ASH_COATED_OSMIUM;XIRECS;10007.0;6
568898;;;INTARIAN_PEPPER_ROOT;XIRECS;48575.0;7
571081;;;INTARIAN_PEPPER_ROOT;XIRECS;48565.0;5
572846;;;INTARIAN_PEPPER_ROOT;XIRECS;48587.0;3
574016;;;ASH_COATED_OSMIUM;XIRECS;9997.0;3
577137;;;ASH_COATED_OSMIUM;XIRECS;10009.0;8
577570;;;INTARIAN_PEPPER_ROOT;XIRECS;48581.0;3
579049;;;ASH_COATED_OSMIUM;XIRECS;9986.0;2
579731;;;ASH_COATED_OSMIUM;XIRECS;9990.0;3
580206;;;INTARIAN_PEPPER_ROOT;XIRECS;48588.0;6
580774;;;ASH_COATED_OSMIUM;XIRECS;9978.0;2
581870;;;ASH_COATED_OSMIUM;XIRECS;9994.0;10
582248;;;ASH_COATED_OSMIUM;XIRECS;10010.0;6
584895;;;ASH_COATED_OSMIUM;XIRECS;10003.0;3
588363;;;INTARIAN_PEPPER_ROOT;XIRECS;48593.0;8
588473;;;ASH_COATED_OSMIUM;XIRECS;9989.0;5
590057;;;ASH_COATED_OSMIUM;XIRECS;9990.0;5
590252;;;ASH_COATED_OSMIUM;XIRECS;10005.0;3
592693;;;ASH_COATED_OSMIUM;XIRECS;10001.0;9
594807;;;INTARIAN_PEPPER_ROOT;XIRECS;48586.0;5
595129;;;ASH_COATED_OSMIUM;XIRECS;9982.0;6
595594;;;ASH_COATED_OSMIUM;XIRECS;9999.0;6
597204;;;INTARIAN_PEPPER_ROOT;XIRECS;48590.0;4
598784;;;ASH_COATED_OSMIUM;XIRECS;9999.0;9
598904;;;INTARIAN_PEPPER_ROOT;XIRECS;48592.0;7
601628;;;INTARIAN_PEPPER_ROOT;XIRECS;48609.0;6
601647;;;ASH_COATED_OSMIUM;XIRECS;10011.0;5
602390;;;ASH_COATED_OSMIUM;XIRECS;9989.0;7
603391;;;ASH_COATED_OSMIUM;XIRECS;9993.0;5
604400;;;INTARIAN_PEPPER_ROOT;XIRECS;48602.0;5
604695;;;ASH_COATED_OSMIUM;XIRECS;9998.0;10
609694;;;ASH_COATED_OSMIUM;XIRECS;9995.0;3
609843;;;INTARIAN_PEPPER_ROOT;XIRECS;48603.0;5
613339;;;ASH_COATED_OSMIUM;XIRECS;9994.0;5
614015;;;ASH_COATED_OSMIUM;XIRECS;10015.0;5
614139;;;INTARIAN_PEPPER_ROOT;XIRECS;48611.0;6
615516;;;INTARIAN_PEPPER_ROOT;XIRECS;48603.0;6
615851;;;ASH_COATED_OSMIUM;XIRECS;9990.0;5
616247;;;ASH_COATED_OSMIUM;XIRECS;9997.0;2
616971;;;ASH_COATED_OSMIUM;XIRECS;9990.0;3
622707;;;ASH_COATED_OSMIUM;XIRECS;9981.0;3
625652;;;INTARIAN_PEPPER_ROOT;XIRECS;48623.0;4
627781;;;INTARIAN_PEPPER_ROOT;XIRECS;48623.0;3
628939;;;ASH_COATED_OSMIUM;XIRECS;9995.0;7
629332;;;ASH_COATED_OSMIUM;XIRECS;9996.0;4
629634;;;INTARIAN_PEPPER_ROOT;XIRECS;48638.0;4
630536;;;INTARIAN_PEPPER_ROOT;XIRECS;48640.0;6
632448;;;ASH_COATED_OSMIUM;XIRECS;9990.0;4
634204;;;ASH_COATED_OSMIUM;XIRECS;9995.0;7
636591;;;INTARIAN_PEPPER_ROOT;XIRECS;48643.0;6
636705;;;ASH_COATED_OSMIUM;XIRECS;9992.0;4
637609;;;ASH_COATED_OSMIUM;XIRECS;9998.0;5
638479;;;ASH_COATED_OSMIUM;XIRECS;9988.0;6
639821;;;ASH_COATED_OSMIUM;XIRECS;9978.0;5
644062;;;INTARIAN_PEPPER_ROOT;XIRECS;48643.0;5
644344;;;INTARIAN_PEPPER_ROOT;XIRECS;48636.0;6
646505;;;ASH_COATED_OSMIUM;XIRECS;10000.0;3
648087;;;ASH_COATED_OSMIUM;XIRECS;10009.0;5
651752;;;ASH_COATED_OSMIUM;XIRECS;9987.0;5
655137;;;ASH_COATED_OSMIUM;XIRECS;9990.0;2
656729;;;ASH_COATED_OSMIUM;XIRECS;10000.0;8
657427;;;ASH_COATED_OSMIUM;XIRECS;9994.0;6
657650;;;ASH_COATED_OSMIUM;XIRECS;9985.0;2
658419;;;INTARIAN_PEPPER_ROOT;XIRECS;48651.0;6
659864;;;ASH_COATED_OSMIUM;XIRECS;10011.0;10
662065;;;INTARIAN_PEPPER_ROOT;XIRECS;48672.0;6
664274;;;ASH_COATED_OSMIUM;XIRECS;9987.0;5
664705;;;INTARIAN_PEPPER_ROOT;XIRECS;48672.0;5
664928;;;INTARIAN_PEPPER_ROOT;XIRECS;48670.0;6
665867;;;INTARIAN_PEPPER_ROOT;XIRECS;48674.0;5
673503;;;ASH_COATED_OSMIUM;XIRECS;10014.0;4
673728;;;ASH_COATED_OSMIUM;XIRECS;10010.0;8
673827;;;ASH_COATED_OSMIUM;XIRECS;9986.0;5
674768;;;ASH_COATED_OSMIUM;XIRECS;10001.0;10
676094;;;INTARIAN_PEPPER_ROOT;XIRECS;48681.0;6
677914;;;INTARIAN_PEPPER_ROOT;XIRECS;48686.0;8
679446;;;INTARIAN_PEPPER_ROOT;XIRECS;48683.0;6
682427;;;ASH_COATED_OSMIUM;XIRECS;9992.0;2
684163;;;ASH_COATED_OSMIUM;XIRECS;9990.0;3
685856;;;ASH_COATED_OSMIUM;XIRECS;9989.0;6
686612;;;INTARIAN_PEPPER_ROOT;XIRECS;48689.0;5
686752;;;ASH_COATED_OSMIUM;XIRECS;9992.0;4
686803;;;ASH_COATED_OSMIUM;XIRECS;10007.0;6
686862;;;INTARIAN_PEPPER_ROOT;XIRECS;48692.0;8
688378;;;ASH_COATED_OSMIUM;XIRECS;10003.0;4
689790;;;INTARIAN_PEPPER_ROOT;XIRECS;48692.0;6
691616;;;INTARIAN_PEPPER_ROOT;XIRECS;48691.0;6
691650;;;INTARIAN_PEPPER_ROOT;XIRECS;48691.0;4
691682;;;INTARIAN_PEPPER_ROOT;XIRECS;48703.0;6
692128;;;INTARIAN_PEPPER_ROOT;XIRECS;48685.0;4
693727;;;ASH_COATED_OSMIUM;XIRECS;10015.0;10
695083;;;ASH_COATED_OSMIUM;XIRECS;9988.0;2
696065;;;ASH_COATED_OSMIUM;XIRECS;10009.0;4
696247;;;ASH_COATED_OSMIUM;XIRECS;10005.0;9
697267;;;ASH_COATED_OSMIUM;XIRECS;9997.0;3
698556;;;ASH_COATED_OSMIUM;XIRECS;10015.0;3
698869;;;ASH_COATED_OSMIUM;XIRECS;9992.0;4
700356;;;ASH_COATED_OSMIUM;XIRECS;9996.0;7
701412;;;ASH_COATED_OSMIUM;XIRECS;10012.0;6
703044;;;ASH_COATED_OSMIUM;XIRECS;10012.0;7
704306;;;ASH_COATED_OSMIUM;XIRECS;10008.0;2
705072;;;ASH_COATED_OSMIUM;XIRECS;9979.0;2
706403;;;ASH_COATED_OSMIUM;XIRECS;9991.0;10
707534;;;ASH_COATED_OSMIUM;XIRECS;9999.0;3
707543;;;ASH_COATED_OSMIUM;XIRECS;10009.0;3
709370;;;ASH_COATED_OSMIUM;XIRECS;9994.0;6
709574;;;ASH_COATED_OSMIUM;XIRECS;9997.0;2
710530;;;INTARIAN_PEPPER_ROOT;XIRECS;48720.0;5
711558;;;INTARIAN_PEPPER_ROOT;XIRECS;48718.0;7
711671;;;ASH_COATED_OSMIUM;XIRECS;10004.0;4
712890;;;INTARIAN_PEPPER_ROOT;XIRECS;48708.0;3
715218;;;INTARIAN_PEPPER_ROOT;XIRECS;48708.0;4
715672;;;ASH_COATED_OSMIUM;XIRECS;10011.0;5
717600;;;ASH_COATED_OSMIUM;XIRECS;9992.0;2
720826;;;INTARIAN_PEPPER_ROOT;XIRECS;48726.0;5
721101;;;INTARIAN_PEPPER_ROOT;XIRECS;48715.0;8
722152;;;INTARIAN_PEPPER_ROOT;XIRECS;48730.0;6
722267;;;ASH_COATED_OSMIUM;XIRECS;9989.0;10
722868;;;INTARIAN_PEPPER_ROOT;XIRECS;48719.0;7
723634;;;INTARIAN_PEPPER_ROOT;XIRECS;48729.0;7
725020;;;INTARIAN_PEPPER_ROOT;XIRECS;48733.0;7
726065;;;ASH_COATED_OSMIUM;XIRECS;10009.0;3
726811;;;ASH_COATED_OSMIUM;XIRECS;10015.0;9
730492;;;INTARIAN_PEPPER_ROOT;XIRECS;48737.0;7
731299;;;ASH_COATED_OSMIUM;XIRECS;9989.0;8
732734;;;ASH_COATED_OSMIUM;XIRECS;9995.0;9
734618;;;ASH_COATED_OSMIUM;XIRECS;9990.0;6
735538;;;ASH_COATED_OSMIUM;XIRECS;10008.0;2
735735;;;ASH_COATED_OSMIUM;XIRECS;10011.0;6
736615;;;INTARIAN_PEPPER_ROOT;XIRECS;48729.0;7
736895;;;ASH_COATED_OSMIUM;XIRECS;9995.0;5
738070;;;ASH_COATED_OSMIUM;XIRECS;10001.0;5
741468;;;ASH_COATED_OSMIUM;XIRECS;9991.0;9
742825;;;ASH_COATED_OSMIUM;XIRECS;10014.0;7
743486;;;INTARIAN_PEPPER_ROOT;XIRECS;48751.0;7
744451;;;ASH_COATED_OSMIUM;XIRECS;9991.0;5
745271;;;INTARIAN_PEPPER_ROOT;XIRECS;48756.0;5
747157;;;INTARIAN_PEPPER_ROOT;XIRECS;48741.0;3
748344;;;ASH_COATED_OSMIUM;XIRECS;10011.0;4
749120;;;ASH_COATED_OSMIUM;XIRECS;9997.0;6
750402;;;ASH_COATED_OSMIUM;XIRECS;9993.0;6
752272;;;ASH_COATED_OSMIUM;XIRECS;9982.0;4
757599;;;ASH_COATED_OSMIUM;XIRECS;10006.0;9
757632;;;ASH_COATED_OSMIUM;XIRECS;9987.0;2
758447;;;INTARIAN_PEPPER_ROOT;XIRECS;48747.0;3
758843;;;ASH_COATED_OSMIUM;XIRECS;10006.0;10
758852;;;ASH_COATED_OSMIUM;XIRECS;10006.0;3
759062;;;ASH_COATED_OSMIUM;XIRECS;10011.0;2
760245;;;ASH_COATED_OSMIUM;XIRECS;10011.0;10
760759;;;INTARIAN_PEPPER_ROOT;XIRECS;48750.0;5
760781;;;ASH_COATED_OSMIUM;XIRECS;10004.0;6
764280;;;ASH_COATED_OSMIUM;XIRECS;10004.0;3
764290;;;INTARIAN_PEPPER_ROOT;XIRECS;48758.0;3
766567;;;INTARIAN_PEPPER_ROOT;XIRECS;48756.0;3
768422;;;INTARIAN_PEPPER_ROOT;XIRECS;48759.0;5
770861;;;ASH_COATED_OSMIUM;XIRECS;10002.0;7
770938;;;INTARIAN_PEPPER_ROOT;XIRECS;48778.0;3
771905;;;INTARIAN_PEPPER_ROOT;XIRECS;48765.0;4
772230;;;INTARIAN_PEPPER_ROOT;XIRECS;48766.0;5
773269;;;ASH_COATED_OSMIUM;XIRECS;9985.0;7
779282;;;ASH_COATED_OSMIUM;XIRECS;9997.0;8
779352;;;INTARIAN_PEPPER_ROOT;XIRECS;48785.0;7
783249;;;ASH_COATED_OSMIUM;XIRECS;10015.0;2
785744;;;ASH_COATED_OSMIUM;XIRECS;10018.0;10
787329;;;INTARIAN_PEPPER_ROOT;XIRECS;48794.0;3
788394;;;ASH_COATED_OSMIUM;XIRECS;10006.0;2
788822;;;ASH_COATED_OSMIUM;XIRECS;10001.0;3
789172;;;ASH_COATED_OSMIUM;XIRECS;10011.0;6
790280;;;ASH_COATED_OSMIUM;XIRECS;9999.0;7
790316;;;ASH_COATED_OSMIUM;XIRECS;10006.0;3
791532;;;ASH_COATED_OSMIUM;XIRECS;10011.0;2
792102;;;ASH_COATED_OSMIUM;XIRECS;9992.0;6
794814;;;ASH_COATED_OSMIUM;XIRECS;9990.0;3
795880;;;INTARIAN_PEPPER_ROOT;XIRECS;48802.0;6
796669;;;INTARIAN_PEPPER_ROOT;XIRECS;48801.0;6
798809;;;INTARIAN_PEPPER_ROOT;XIRECS;48805.0;5
799183;;;ASH_COATED_OSMIUM;XIRECS;10002.0;5
799815;;;INTARIAN_PEPPER_ROOT;XIRECS;48793.0;4
804966;;;ASH_COATED_OSMIUM;XIRECS;10006.0;6
806968;;;ASH_COATED_OSMIUM;XIRECS;9996.0;4
808240;;;ASH_COATED_OSMIUM;XIRECS;10010.0;5
811390;;;ASH_COATED_OSMIUM;XIRECS;9983.0;2
812077;;;INTARIAN_PEPPER_ROOT;XIRECS;48819.0;4
815850;;;INTARIAN_PEPPER_ROOT;XIRECS;48807.0;5
815857;;;INTARIAN_PEPPER_ROOT;XIRECS;48807.0;7
818515;;;ASH_COATED_OSMIUM;XIRECS;10006.0;6
818579;;;INTARIAN_PEPPER_ROOT;XIRECS;48822.0;6
819391;;;INTARIAN_PEPPER_ROOT;XIRECS;48825.0;6
819949;;;INTARIAN_PEPPER_ROOT;XIRECS;48823.0;6
820940;;;ASH_COATED_OSMIUM;XIRECS;9996.0;2
821120;;;INTARIAN_PEPPER_ROOT;XIRECS;48812.0;4
821546;;;INTARIAN_PEPPER_ROOT;XIRECS;48814.0;8
822624;;;INTARIAN_PEPPER_ROOT;XIRECS;48830.0;4
822759;;;INTARIAN_PEPPER_ROOT;XIRECS;48811.0;5
823440;;;ASH_COATED_OSMIUM;XIRECS;10006.0;2
825116;;;INTARIAN_PEPPER_ROOT;XIRECS;48833.0;3
825548;;;INTARIAN_PEPPER_ROOT;XIRECS;48824.0;6
830568;;;ASH_COATED_OSMIUM;XIRECS;10003.0;2
832109;;;INTARIAN_PEPPER_ROOT;XIRECS;48840.0;5
832745;;;ASH_COATED_OSMIUM;XIRECS;10002.0;6
833291;;;ASH_COATED_OSMIUM;XIRECS;10009.0;3
833920;;;INTARIAN_PEPPER_ROOT;XIRECS;48840.0;3
836486;;;INTARIAN_PEPPER_ROOT;XIRECS;48845.0;3
836631;;;INTARIAN_PEPPER_ROOT;XIRECS;48845.0;8
836945;;;INTARIAN_PEPPER_ROOT;XIRECS;48829.0;7
836964;;;ASH_COATED_OSMIUM;XIRECS;9997.0;4
837399;;;INTARIAN_PEPPER_ROOT;XIRECS;48851.0;4
838806;;;INTARIAN_PEPPER_ROOT;XIRECS;48828.0;6
840885;;;INTARIAN_PEPPER_ROOT;XIRECS;48845.0;4
843799;;;ASH_COATED_OSMIUM;XIRECS;10000.0;4
845020;;;INTARIAN_PEPPER_ROOT;XIRECS;48841.0;7
848925;;;INTARIAN_PEPPER_ROOT;XIRECS;48856.0;5
850761;;;ASH_COATED_OSMIUM;XIRECS;10013.0;8
852296;;;ASH_COATED_OSMIUM;XIRECS;10001.0;2
852755;;;INTARIAN_PEPPER_ROOT;XIRECS;48860.0;7
855663;;;ASH_COATED_OSMIUM;XIRECS;10001.0;5
858112;;;ASH_COATED_OSMIUM;XIRECS;9991.0;6
859555;;;INTARIAN_PEPPER_ROOT;XIRECS;48851.0;6
860134;;;ASH_COATED_OSMIUM;XIRECS;10010.0;2
860672;;;INTARIAN_PEPPER_ROOT;XIRECS;48848.0;5
860707;;;ASH_COATED_OSMIUM;XIRECS;9992.0;4
861852;;;ASH_COATED_OSMIUM;XIRECS;9990.0;8
862296;;;ASH_COATED_OSMIUM;XIRECS;9982.0;7
865915;;;INTARIAN_PEPPER_ROOT;XIRECS;48860.0;6
866367;;;INTARIAN_PEPPER_ROOT;XIRECS;48857.0;8
869666;;;ASH_COATED_OSMIUM;XIRECS;10009.0;6
869686;;;INTARIAN_PEPPER_ROOT;XIRECS;48862.0;6
870102;;;INTARIAN_PEPPER_ROOT;XIRECS;48861.0;4
870525;;;ASH_COATED_OSMIUM;XIRECS;10008.0;5
871040;;;INTARIAN_PEPPER_ROOT;XIRECS;48878.0;7
871436;;;ASH_COATED_OSMIUM;XIRECS;9990.0;3
874846;;;ASH_COATED_OSMIUM;XIRECS;9998.0;3
874925;;;ASH_COATED_OSMIUM;XIRECS;9997.0;7
875190;;;ASH_COATED_OSMIUM;XIRECS;10014.0;3
876087;;;INTARIAN_PEPPER_ROOT;XIRECS;48881.0;6
876719;;;ASH_COATED_OSMIUM;XIRECS;10004.0;4
879098;;;ASH_COATED_OSMIUM;XIRECS;10008.0;7
879511;;;ASH_COATED_OSMIUM;XIRECS;10002.0;5
880458;;;ASH_COATED_OSMIUM;XIRECS;9984.0;8
880615;;;ASH_COATED_OSMIUM;XIRECS;10004.0;4
881328;;;INTARIAN_PEPPER_ROOT;XIRECS;48889.0;3
882781;;;ASH_COATED_OSMIUM;XIRECS;10001.0;4
886758;;;ASH_COATED_OSMIUM;XIRECS;9994.0;7
887686;;;ASH_COATED_OSMIUM;XIRECS;10004.0;4
889452;;;INTARIAN_PEPPER_ROOT;XIRECS;48896.0;6
889692;;;INTARIAN_PEPPER_ROOT;XIRECS;48884.0;5
891410;;;INTARIAN_PEPPER_ROOT;XIRECS;48903.0;5
892695;;;INTARIAN_PEPPER_ROOT;XIRECS;48898.0;7
896818;;;ASH_COATED_OSMIUM;XIRECS;9983.0;5
897073;;;ASH_COATED_OSMIUM;XIRECS;9991.0;10
898897;;;ASH_COATED_OSMIUM;XIRECS;9992.0;8
904024;;;INTARIAN_PEPPER_ROOT;XIRECS;48913.0;4
904653;;;ASH_COATED_OSMIUM;XIRECS;9989.0;5
905734;;;ASH_COATED_OSMIUM;XIRECS;10000.0;3
905804;;;INTARIAN_PEPPER_ROOT;XIRECS;48900.0;3
906151;;;INTARIAN_PEPPER_ROOT;XIRECS;48900.0;5
907390;;;ASH_COATED_OSMIUM;XIRECS;9995.0;5
909349;;;INTARIAN_PEPPER_ROOT;XIRECS;48902.0;4
911845;;;ASH_COATED_OSMIUM;XIRECS;10015.0;9
912904;;;ASH_COATED_OSMIUM;XIRECS;9991.0;3
913690;;;INTARIAN_PEPPER_ROOT;XIRECS;48920.0;3
915051;;;ASH_COATED_OSMIUM;XIRECS;9989.0;8
915186;;;ASH_COATED_OSMIUM;XIRECS;10001.0;9
916233;;;ASH_COATED_OSMIUM;XIRECS;10003.0;2
916621;;;ASH_COATED_OSMIUM;XIRECS;10009.0;3
918262;;;INTARIAN_PEPPER_ROOT;XIRECS;48909.0;6
919116;;;INTARIAN_PEPPER_ROOT;XIRECS;48910.0;4
921531;;;ASH_COATED_OSMIUM;XIRECS;9981.0;3
923499;;;INTARIAN_PEPPER_ROOT;XIRECS;48917.0;7
923667;;;ASH_COATED_OSMIUM;XIRECS;9995.0;6
923850;;;INTARIAN_PEPPER_ROOT;XIRECS;48931.0;7
924620;;;INTARIAN_PEPPER_ROOT;XIRECS;48919.0;3
926578;;;ASH_COATED_OSMIUM;XIRECS;9997.0;5
928102;;;ASH_COATED_OSMIUM;XIRECS;9989.0;6
928292;;;INTARIAN_PEPPER_ROOT;XIRECS;48926.0;7
930716;;;INTARIAN_PEPPER_ROOT;XIRECS;48938.0;3
930853;;;INTARIAN_PEPPER_ROOT;XIRECS;48925.0;8
933070;;;ASH_COATED_OSMIUM;XIRECS;10015.0;2
933580;;;INTARIAN_PEPPER_ROOT;XIRECS;48927.0;6
937182;;;ASH_COATED_OSMIUM;XIRECS;10010.0;5
938981;;;ASH_COATED_OSMIUM;XIRECS;10008.0;8
939165;;;INTARIAN_PEPPER_ROOT;XIRECS;48936.0;7
940141;;;INTARIAN_PEPPER_ROOT;XIRECS;48932.0;6
941386;;;ASH_COATED_OSMIUM;XIRECS;9997.0;3
941587;;;INTARIAN_PEPPER_ROOT;XIRECS;48933.0;6
942026;;;ASH_COATED_OSMIUM;XIRECS;9980.0;6
943079;;;ASH_COATED_OSMIUM;XIRECS;10007.0;2
943477;;;ASH_COATED_OSMIUM;XIRECS;9980.0;5
943641;;;ASH_COATED_OSMIUM;XIRECS;9989.0;3
944422;;;INTARIAN_PEPPER_ROOT;XIRECS;48936.0;5
944799;;;ASH_COATED_OSMIUM;XIRECS;9991.0;5
945340;;;ASH_COATED_OSMIUM;XIRECS;9988.0;2
947994;;;ASH_COATED_OSMIUM;XIRECS;10007.0;2
949635;;;INTARIAN_PEPPER_ROOT;XIRECS;48945.0;7
952158;;;INTARIAN_PEPPER_ROOT;XIRECS;48948.0;4
953772;;;ASH_COATED_OSMIUM;XIRECS;9996.0;2
958283;;;ASH_COATED_OSMIUM;XIRECS;9993.0;5
959394;;;INTARIAN_PEPPER_ROOT;XIRECS;48954.0;8
961423;;;ASH_COATED_OSMIUM;XIRECS;9987.0;2
961439;;;INTARIAN_PEPPER_ROOT;XIRECS;48965.0;6
962630;;;ASH_COATED_OSMIUM;XIRECS;9999.0;3
963568;;;ASH_COATED_OSMIUM;XIRECS;9994.0;5
964263;;;ASH_COATED_OSMIUM;XIRECS;10002.0;6
965172;;;INTARIAN_PEPPER_ROOT;XIRECS;48959.0;6
965244;;;INTARIAN_PEPPER_ROOT;XIRECS;48972.0;8
965428;;;ASH_COATED_OSMIUM;XIRECS;9991.0;6
967260;;;ASH_COATED_OSMIUM;XIRECS;9989.0;6
968263;;;ASH_COATED_OSMIUM;XIRECS;9992.0;5
969190;;;ASH_COATED_OSMIUM;XIRECS;10012.0;8
970576;;;INTARIAN_PEPPER_ROOT;XIRECS;48979.0;6
971731;;;ASH_COATED_OSMIUM;XIRECS;9988.0;3
972334;;;ASH_COATED_OSMIUM;XIRECS;10013.0;4
973280;;;ASH_COATED_OSMIUM;XIRECS;10008.0;6
973819;;;INTARIAN_PEPPER_ROOT;XIRECS;48967.0;3
975353;;;ASH_COATED_OSMIUM;XIRECS;9996.0;6
975988;;;ASH_COATED_OSMIUM;XIRECS;9991.0;9
978479;;;INTARIAN_PEPPER_ROOT;XIRECS;48970.0;8
979950;;;ASH_COATED_OSMIUM;XIRECS;9984.0;5
980120;;;ASH_COATED_OSMIUM;XIRECS;9992.0;3
986820;;;ASH_COATED_OSMIUM;XIRECS;9999.0;9
988216;;;ASH_COATED_OSMIUM;XIRECS;9986.0;6
988940;;;ASH_COATED_OSMIUM;XIRECS;10006.0;5
990830;;;INTARIAN_PEPPER_ROOT;XIRECS;48998.0;6
991715;;;INTARIAN_PEPPER_ROOT;XIRECS;48999.0;6
993550;;;ASH_COATED_OSMIUM;XIRECS;10005.0;3
993787;;;ASH_COATED_OSMIUM;XIRECS;9984.0;6
994918;;;ASH_COATED_OSMIUM;XIRECS;10011.0;6
998040;;;ASH_COATED_OSMIUM;XIRECS;9994.0;2