timestamp;buyer;seller;symbol;currency;price;quantity
134;;;INTARIAN_PEPPER_ROOT;XIRECS;15004.0;3
581;;;ASH_COATED_OSMIUM;XIRECS;10006.0;7
1341;;;INTARIAN_PEPPER_ROOT;XIRECS;15007.0;4
2425;;;ASH_COATED_OSMIUM;XIRECS;9992.0;4
2916;;;INTARIAN_PEPPER_ROOT;XIRECS;14997.0;6
3825;;;INTARIAN_PEPPER_ROOT;XIRECS;14998.0;5
4819;;;ASH_COATED_OSMIUM;XIRECS;9989.0;5
5763;;;ASH_COATED_OSMIUM;XIRECS;10008.0;2
6425;;;INTARIAN_PEPPER_ROOT;XIRECS;15005.0;5
7292;;;INTARIAN_PEPPER_ROOT;XIRECS;15016.0;6
9126;;;INTARIAN_PEPPER_ROOT;XIRECS;15016.0;3
10862;;;ASH_COATED_OSMIUM;XIRECS;10008.0;5
13261;;;INTARIAN_PEPPER_ROOT;XIRECS;15007.0;5
13815;;;ASH_COATED_OSMIUM;XIRECS;10011.0;4
14502;;;ASH_COATED_OSMIUM;XIRECS;9986.0;4
15685;;;INTARIAN_PEPPER_ROOT;XIRECS;15018.0;5
15806;;;INTARIAN_PEPPER_ROOT;XIRECS;15011.0;6
18036;;;INTARIAN_PEPPER_ROOT;XIRECS;15008.0;6
21561;;;ASH_COATED_OSMIUM;XIRECS;9987.0;5
23671;;;ASH_COATED_OSMIUM;XIRECS;9995.0;4
25491;;;ASH_COATED_OSMIUM;XIRECS;10006.0;5
27027;;;ASH_COATED_OSMIUM;XIRECS;9990.0;2
28577;;;INTARIAN_PEPPER_ROOT;XIRECS;15025.0;7
28598;;;ASH_COATED_OSMIUM;XIRECS;10007.0;4
30441;;;ASH_COATED_OSMIUM;XIRECS;10013.0;4
30836;;;ASH_COATED_OSMIUM;XIRECS;9990.0;4
36507;;;ASH_COATED_OSMIUM;XIRECS;9993.0;6
36848;;;ASH_COATED_OSMIUM;XIRECS;10005.0;10
36972;;;ASH_COATED_OSMIUM;XIRECS;9993.0;5
39392;;;ASH_COATED_OSMIUM;XIRECS;10002.0;5
40017;;;ASH_COATED_OSMIUM;XIRECS;10008.0;2
43177;;;ASH_COATED_OSMIUM;XIRECS;10006.0;4
43212;;;ASH_COATED_OSMIUM;XIRECS;9990.0;4
43260;;;ASH_COATED_OSMIUM;XIRECS;10006.0;9
43414;;;INTARIAN_PEPPER_ROOT;XIRECS;15036.0;7
46682;;;INTARIAN_PEPPER_ROOT;XIRECS;15051.0;4
47914;;;ASH_COATED_OSMIUM;XIRECS;9994.0;3
51774;;;ASH_COATED_OSMIUM;XIRECS;9995.0;2
52385;;;ASH_COATED_OSMIUM;XIRECS;9992.0;3
52872;;;ASH_COATED_OSMIUM;XIRECS;10010.0;2
53110;;;ASH_COATED_OSMIUM;XIRECS;9988.0;6
54276;;;ASH_COATED_OSMIUM;XIRECS;9994.0;2
54399;;;ASH_COATED_OSMIUM;XIRECS;10012.0;2
55295;;;INTARIAN_PEPPER_ROOT;XIRECS;15059.0;4
58221;;;ASH_COATED_OSMIUM;XIRECS;10007.0;6
59391;;;ASH_COATED_OSMIUM;XIRECS;10002.0;6
60241;;;INTARIAN_PEPPER_ROOT;XIRECS;15063.0;6
61027;;;INTARIAN_PEPPER_ROOT;XIRECS;15070.0;7
61954;;;INTARIAN_PEPPER_ROOT;XIRECS;15054.0;6
62062;;;ASH_COATED_OSMIUM;XIRECS;9991.0;5
64614;;;ASH_COATED_OSMIUM;XIRECS;9990.0;4
68817;;;INTARIAN_PEPPER_ROOT;XIRECS;15079.0;7
69052;;;INTARIAN_PEPPER_ROOT;XIRECS;15058.0;6
69770;;;ASH_COATED_OSMIUM;XIRECS;10007.0;9
70295;;;ASH_COATED_OSMIUM;XIRECS;9986.0;4
70472;;;INTARIAN_PEPPER_ROOT;XIRECS;15062.0;6
70514;;;ASH_COATED_OSMIUM;XIRECS;9991.0;4
70797;;;ASH_COATED_OSMIUM;XIRECS;10001.0;9
71435;;;ASH_COATED_OSMIUM;XIRECS;10002.0;2
72294;;;ASH_COATED_OSMIUM;XIRECS;9991.0;6
73685;;;INTARIAN_PEPPER_ROOT;XIRECS;15067.0;8
74544;;;INTARIAN_PEPPER_ROOT;XIRECS;15073.0;5
75669;;;INTARIAN_PEPPER_ROOT;XIRECS;15082.0;7
77584;;;INTARIAN_PEPPER_ROOT;XIRECS;15074.0;5
78926;;;ASH_COATED_OSMIUM;XIRECS;10008.0;6
79829;;;ASH_COATED_OSMIUM;XIRECS;9987.0;7
82266;;;ASH_COATED_OSMIUM;XIRECS;9988.0;6
83370;;;INTARIAN_PEPPER_ROOT;XIRECS;15076.0;6
84777;;;INTARIAN_PEPPER_ROOT;XIRECS;15090.0;7
84945;;;ASH_COATED_OSMIUM;XIRECS;10007.0;2
85215;;;INTARIAN_PEPPER_ROOT;XIRECS;15095.0;4
85621;;;ASH_COATED_OSMIUM;XIRECS;9985.0;10
86018;;;ASH_COATED_OSMIUM;XIRECS;9985.0;5
87169;;;ASH_COATED_OSMIUM;XIRECS;9985.0;2
90974;;;ASH_COATED_OSMIUM;XIRECS;9985.0;5
91185;;;ASH_COATED_OSMIUM;XIRECS;10005.0;2
95217;;;ASH_COATED_OSMIUM;XIRECS;9991.0;5
96716;;;ASH_COATED_OSMIUM;XIRECS;10010.0;5
96845;;;ASH_COATED_OSMIUM;XIRECS;9998.0;6
98030;;;INTARIAN_PEPPER_ROOT;XIRECS;15107.0;6
99139;;;ASH_COATED_OSMIUM;XIRECS;9994.0;2
99373;;;INTARIAN_PEPPER_ROOT;XIRECS;15089.0;7
101437;;;ASH_COATED_OSMIUM;XIRECS;9998.0;2
107766;;;INTARIAN_PEPPER_ROOT;XIRECS;15115.0;7
108322;;;ASH_COATED_OSMIUM;XIRECS;9993.0;7
113018;;;ASH_COATED_OSMIUM;XIRECS;10016.0;9
113743;;;INTARIAN_PEPPER_ROOT;XIRECS;15112.0;7
115377;;;ASH_COATED_OSMIUM;XIRECS;10012.0;9
115547;;;ASH_COATED_OSMIUM;XIRECS;10001.0;5
116228;;;INTARIAN_PEPPER_ROOT;XIRECS;15106.0;6
121075;;;INTARIAN_PEPPER_ROOT;XIRECS;15130.0;6
121413;;;INTARIAN_PEPPER_ROOT;XIRECS;15116.0;3
123653;;;INTARIAN_PEPPER_ROOT;XIRECS;15117.0;3
129052;;;INTARIAN_PEPPER_ROOT;XIRECS;15136.0;2
130440;;;INTARIAN_PEPPER_ROOT;XIRECS;15136.0;3
132216;;;ASH_COATED_OSMIUM;XIRECS;10012.0;5
134239;;;ASH_COATED_OSMIUM;XIRECS;9995.0;2
135293;;;ASH_COATED_OSMIUM;XIRECS;10000.0;8
139507;;;INTARIAN_PEPPER_ROOT;XIRECS;15136.0;3
139593;;;INTARIAN_PEPPER_ROOT;XIRECS;15147.0;4
142322;;;ASH_COATED_OSMIUM;XIRECS;10006.0;8
143720;;;INTARIAN_PEPPER_ROOT;XIRECS;15136.0;7
144633;;;INTARIAN_PEPPER_ROOT;XIRECS;15141.0;3
145331;;;INTARIAN_PEPPER_ROOT;XIRECS;15149.0;3
145774;;;INTARIAN_PEPPER_ROOT;XIRECS;15140.0;5
150634;;;INTARIAN_PEPPER_ROOT;XIRECS;15161.0;3
153753;;;ASH_COATED_OSMIUM;XIRECS;10010.0;9
156207;;;INTARIAN_PEPPER_ROOT;XIRECS;15159.0;6
156258;;;INTARIAN_PEPPER_ROOT;XIRECS;15159.0;7
157518;;;ASH_COATED_OSMIUM;XIRECS;9994.0;8
159221;;;ASH_COATED_OSMIUM;XIRECS;10016.0;7
161299;;;INTARIAN_PEPPER_ROOT;XIRECS;15172.0;7
161766;;;ASH_COATED_OSMIUM;XIRECS;10017.0;3
165891;;;INTARIAN_PEPPER_ROOT;XIRECS;15175.0;6
168276;;;ASH_COATED_OSMIUM;XIRECS;9995.0;2
170259;;;ASH_COATED_OSMIUM;XIRECS;10007.0;3
170360;;;INTARIAN_PEPPER_ROOT;XIRECS;15161.0;4
172376;;;ASH_COATED_OSMIUM;XIRECS;10006.0;4
172644;;;ASH_COATED_OSMIUM;XIRECS;10012.0;9
174242;;;ASH_COATED_OSMIUM;XIRECS;10006.0;6
175074;;;ASH_COATED_OSMIUM;XIRECS;9994.0;5
175199;;;ASH_COATED_OSMIUM;XIRECS;10005.0;7
176845;;;INTARIAN_PEPPER_ROOT;XIRECS;15165.0;3
180192;;;ASH_COATED_OSMIUM;XIRECS;9986.0;4
182118;;;ASH_COATED_OSMIUM;XIRECS;9987.0;6
183173;;;INTARIAN_PEPPER_ROOT;XIRECS;15175.0;5
183834;;;ASH_COATED_OSMIUM;XIRECS;9985.0;6
187564;;;ASH_COATED_OSMIUM;XIRECS;10008.0;4
189032;;;INTARIAN_PEPPER_ROOT;XIRECS;15183.0;5
189172;;;INTARIAN_PEPPER_ROOT;XIRECS;15195.0;4
189694;;;ASH_COATED_OSMIUM;XIRECS;9989.0;4
190093;;;ASH_COATED_OSMIUM;XIRECS;9999.0;3
191725;;;ASH_COATED_OSMIUM;XIRECS;10006.0;7
191733;;;INTARIAN_PEPPER_ROOT;XIRECS;15199.0;5
191879;;;INTARIAN_PEPPER_ROOT;XIRECS;15185.0;8
193321;;;ASH_COATED_OSMIUM;XIRECS;9989.0;3
194975;;;INTARIAN_PEPPER_ROOT;XIRECS;15194.0;3
196391;;;INTARIAN_PEPPER_ROOT;XIRECS;15191.0;5
197052;;;INTARIAN_PEPPER_ROOT;XIRECS;15191.0;5
198416;;;ASH_COATED_OSMIUM;XIRECS;9999.0;5
199597;;;INTARIAN_PEPPER_ROOT;XIRECS;15202.0;3
199632;;;ASH_COATED_OSMIUM;XIRECS;10007.0;5
203066;;;INTARIAN_PEPPER_ROOT;XIRECS;15199.0;7
203142;;;ASH_COATED_OSMIUM;XIRECS;9985.0;8
203423;;;INTARIAN_PEPPER_ROOT;XIRECS;15197.0;8
204130;;;INTARIAN_PEPPER_ROOT;XIRECS;15210.0;3
207074;;;INTARIAN_PEPPER_ROOT;XIRECS;15200.0;7
210590;;;ASH_COATED_OSMIUM;XIRECS;10007.0;7
211068;;;ASH_COATED_OSMIUM;XIRECS;10005.0;9
211745;;;ASH_COATED_OSMIUM;XIRECS;10007.0;6
211850;;;ASH_COATED_OSMIUM;XIRECS;10000.0;4
212108;;;INTARIAN_PEPPER_ROOT;XIRECS;15215.0;6
212921;;;INTARIAN_PEPPER_ROOT;XIRECS;15206.0;7
214528;;;ASH_COATED_OSMIUM;XIRECS;10009.0;7
216023;;;ASH_COATED_OSMIUM;XIRECS;10013.0;5
216772;;;INTARIAN_PEPPER_ROOT;XIRECS;15214.0;3
216980;;;INTARIAN_PEPPER_ROOT;XIRECS;15213.0;6
218071;;;INTARIAN_PEPPER_ROOT;XIRECS;15233.0;3
218735;;;INTARIAN_PEPPER_ROOT;XIRECS;15227.0;6
221964;;;ASH_COATED_OSMIUM;XIRECS;9991.0;5
223062;;;ASH_COATED_OSMIUM;XIRECS;9991.0;10
223314;;;INTARIAN_PEPPER_ROOT;XIRECS;15215.0;6
225757;;;INTARIAN_PEPPER_ROOT;XIRECS;15229.0;3
226079;;;ASH_COATED_OSMIUM;XIRECS;10010.0;3
229435;;;ASH_COATED_OSMIUM;XIRECS;10016.0;6
230006;;;INTARIAN_PEPPER_ROOT;XIRECS;15219.0;6
232924;;;ASH_COATED_OSMIUM;XIRECS;10009.0;7
233648;;;ASH_COATED_OSMIUM;XIRECS;10007.0;2
233990;;;ASH_COATED_OSMIUM;XIRECS;9997.0;5
235366;;;INTARIAN_PEPPER_ROOT;XIRECS;15241.0;4
236767;;;INTARIAN_PEPPER_ROOT;XIRECS;15243.0;4
236945;;;ASH_COATED_OSMIUM;XIRECS;10002.0;4
237903;;;INTARIAN_PEPPER_ROOT;XIRECS;15239.0;3
240074;;;INTARIAN_PEPPER_ROOT;XIRECS;15249.0;3
241052;;;ASH_COATED_OSMIUM;XIRECS;10001.0;6
243183;;;ASH_COATED_OSMIUM;XIRECS;10008.0;10
244319;;;ASH_COATED_OSMIUM;XIRECS;9993.0;5
246678;;;ASH_COATED_OSMIUM;XIRECS;10011.0;3
246736;;;ASH_COATED_OSMIUM;XIRECS;9990.0;9
251810;;;INTARIAN_PEPPER_ROOT;XIRECS;15244.0;5
252621;;;ASH_COATED_OSMIUM;XIRECS;9996.0;5
252676;;;INTARIAN_PEPPER_ROOT;XIRECS;15250.0;4
254122;;;ASH_COATED_OSMIUM;XIRECS;9991.0;6
254665;;;INTARIAN_PEPPER_ROOT;XIRECS;15259.0;6
256290;;;ASH_COATED_OSMIUM;XIRECS;9995.0;6
256311;;;ASH_COATED_OSMIUM;XIRECS;10013.0;2
256384;;;INTARIAN_PEPPER_ROOT;XIRECS;15263.0;5
258073;;;ASH_COATED_OSMIUM;XIRECS;9992.0;2
258453;;;INTARIAN_PEPPER_ROOT;XIRECS;15248.0;6
263836;;;ASH_COATED_OSMIUM;XIRECS;10006.0;3
263844;;;ASH_COATED_OSMIUM;XIRECS;9990.0;9
263950;;;ASH_COATED_OSMIUM;XIRECS;10006.0;10
265109;;;ASH_COATED_OSMIUM;XIRECS;9994.0;6
266359;;;ASH_COATED_OSMIUM;XIRECS;10014.0;9
266525;;;INTARIAN_PEPPER_ROOT;XIRECS;15262.0;6
267329;;;INTARIAN_PEPPER_ROOT;XIRECS;15263.0;7
270442;;;INTARIAN_PEPPER_ROOT;XIRECS;15262.0;3
273011;;;ASH_COATED_OSMIUM;XIRECS;10009.0;3
275067;;;INTARIAN_PEPPER_ROOT;XIRECS;15272.0;4
276013;;;ASH_COATED_OSMIUM;XIRECS;10009.0;8
276366;;;INTARIAN_PEPPER_ROOT;XIRECS;15268.0;6
278408;;;INTARIAN_PEPPER_ROOT;XIRECS;15269.0;6
279132;;;INTARIAN_PEPPER_ROOT;XIRECS;15274.0;4
280004;;;ASH_COATED_OSMIUM;XIRECS;9996.0;6
280583;;;ASH_COATED_OSMIUM;XIRECS;10013.0;2
281769;;;ASH_COATED_OSMIUM;XIRECS;10001.0;9
283777;;;ASH_COATED_OSMIUM;XIRECS;10014.0;9
286845;;;INTARIAN_PEPPER_ROOT;XIRECS;15279.0;3
287051;;;ASH_COATED_OSMIUM;XIRECS;10013.0;3
287911;;;ASH_COATED_OSMIUM;XIRECS;10018.0;6
291753;;;INTARIAN_PEPPER_ROOT;XIRECS;15283.0;5
293109;;;ASH_COATED_OSMIUM;XIRECS;10013.0;3
295594;;;ASH_COATED_OSMIUM;XIRECS;9997.0;5
296140;;;ASH_COATED_OSMIUM;XIRECS;10020.0;5
297847;;;ASH_COATED_OSMIUM;XIRECS;10006.0;9
298068;;;ASH_COATED_OSMIUM;XIRECS;9997.0;6
299315;;;INTARIAN_PEPPER_ROOT;XIRECS;15304.0;7
300419;;;ASH_COATED_OSMIUM;XIRECS;10018.0;7
301358;;;ASH_COATED_OSMIUM;XIRECS;10005.0;10
302541;;;ASH_COATED_OSMIUM;XIRECS;10011.0;5
302687;;;ASH_COATED_OSMIUM;XIRECS;10013.0;5
303514;;;INTARIAN_PEPPER_ROOT;XIRECS;15298.0;7
304244;;;INTARIAN_PEPPER_ROOT;XIRECS;15308.0;7
304515;;;ASH_COATED_OSMIUM;XIRECS;9997.0;3
305093;;;INTARIAN_PEPPER_ROOT;XIRECS;15306.0;4
306033;;;ASH_COATED_OSMIUM;XIRECS;9992.0;3
307308;;;INTARIAN_PEPPER_ROOT;XIRECS;15316.0;5
307859;;;INTARIAN_PEPPER_ROOT;XIRECS;15294.0;6
308349;;;ASH_COATED_OSMIUM;XIRECS;10009.0;4
310612;;;INTARIAN_PEPPER_ROOT;XIRECS;15318.0;4
311970;;;ASH_COATED_OSMIUM;XIRECS;10008.0;3
313893;;;ASH_COATED_OSMIUM;XIRECS;10006.0;6
316470;;;ASH_COATED_OSMIUM;XIRECS;9996.0;8
319068;;;ASH_COATED_OSMIUM;XIRECS;9987.0;3
322461;;;ASH_COATED_OSMIUM;XIRECS;9987.0;5
322600;;;INTARIAN_PEPPER_ROOT;XIRECS;15315.0;3
322983;;;ASH_COATED_OSMIUM;XIRECS;9993.0;5
324906;;;ASH_COATED_OSMIUM;XIRECS;9994.0;4
325764;;;INTARIAN_PEPPER_ROOT;XIRECS;15330.0;6
327071;;;INTARIAN_PEPPER_ROOT;XIRECS;15330.0;7
333834;;;INTARIAN_PEPPER_ROOT;XIRECS;15329.0;8
333894;;;ASH_COATED_OSMIUM;XIRECS;10011.0;6
334664;;;INTARIAN_PEPPER_ROOT;XIRECS;15327.0;7
335224;;;INTARIAN_PEPPER_ROOT;XIRECS;15327.0;4
336218;;;ASH_COATED_OSMIUM;XIRECS;10002.0;5
336717;;;INTARIAN_PEPPER_ROOT;XIRECS;15330.0;6
340281;;;INTARIAN_PEPPER_ROOT;XIRECS;15347.0;5
342726;;;INTARIAN_PEPPER_ROOT;XIRECS;15350.0;3
343420;;;ASH_COATED_OSMIUM;XIRECS;10008.0;5
343519;;;INTARIAN_PEPPER_ROOT;XIRECS;15347.0;5
343878;;;INTARIAN_PEPPER_ROOT;XIRECS;15345.0;7
343944;;;INTARIAN_PEPPER_ROOT;XIRECS;15350.0;6
345081;;;INTARIAN_PEPPER_ROOT;XIRECS;15337.0;6
345916;;;ASH_COATED_OSMIUM;XIRECS;9987.0;6
345928;;;ASH_COATED_OSMIUM;XIRECS;10005.0;5
347485;;;INTARIAN_PEPPER_ROOT;XIRECS;15345.0;4
348705;;;ASH_COATED_OSMIUM;XIRECS;10009.0;5
350351;;;INTARIAN_PEPPER_ROOT;XIRECS;15355.0;6
351187;;;ASH_COATED_OSMIUM;XIRECS;9994.0;3
354199;;;INTARIAN_PEPPER_ROOT;XIRECS;15344.0;6
354384;;;INTARIAN_PEPPER_ROOT;XIRECS;15359.0;5
355967;;;INTARIAN_PEPPER_ROOT;XIRECS;15346.0;6
357885;;;ASH_COATED_OSMIUM;XIRECS;10005.0;9
358139;;;ASH_COATED_OSMIUM;XIRECS;10010.0;5
358783;;;INTARIAN_PEPPER_ROOT;XIRECS;15350.0;8
360433;;;INTARIAN_PEPPER_ROOT;XIRECS;15368.0;7
363295;;;ASH_COATED_OSMIUM;XIRECS;9993.0;4
363958;;;ASH_COATED_OSMIUM;XIRECS;10012.0;3
365814;;;INTARIAN_PEPPER_ROOT;XIRECS;15375.0;4
365899;;;ASH_COATED_OSMIUM;XIRECS;9995.0;7
365901;;;ASH_COATED_OSMIUM;XIRECS;9990.0;6
367033;;;ASH_COATED_OSMIUM;XIRECS;9996.0;5
369240;;;INTARIAN_PEPPER_ROOT;XIRECS;15360.0;6
370039;;;ASH_COATED_OSMIUM;XIRECS;10011.0;6
370311;;;ASH_COATED_OSMIUM;XIRECS;10011.0;9
370329;;;INTARIAN_PEPPER_ROOT;XIRECS;15377.0;7
372470;;;INTARIAN_PEPPER_ROOT;XIRECS;15381.0;5
377695;;;INTARIAN_PEPPER_ROOT;XIRECS;15383.0;7
378287;;;ASH_COATED_OSMIUM;XIRECS;10012.0;5
379748;;;ASH_COATED_OSMIUM;XIRECS;10012.0;3
379932;;;ASH_COATED_OSMIUM;XIRECS;9999.0;4
381582;;;ASH_COATED_OSMIUM;XIRECS;10009.0;4
381761;;;ASH_COATED_OSMIUM;XIRECS;10010.0;4
383682;;;ASH_COATED_OSMIUM;XIRECS;10014.0;5
384765;;;ASH_COATED_OSMIUM;XIRECS;9997.0;4
387406;;;ASH_COATED_OSMIUM;XIRECS;9998.0;7
387486;;;INTARIAN_PEPPER_ROOT;XIRECS;15384.0;7
387708;;;ASH_COATED_OSMIUM;XIRECS;10002.0;4
388088;;;ASH_COATED_OSMIUM;XIRECS;10007.0;2
390079;;;ASH_COATED_OSMIUM;XIRECS;10010.0;6
391469;;;ASH_COATED_OSMIUM;XIRECS;9993.0;9
392510;;;ASH_COATED_OSMIUM;XIRECS;9992.0;3
393756;;;ASH_COATED_OSMIUM;XIRECS;10012.0;9
394373;;;ASH_COATED_OSMIUM;XIRECS;10016.0;3
394600;;;INTARIAN_PEPPER_ROOT;XIRECS;15390.0;8
397368;;;INTARIAN_PEPPER_ROOT;XIRECS;15403.0;5
397836;;;INTARIAN_PEPPER_ROOT;XIRECS;15407.0;7
399807;;;INTARIAN_PEPPER_ROOT;XIRECS;15391.0;4
400304;;;INTARIAN_PEPPER_ROOT;XIRECS;15401.0;3
402899;;;ASH_COATED_OSMIUM;XIRECS;10015.0;5
406858;;;ASH_COATED_OSMIUM;XIRECS;10007.0;6
407057;;;INTARIAN_PEPPER_ROOT;XIRECS;15401.0;5
407343;;;INTARIAN_PEPPER_ROOT;XIRECS;15415.0;4
409935;;;INTARIAN_PEPPER_ROOT;XIRECS;15405.0;3
410442;;;ASH_COATED_OSMIUM;XIRECS;10007.0;7
411263;;;ASH_COATED_OSMIUM;XIRECS;9992.0;6
411568;;;INTARIAN_PEPPER_ROOT;XIRECS;15416.0;3
412814;;;ASH_COATED_OSMIUM;XIRECS;10013.0;5
412971;;;INTARIAN_PEPPER_ROOT;XIRECS;15404.0;6
412987;;;INTARIAN_PEPPER_ROOT;XIRECS;15416.0;7
414345;;;ASH_COATED_OSMIUM;XIRECS;9999.0;6
415697;;;INTARIAN_PEPPER_ROOT;XIRECS;15408.0;5
417001;;;INTARIAN_PEPPER_ROOT;XIRECS;15410.0;3
417298;;;ASH_COATED_OSMIUM;XIRECS;9994.0;5
419587;;;ASH_COATED_OSMIUM;XIRECS;10010.0;3
420089;;;ASH_COATED_OSMIUM;XIRECS;10008.0;3
420724;;;ASH_COATED_OSMIUM;XIRECS;10013.0;5
424455;;;ASH_COATED_OSMIUM;XIRECS;10001.0;2
424877;;;INTARIAN_PEPPER_ROOT;XIRECS;15431.0;5
425098;;;ASH_COATED_OSMIUM;XIRECS;10000.0;6
428036;;;ASH_COATED_OSMIUM;XIRECS;9996.0;6
428130;;;ASH_COATED_OSMIUM;XIRECS;10010.0;9
429343;;;ASH_COATED_OSMIUM;XIRECS;10007.0;4
432878;;;ASH_COATED_OSMIUM;XIRECS;9991.0;5
433103;;;ASH_COATED_OSMIUM;XIRECS;9999.0;10
433442;;;ASH_COATED_OSMIUM;XIRECS;9999.0;10
433493;;;ASH_COATED_OSMIUM;XIRECS;10015.0;5
434351;;;ASH_COATED_OSMIUM;XIRECS;9999.0;6
436144;;;ASH_COATED_OSMIUM;XIRECS;9993.0;3
436280;;;ASH_COATED_OSMIUM;XIRECS;10015.0;5
440880;;;ASH_COATED_OSMIUM;XIRECS;10001.0;6
440909;;;ASH_COATED_OSMIUM;XIRECS;10018.0;8
443723;;;ASH_COATED_OSMIUM;XIRECS;10013.0;3
444668;;;ASH_COATED_OSMIUM;XIRECS;10009.0;6
447089;;;INTARIAN_PEPPER_ROOT;XIRECS;15441.0;6
448262;;;INTARIAN_PEPPER_ROOT;XIRECS;15455.0;5
449063;;;ASH_COATED_OSMIUM;XIRECS;10009.0;10
449940;;;INTARIAN_PEPPER_ROOT;XIRECS;15442.0;6
451033;;;INTARIAN_PEPPER_ROOT;XIRECS;15456.0;6
451620;;;ASH_COATED_OSMIUM;XIRECS;9996.0;2
456785;;;ASH_COATED_OSMIUM;XIRECS;9996.0;3
456890;;;ASH_COATED_OSMIUM;XIRECS;9998.0;3
456920;;;ASH_COATED_OSMIUM;XIRECS;9997.0;4
467628;;;INTARIAN_PEPPER_ROOT;XIRECS;15462.0;3
468860;;;ASH_COATED_OSMIUM;XIRECS;10018.0;9
468939;;;INTARIAN_PEPPER_ROOT;XIRECS;15479.0;5
470674;;;ASH_COATED_OSMIUM;XIRECS;10017.0;5
471890;;;INTARIAN_PEPPER_ROOT;XIRECS;15475.0;5
473657;;;ASH_COATED_OSMIUM;XIRECS;10018.0;4
474900;;;ASH_COATED_OSMIUM;XIRECS;10011.0;2
475745;;;ASH_COATED_OSMIUM;XIRECS;10003.0;5
475884;;;INTARIAN_PEPPER_ROOT;XIRECS;15471.0;6
479093;;;ASH_COATED_OSMIUM;XIRECS;10017.0;4
480268;;;INTARIAN_PEPPER_ROOT;XIRECS;15482.0;7
480755;;;ASH_COATED_OSMIUM;XIRECS;9995.0;9
482088;;;ASH_COATED_OSMIUM;XIRECS;10000.0;5
483131;;;ASH_COATED_OSMIUM;XIRECS;9991.0;4
484225;;;INTARIAN_PEPPER_ROOT;XIRECS;15494.0;6
484410;;;ASH_COATED_OSMIUM;XIRECS;9988.0;6
485707;;;ASH_COATED_OSMIUM;XIRECS;9996.0;5
485889;;;INTARIAN_PEPPER_ROOT;XIRECS;15492.0;3
487368;;;INTARIAN_PEPPER_ROOT;XIRECS;15496.0;7
489006;;;ASH_COATED_OSMIUM;XIRECS;10006.0;4
491005;;;INTARIAN_PEPPER_ROOT;XIRECS;15498.0;3
491134;;;ASH_COATED_OSMIUM;XIRECS;9990.0;10
491882;;;ASH_COATED_OSMIUM;XIRECS;10012.0;5
492475;;;ASH_COATED_OSMIUM;XIRECS;9995.0;4
496927;;;INTARIAN_PEPPER_ROOT;XIRECS;15491.0;8
497886;;;ASH_COATED_OSMIUM;XIRECS;9995.0;6
498231;;;INTARIAN_PEPPER_ROOT;XIRECS;15494.0;6
498362;;;INTARIAN_PEPPER_ROOT;XIRECS;15489.0;7
498481;;;INTARIAN_PEPPER_ROOT;XIRECS;15491.0;3
504093;;;ASH_COATED_OSMIUM;XIRECS;10005.0;7
506251;;;ASH_COATED_OSMIUM;XIRECS;9988.0;4
508428;;;INTARIAN_PEPPER_ROOT;XIRECS;15510.0;7
509292;;;ASH_COATED_OSMIUM;XIRECS;10010.0;9
511634;;;ASH_COATED_OSMIUM;XIRECS;10007.0;6
512547;;;ASH_COATED_OSMIUM;XIRECS;10008.0;4
512816;;;ASH_COATED_OSMIUM;XIRECS;10007.0;6
513557;;;ASH_COATED_OSMIUM;XIRECS;10006.0;3
514236;;;INTARIAN_PEPPER_ROOT;XIRECS;15510.0;5
516171;;;ASH_COATED_OSMIUM;XIRECS;10006.0;4
516948;;;ASH_COATED_OSMIUM;XIRECS;9987.0;4
521903;;;ASH_COATED_OSMIUM;XIRECS;10009.0;5
522374;;;INTARIAN_PEPPER_ROOT;XIRECS;15515.0;5
524023;;;INTARIAN_PEPPER_ROOT;XIRECS;15518.0;6
525827;;;ASH_COATED_OSMIUM;XIRECS;9986.0;2
526261;;;ASH_COATED_OSMIUM;XIRECS;9985.0;4
527213;;;ASH_COATED_OSMIUM;XIRECS;10006.0;3
527834;;;ASH_COATED_OSMIUM;XIRECS;10004.0;3
528673;;;ASH_COATED_OSMIUM;XIRECS;10008.0;5
529007;;;INTARIAN_PEPPER_ROOT;XIRECS;15537.0;7
529565;;;ASH_COATED_OSMIUM;XIRECS;10008.0;3
531674;;;INTARIAN_PEPPER_ROOT;XIRECS;15535.0;4
532846;;;ASH_COATED_OSMIUM;XIRECS;10001.0;7
533748;;;ASH_COATED_OSMIUM;XIRECS;10006.0;2
533768;;;ASH_COATED_OSMIUM;XIRECS;10006.0;5
535735;;;ASH_COATED_OSMIUM;XIRECS;9991.0;3
537905;;;INTARIAN_PEPPER_ROOT;XIRECS;15543.0;5
540251;;;ASH_COATED_OSMIUM;XIRECS;9989.0;7
541046;;;ASH_COATED_OSMIUM;XIRECS;10001.0;7
542018;;;INTARIAN_PEPPER_ROOT;XIRECS;15548.0;3
542717;;;ASH_COATED_OSMIUM;XIRECS;10000.0;3
544785;;;ASH_COATED_OSMIUM;XIRECS;9986.0;10
547717;;;ASH_COATED_OSMIUM;XIRECS;9986.0;2
549857;;;INTARIAN_PEPPER_ROOT;XIRECS;15557.0;7
549965;;;ASH_COATED_OSMIUM;XIRECS;9994.0;9
551453;;;ASH_COATED_OSMIUM;XIRECS;10004.0;5
551593;;;ASH_COATED_OSMIUM;XIRECS;10009.0;2
551902;;;ASH_COATED_OSMIUM;XIRECS;10004.0;4
558987;;;INTARIAN_PEPPER_ROOT;XIRECS;15552.0;7
558997;;;INTARIAN_PEPPER_ROOT;XIRECS;15552.0;6
559799;;;INTARIAN_PEPPER_ROOT;XIRECS;15567.0;5
562169;;;ASH_COATED_OSMIUM;XIRECS;10001.0;6
563014;;;ASH_COATED_OSMIUM;XIRECS;9984.0;6
565658;;;ASH_COATED_OSMIUM;XIRECS;9983.0;6
566454;;;INTARIAN_PEPPER_ROOT;XIRECS;15559.0;5
567819;;;INTARIAN_PEPPER_ROOT;XIRECS;15560.0;5
568081;;;ASH_COATED_OSMIUM;XIRECS;10002.0;4
570146;;;INTARIAN_PEPPER_ROOT;XIRECS;15579.0;5
570214;;;INTARIAN_PEPPER_ROOT;XIRECS;15577.0;4
571639;;;INTARIAN_PEPPER_ROOT;XIRECS;15577.0;3
573594;;;INTARIAN_PEPPER_ROOT;XIRECS;15569.0;4
573861;;;ASH_COATED_OSMIUM;XIRECS;9982.0;2
574517;;;ASH_COATED_OSMIUM;XIRECS;10006.0;6
577185;;;INTARIAN_PEPPER_ROOT;XIRECS;15583.0;6
578166;;;ASH_COATED_OSMIUM;XIRECS;10000.0;2
585178;;;INTARIAN_PEPPER_ROOT;XIRECS;15576.0;6
586764;;;ASH_COATED_OSMIUM;XIRECS;9999.0;6
589644;;;ASH_COATED_OSMIUM;XIRECS;9977.0;6
590200;;;ASH_COATED_OSMIUM;XIRECS;9995.0;9
593808;;;ASH_COATED_OSMIUM;XIRECS;9982.0;2
594663;;;ASH_COATED_OSMIUM;XIRECS;9997.0;9
599421;;;INTARIAN_PEPPER_ROOT;XIRECS;15591.0;3
600073;;;INTARIAN_PEPPER_ROOT;XIRECS;15608.0;8
600272;;;ASH_COATED_OSMIUM;XIRECS;10005.0;6
603833;;;ASH_COATED_OSMIUM;XIRECS;10002.0;6
604357;;;INTARIAN_PEPPER_ROOT;XIRECS;15611.0;7
607669;;;INTARIAN_PEPPER_ROOT;XIRECS;15612.0;5
609289;;;INTARIAN_PEPPER_ROOT;XIRECS;15612.0;4
610078;;;ASH_COATED_OSMIUM;XIRECS;9985.0;9
611030;;;INTARIAN_PEPPER_ROOT;XIRECS;15615.0;4
611443;;;INTARIAN_PEPPER_ROOT;XIRECS;15607.0;3
612041;;;ASH_COATED_OSMIUM;XIRECS;9999.0;10
612618;;;INTARIAN_PEPPER_ROOT;XIRECS;15607.0;4
616180;;;INTARIAN_PEPPER_ROOT;XIRECS;15624.0;6
616259;;;INTARIAN_PEPPER_ROOT;XIRECS;15609.0;6
619658;;;INTARIAN_PEPPER_ROOT;XIRECS;15614.0;5
619875;;;ASH_COATED_OSMIUM;XIRECS;10005.0;5
620569;;;ASH_COATED_OSMIUM;XIRECS;9980.0;5
621084;;;INTARIAN_PEPPER_ROOT;XIRECS;15614.0;4
621785;;;ASH_COATED_OSMIUM;XIRECS;9982.0;6
625547;;;INTARIAN_PEPPER_ROOT;XIRECS;15635.0;4
625702;;;INTARIAN_PEPPER_ROOT;XIRECS;15627.0;3
625787;;;ASH_COATED_OSMIUM;XIRECS;9984.0;7
626423;;;ASH_COATED_OSMIUM;XIRECS;9995.0;3
630037;;;ASH_COATED_OSMIUM;XIRECS;9999.0;9
631165;;;INTARIAN_PEPPER_ROOT;XIRECS;15637.0;7
631199;;;ASH_COATED_OSMIUM;XIRECS;9981.0;6
641167;;;ASH_COATED_OSMIUM;XIRECS;10003.0;3
641847;;;ASH_COATED_OSMIUM;XIRECS;10006.0;5
642325;;;ASH_COATED_OSMIUM;XIRECS;10000.0;2
643601;;;ASH_COATED_OSMIUM;XIRECS;9989.0;6
643678;;;INTARIAN_PEPPER_ROOT;XIRECS;15653.0;7
645419;;;ASH_COATED_OSMIUM;XIRECS;10005.0;6
647642;;;INTARIAN_PEPPER_ROOT;XIRECS;15642.0;6
647706;;;ASH_COATED_OSMIUM;XIRECS;9983.0;9
648164;;;INTARIAN_PEPPER_ROOT;XIRECS;15658.0;3
650341;;;INTARIAN_PEPPER_ROOT;XIRECS;15659.0;3
653649;;;INTARIAN_PEPPER_ROOT;XIRECS;15648.0;3
653679;;;INTARIAN_PEPPER_ROOT;XIRECS;15661.0;4
654636;;;ASH_COATED_OSMIUM;XIRECS;10005.0;2
654955;;;ASH_COATED_OSMIUM;XIRECS;9983.0;5
656981;;;ASH_COATED_OSMIUM;XIRECS;9990.0;4
659619;;;ASH_COATED_OSMIUM;XIRECS;10002.0;5
660039;;;INTARIAN_PEPPER_ROOT;XIRECS;15664.0;3
663129;;;ASH_COATED_OSMIUM;XIRECS;9985.0;6
666073;;;INTARIAN_PEPPER_ROOT;XIRECS;15671.0;5
668286;;;INTARIAN_PEPPER_ROOT;XIRECS;15658.0;5
669183;;;INTARIAN_PEPPER_ROOT;XIRECS;15677.0;6
669348;;;ASH_COATED_OSMIUM;XIRECS;9986.0;6
673394;;;ASH_COATED_OSMIUM;XIRECS;10003.0;4
674081;;;INTARIAN_PEPPER_ROOT;XIRECS;15679.0;3
674882;;;ASH_COATED_OSMIUM;XIRECS;10005.0;6
680572;;;ASH_COATED_OSMIUM;XIRECS;9983.0;2
681633;;;INTARIAN_PEPPER_ROOT;XIRECS;15689.0;7
682593;;;INTARIAN_PEPPER_ROOT;XIRECS;15689.0;6
684294;;;ASH_COATED_OSMIUM;XIRECS;9984.0;7
684969;;;INTARIAN_PEPPER_ROOT;XIRECS;15676.0;3
684988;;;INTARIAN_PEPPER_ROOT;XIRECS;15676.0;5
689594;;;INTARIAN_PEPPER_ROOT;XIRECS;15680.0;4
689748;;;ASH_COATED_OSMIUM;XIRECS;9993.0;10
694220;;;INTARIAN_PEPPER_ROOT;XIRECS;15702.0;6
696882;;;ASH_COATED_OSMIUM;XIRECS;9986.0;7
696899;;;ASH_COATED_OSMIUM;XIRECS;10002.0;3
697038;;;INTARIAN_PEPPER_ROOT;XIRECS;15700.0;4
697444;;;ASH_COATED_OSMIUM;XIRECS;10003.0;6
698208;;;INTARIAN_PEPPER_ROOT;XIRECS;15702.0;6
699637;;;ASH_COATED_OSMIUM;XIRECS;10008.0;5
699938;;;ASH_COATED_OSMIUM;XIRECS;10007.0;2
700989;;;ASH_COATED_OSMIUM;XIRECS;10001.0;5
702275;;;ASH_COATED_OSMIUM;XIRECS;10003.0;2
703535;;;ASH_COATED_OSMIUM;XIRECS;9983.0;2
703860;;;INTARIAN_PEPPER_ROOT;XIRECS;15699.0;4
705045;;;INTARIAN_PEPPER_ROOT;XIRECS;15711.0;6
706903;;;INTARIAN_PEPPER_ROOT;XIRECS;15714.0;7
710010;;;INTARIAN_PEPPER_ROOT;XIRECS;15718.0;4
711175;;;INTARIAN_PEPPER_ROOT;XIRECS;15704.0;6
713656;;;ASH_COATED_OSMIUM;XIRECS;10008.0;6
714219;;;INTARIAN_PEPPER_ROOT;XIRECS;15709.0;7
714286;;;INTARIAN_PEPPER_ROOT;XIRECS;15709.0;7
717778;;;INTARIAN_PEPPER_ROOT;XIRECS;15718.0;3
717911;;;ASH_COATED_OSMIUM;XIRECS;10004.0;6
720732;;;INTARIAN_PEPPER_ROOT;XIRECS;15730.0;3
720860;;;ASH_COATED_OSMIUM;XIRECS;10008.0;7
721573;;;INTARIAN_PEPPER_ROOT;XIRECS;15732.0;7
723191;;;INTARIAN_PEPPER_ROOT;XIRECS;15729.0;4
723303;;;ASH_COATED_OSMIUM;XIRECS;9990.0;3
727015;;;ASH_COATED_OSMIUM;XIRECS;9991.0;5
727179;;;ASH_COATED_OSMIUM;XIRECS;10013.0;8
729600;;;ASH_COATED_OSMIUM;XIRECS;10001.0;10
731092;;;INTARIAN_PEPPER_ROOT;XIRECS;15727.0;3
732497;;;ASH_COATED_OSMIUM;XIRECS;10005.0;2
738139;;;ASH_COATED_OSMIUM;XIRECS;10005.0;10
739956;;;ASH_COATED_OSMIUM;XIRECS;10007.0;8
740679;;;ASH_COATED_OSMIUM;XIRECS;9990.0;7
742079;;;INTARIAN_PEPPER_ROOT;XIRECS;15731.0;3
742953;;;ASH_COATED_OSMIUM;XIRECS;9989.0;6
744024;;;INTARIAN_PEPPER_ROOT;XIRECS;15734.0;5
744584;;;INTARIAN_PEPPER_ROOT;XIRECS;15733.0;7
745055;;;ASH_COATED_OSMIUM;XIRECS;9993.0;2
746896;;;ASH_COATED_OSMIUM;XIRECS;10009.0;2
747333;;;ASH_COATED_OSMIUM;XIRECS;10004.0;7
748224;;;INTARIAN_PEPPER_ROOT;XIRECS;15740.0;6
748626;;;ASH_COATED_OSMIUM;XIRECS;9996.0;5
749394;;;ASH_COATED_OSMIUM;XIRECS;10006.0;2
750608;;;ASH_COATED_OSMIUM;XIRECS;10000.0;4
752585;;;INTARIAN_PEPPER_ROOT;XIRECS;15757.0;5
754365;;;INTARIAN_PEPPER_ROOT;XIRECS;15752.0;6
755304;;;ASH_COATED_OSMIUM;XIRECS;10006.0;5
755865;;;INTARIAN_PEPPER_ROOT;XIRECS;15747.0;5
756007;;;ASH_COATED_OSMIUM;XIRECS;10005.0;3
756102;;;INTARIAN_PEPPER_ROOT;XIRECS;15766.0;4
757270;;;ASH_COATED_OSMIUM;XIRECS;10003.0;10
757355;;;ASH_COATED_OSMIUM;XIRECS;9985.0;3
758074;;;ASH_COATED_OSMIUM;XIRECS;9993.0;5
762481;;;ASH_COATED_OSMIUM;XIRECS;10007.0;3
764465;;;ASH_COATED_OSMIUM;XIRECS;9988.0;4
767371;;;ASH_COATED_OSMIUM;XIRECS;9990.0;3
768040;;;INTARIAN_PEPPER_ROOT;XIRECS;15759.0;3
769306;;;INTARIAN_PEPPER_ROOT;XIRECS;15766.0;5
770463;;;INTARIAN_PEPPER_ROOT;XIRECS;15777.0;3
770670;;;ASH_COATED_OSMIUM;XIRECS;10005.0;6
771108;;;ASH_COATED_OSMIUM;XIRECS;9988.0;9
772282;;;ASH_COATED_OSMIUM;XIRECS;9981.0;4
772295;;;ASH_COATED_OSMIUM;XIRECS;9981.0;4
773080;;;INTARIAN_PEPPER_ROOT;XIRECS;15767.0;8
773265;;;ASH_COATED_OSMIUM;XIRECS;9981.0;3
773344;;;ASH_COATED_OSMIUM;XIRECS;10006.0;3
774773;;;ASH_COATED_OSMIUM;XIRECS;9981.0;7
776199;;;ASH_COATED_OSMIUM;XIRECS;9988.0;4
778610;;;INTARIAN_PEPPER_ROOT;XIRECS;15766.0;3
779871;;;ASH_COATED_OSMIUM;XIRECS;9988.0;9
780870;;;INTARIAN_PEPPER_ROOT;XIRECS;15772.0;7
781128;;;ASH_COATED_OSMIUM;XIRECS;10006.0;6
784798;;;INTARIAN_PEPPER_ROOT;XIRECS;15789.0;4
786183;;;INTARIAN_PEPPER_ROOT;XIRECS;15781.0;4
788203;;;ASH_COATED_OSMIUM;XIRECS;9998.0;3
788924;;;ASH_COATED_OSMIUM;XIRECS;9982.0;6
789076;;;INTARIAN_PEPPER_ROOT;XIRECS;15781.0;6
789429;;;ASH_COATED_OSMIUM;XIRECS;9998.0;6
789678;;;INTARIAN_PEPPER_ROOT;XIRECS;15785.0;6
790358;;;INTARIAN_PEPPER_ROOT;XIRECS;15784.0;6
793445;;;INTARIAN_PEPPER_ROOT;XIRECS;15788.0;5
793541;;;ASH_COATED_OSMIUM;XIRECS;9985.0;8
794187;;;ASH_COATED_OSMIUM;XIRECS;9978.0;6
797578;;;ASH_COATED_OSMIUM;XIRECS;9984.0;7
800369;;;ASH_COATED_OSMIUM;XIRECS;9998.0;5
800418;;;ASH_COATED_OSMIUM;XIRECS;9981.0;4
801014;;;INTARIAN_PEPPER_ROOT;XIRECS;15808.0;8
801310;;;ASH_COATED_OSMIUM;XIRECS;9998.0;2
802070;;;ASH_COATED_OSMIUM;XIRECS;9982.0;2
803084;;;ASH_COATED_OSMIUM;XIRECS;9999.0;6
803395;;;ASH_COATED_OSMIUM;XIRECS;10005.0;4
803858;;;INTARIAN_PEPPER_ROOT;XIRECS;15796.0;4
804156;;;ASH_COATED_OSMIUM;XIRECS;10004.0;7
806879;;;ASH_COATED_OSMIUM;XIRECS;9996.0;6
808090;;;INTARIAN_PEPPER_ROOT;XIRECS;15799.0;4
808181;;;ASH_COATED_OSMIUM;XIRECS;9995.0;3
808712;;;INTARIAN_PEPPER_ROOT;XIRECS;15815.0;5
808947;;;INTARIAN_PEPPER_ROOT;XIRECS;15798.0;6
810874;;;INTARIAN_PEPPER_ROOT;XIRECS;15815.0;6
813516;;;ASH_COATED_OSMIUM;XIRECS;9995.0;8
814271;;;INTARIAN_PEPPER_ROOT;XIRECS;15820.0;6
815253;;;INTARIAN_PEPPER_ROOT;XIRECS;15822.0;3
815504;;;INTARIAN_PEPPER_ROOT;XIRECS;15809.0;6
816370;;;INTARIAN_PEPPER_ROOT;XIRECS;15824.0;3
816816;;;ASH_COATED_OSMIUM;XIRECS;9997.0;6
816866;;;ASH_COATED_OSMIUM;XIRECS;9997.0;3
817964;;;INTARIAN_PEPPER_ROOT;XIRECS;15825.0;3
818545;;;ASH_COATED_OSMIUM;XIRECS;9985.0;5
819954;;;INTARIAN_PEPPER_ROOT;XIRECS;15813.0;6
820841;;;ASH_COATED_OSMIUM;XIRECS;9986.0;6
822054;;;INTARIAN_PEPPER_ROOT;XIRECS;15813.0;5
823551;;;ASH_COATED_OSMIUM;XIRECS;9986.0;7
824962;;;ASH_COATED_OSMIUM;XIRECS;9984.0;6
826116;;;INTARIAN_PEPPER_ROOT;XIRECS;15833.0;3
828080;;;INTARIAN_PEPPER_ROOT;XIRECS;15822.0;7
828193;;;ASH_COATED_OSMIUM;XIRECS;10003.0;6
830475;;;ASH_COATED_OSMIUM;XIRECS;10001.0;5
830815;;;INTARIAN_PEPPER_ROOT;XIRECS;15822.0;6
832593;;;INTARIAN_PEPPER_ROOT;XIRECS;15837.0;7
832621;;;INTARIAN_PEPPER_ROOT;XIRECS;15827.0;6
834483;;;INTARIAN_PEPPER_ROOT;XIRECS;15839.0;6
834787;;;ASH_COATED_OSMIUM;XIRECS;9980.0;2
835636;;;ASH_COATED_OSMIUM;XIRECS;9997.0;2
835753;;;INTARIAN_PEPPER_ROOT;XIRECS;15828.0;5
836804;;;INTARIAN_PEPPER_ROOT;XIRECS;15844.0;6
837972;;;ASH_COATED_OSMIUM;XIRECS;10000.0;5
838220;;;ASH_COATED_OSMIUM;XIRECS;9994.0;3
840169;;;INTARIAN_PEPPER_ROOT;XIRECS;15832.0;3
840865;;;INTARIAN_PEPPER_ROOT;XIRECS;15835.0;3
842714;;;ASH_COATED_OSMIUM;XIRECS;9981.0;3
843432;;;ASH_COATED_OSMIUM;XIRECS;10004.0;2
844449;;;INTARIAN_PEPPER_ROOT;XIRECS;15851.0;3
844805;;;ASH_COATED_OSMIUM;XIRECS;10007.0;9
845664;;;INTARIAN_PEPPER_ROOT;XIRECS;15852.0;3
845983;;;ASH_COATED_OSMIUM;XIRECS;10005.0;5
846069;;;ASH_COATED_OSMIUM;XIRECS;9983.0;6
848432;;;INTARIAN_PEPPER_ROOT;XIRECS;15841.0;5
848749;;;INTARIAN_PEPPER_ROOT;XIRECS;15851.0;4
851267;;;INTARIAN_PEPPER_ROOT;XIRECS;15846.0;3
852011;;;ASH_COATED_OSMIUM;XIRECS;10007.0;4
853435;;;INTARIAN_PEPPER_ROOT;XIRECS;15849.0;5
855752;;;INTARIAN_PEPPER_ROOT;XIRECS;15853.0;3
856125;;;INTARIAN_PEPPER_ROOT;XIRECS;15849.0;5
857316;;;ASH_COATED_OSMIUM;XIRECS;9999.0;2
857532;;;ASH_COATED_OSMIUM;XIRECS;9981.0;4
860634;;;ASH_COATED_OSMIUM;XIRECS;10005.0;6
863708;;;ASH_COATED_OSMIUM;XIRECS;10008.0;2
863933;;;ASH_COATED_OSMIUM;XIRECS;10008.0;10
864325;;;ASH_COATED_OSMIUM;XIRECS;9985.0;3
865200;;;ASH_COATED_OSMIUM;XIRECS;10007.0;6
866456;;;ASH_COATED_OSMIUM;XIRECS;9985.0;5
866912;;;INTARIAN_PEPPER_ROOT;XIRECS;15857.0;7
867227;;;ASH_COATED_OSMIUM;XIRECS;9995.0;10
867355;;;ASH_COATED_OSMIUM;XIRECS;10002.0;9
873175;;;INTARIAN_PEPPER_ROOT;XIRECS;15881.0;5
874551;;;ASH_COATED_OSMIUM;XIRECS;10011.0;6
874881;;;ASH_COATED_OSMIUM;XIRECS;10005.0;9
875451;;;INTARIAN_PEPPER_ROOT;XIRECS;15883.0;3
876366;;;INTARIAN_PEPPER_ROOT;XIRECS;15868.0;7
877253;;;ASH_COATED_OSMIUM;XIRECS;10002.0;4
877481;;;INTARIAN_PEPPER_ROOT;XIRECS;15869.0;3
879835;;;ASH_COATED_OSMIUM;XIRECS;10008.0;8
880220;;;ASH_COATED_OSMIUM;XIRECS;10004.0;2
881392;;;ASH_COATED_OSMIUM;XIRECS;9989.0;5
882158;;;INTARIAN_PEPPER_ROOT;XIRECS;15876.0;5
882460;;;ASH_COATED_OSMIUM;XIRECS;10004.0;4
883239;;;INTARIAN_PEPPER_ROOT;XIRECS;15879.0;4
883666;;;INTARIAN_PEPPER_ROOT;XIRECS;15894.0;5
883955;;;INTARIAN_PEPPER_ROOT;XIRECS;15878.0;3
886439;;;INTARIAN_PEPPER_ROOT;XIRECS;15888.0;6
887211;;;ASH_COATED_OSMIUM;XIRECS;9989.0;2
887601;;;INTARIAN_PEPPER_ROOT;XIRECS;15895.0;7
888418;;;ASH_COATED_OSMIUM;XIRECS;10012.0;3
888610;;;INTARIAN_PEPPER_ROOT;XIRECS;15894.0;6
889675;;;ASH_COATED_OSMIUM;XIRECS;10006.0;4
891170;;;INTARIAN_PEPPER_ROOT;XIRECS;15898.0;7
891807;;;ASH_COATED_OSMIUM;XIRECS;9990.0;3
892372;;;INTARIAN_PEPPER_ROOT;XIRECS;15884.0;4
892669;;;INTARIAN_PEPPER_ROOT;XIRECS;15901.0;3
892687;;;INTARIAN_PEPPER_ROOT;XIRECS;15884.0;5
893607;;;INTARIAN_PEPPER_ROOT;XIRECS;15898.0;8
897188;;;INTARIAN_PEPPER_ROOT;XIRECS;15908.0;6
897836;;;INTARIAN_PEPPER_ROOT;XIRECS;15901.0;4
901179;;;INTARIAN_PEPPER_ROOT;XIRECS;15910.0;4
903023;;;ASH_COATED_OSMIUM;XIRECS;9989.0;4
905765;;;ASH_COATED_OSMIUM;XIRECS;10000.0;7
906522;;;INTARIAN_PEPPER_ROOT;XIRECS;15900.0;6
907179;;;ASH_COATED_OSMIUM;XIRECS;9987.0;5
907966;;;INTARIAN_PEPPER_ROOT;XIRECS;15916.0;6
909079;;;ASH_COATED_OSMIUM;XIRECS;10011.0;7
909338;;;INTARIAN_PEPPER_ROOT;XIRECS;15900.0;5
910385;;;INTARIAN_PEPPER_ROOT;XIRECS;15900.0;6
911324;;;INTARIAN_PEPPER_ROOT;XIRECS;15904.0;7
911764;;;INTARIAN_PEPPER_ROOT;XIRECS;15921.0;6
912170;;;INTARIAN_PEPPER_ROOT;XIRECS;15919.0;7
912775;;;INTARIAN_PEPPER_ROOT;XIRECS;15913.0;7
917247;;;ASH_COATED_OSMIUM;XIRECS;10004.0;9
917772;;;ASH_COATED_OSMIUM;XIRECS;10005.0;4
920160;;;INTARIAN_PEPPER_ROOT;XIRECS;15929.0;6
921296;;;INTARIAN_PEPPER_ROOT;XIRECS;15913.0;5
921363;;;ASH_COATED_OSMIUM;XIRECS;9994.0;6
921923;;;ASH_COATED_OSMIUM;XIRECS;10007.0;3
921978;;;INTARIAN_PEPPER_ROOT;XIRECS;15927.0;6
923245;;;INTARIAN_PEPPER_ROOT;XIRECS;15932.0;5
923498;;;ASH_COATED_OSMIUM;XIRECS;9994.0;3
925474;;;INTARIAN_PEPPER_ROOT;XIRECS;15935.0;7
925688;;;ASH_COATED_OSMIUM;XIRECS;9990.0;5
929354;;;INTARIAN_PEPPER_ROOT;XIRECS;15935.0;4
929871;;;ASH_COATED_OSMIUM;XIRECS;10003.0;4
930338;;;ASH_COATED_OSMIUM;XIRECS;10004.0;5
931866;;;INTARIAN_PEPPER_ROOT;XIRECS;15929.0;7
932140;;;INTARIAN_PEPPER_ROOT;XIRECS;15925.0;3
932773;;;ASH_COATED_OSMIUM;XIRECS;10009.0;3
933071;;;ASH_COATED_OSMIUM;XIRECS;9996.0;8
933348;;;INTARIAN_PEPPER_ROOT;XIRECS;15925.0;3
936335;;;ASH_COATED_OSMIUM;XIRECS;9989.0;8
938161;;;INTARIAN_PEPPER_ROOT;XIRECS;15941.0;6
939221;;;ASH_COATED_OSMIUM;XIRECS;9991.0;4
939532;;;INTARIAN_PEPPER_ROOT;XIRECS;15931.0;4
939594;;;ASH_COATED_OSMIUM;XIRECS;9988.0;5
944304;;;INTARIAN_PEPPER_ROOT;XIRECS;15935.0;3
945238;;;ASH_COATED_OSMIUM;XIRECS;10006.0;3
946937;;;ASH_COATED_OSMIUM;XIRECS;10011.0;6
947568;;;ASH_COATED_OSMIUM;XIRECS;9992.0;10
948984;;;INTARIAN_PEPPER_ROOT;XIRECS;15955.0;5
950419;;;ASH_COATED_OSMIUM;XIRECS;10012.0;7
951219;;;ASH_COATED_OSMIUM;XIRECS;10008.0;3
955125;;;ASH_COATED_OSMIUM;XIRECS;9995.0;4
957177;;;ASH_COATED_OSMIUM;XIRECS;9993.0;3
957235;;;ASH_COATED_OSMIUM;XIRECS;10011.0;7
958142;;;INTARIAN_PEPPER_ROOT;XIRECS;15954.0;6
959186;;;INTARIAN_PEPPER_ROOT;XIRECS;15955.0;6
962590;;;ASH_COATED_OSMIUM;XIRECS;10008.0;4
964075;;;INTARIAN_PEPPER_ROOT;XIRECS;15969.0;4
964288;;;ASH_COATED_OSMIUM;XIRECS;10008.0;2
964443;;;INTARIAN_PEPPER_ROOT;XIRECS;15962.0;7
965255;;;INTARIAN_PEPPER_ROOT;XIRECS;15973.0;6
968114;;;ASH_COATED_OSMIUM;XIRECS;9994.0;6
969511;;;INTARIAN_PEPPER_ROOT;XIRECS;15977.0;4
971628;;;ASH_COATED_OSMIUM;XIRECS;9992.0;9
974094;;;ASH_COATED_OSMIUM;XIRECS;9990.0;5
974895;;;ASH_COATED_OSMIUM;XIRECS;10007.0;6
975375;;;INTARIAN_PEPPER_ROOT;XIRECS;15983.0;7
976336;;;INTARIAN_PEPPER_ROOT;XIRECS;15977.0;7
976602;;;INTARIAN_PEPPER_ROOT;XIRECS;15971.0;5
977295;;;INTARIAN_PEPPER_ROOT;XIRECS;15974.0;4
979371;;;INTARIAN_PEPPER_ROOT;XIRECS;15969.0;6
980051;;;ASH_COATED_OSMIUM;XIRECS;10011.0;9
980186;;;INTARIAN_PEPPER_ROOT;XIRECS;15984.0;3
980757;;;INTARIAN_PEPPER_ROOT;XIRECS;15979.0;3
980812;;;ASH_COATED_OSMIUM;XIRECS;10018.0;8
981152;;;ASH_COATED_OSMIUM;XIRECS;9994.0;6
981196;;;ASH_COATED_OSMIUM;XIRECS;9994.0;4
982929;;;ASH_COATED_OSMIUM;XIRECS;10012.0;8
985947;;;INTARIAN_PEPPER_ROOT;XIRECS;15992.0;3
986830;;;ASH_COATED_OSMIUM;XIRECS;10010.0;2
987363;;;INTARIAN_PEPPER_ROOT;XIRECS;15981.0;7
988165;;;INTARIAN_PEPPER_ROOT;XIRECS;15994.0;7
988638;;;ASH_COATED_OSMIUM;XIRECS;9995.0;3
991911;;;INTARIAN_PEPPER_ROOT;XIRECS;15981.0;7
996887;;;INTARIAN_PEPPER_ROOT;XIRECS;16002.0;8
997070;;;ASH_COATED_OSMIUM;XIRECS;10018.0;4
998522;;;INTARIAN_PEPPER_ROOT;XIRECS;15991.0;7
998804;;;ASH_COATED_OSMIUM;XIRECS;10014.0;3