timestamp;buyer;seller;symbol;currency;price;quantity
1342;;;ASH_COATED_OSMIUM;XIRECS;10007.0;6
1872;;;ASH_COATED_OSMIUM;XIRECS;9997.0;5
3424;;;ASH_COATED_OSMIUM;XIRECS;9991.0;4
4158;;;ASH_COATED_OSMIUM;XIRECS;10008.0;2
7068;;;INTARIAN_PEPPER_ROOT;XIRECS;44000.0;5
8260;;;ASH_COATED_OSMIUM;XIRECS;10000.0;3
8337;;;INTARIAN_PEPPER_ROOT;XIRECS;44011.0;7
8760;;;INTARIAN_PEPPER_ROOT;XIRECS;44019.0;4
12783;;;ASH_COATED_OSMIUM;XIRECS;9995.0;3
14151;;;INTARIAN_PEPPER_ROOT;XIRECS;44022.0;3
15685;;;ASH_COATED_OSMIUM;XIRECS;10010.0;3
17752;;;INTARIAN_PEPPER_ROOT;XIRECS;44028.0;4
17766;;;INTARIAN_PEPPER_ROOT;XIRECS;44013.0;6
18533;;;INTARIAN_PEPPER_ROOT;XIRECS;44009.0;5
20134;;;INTARIAN_PEPPER_ROOT;XIRECS;44017.0;8
21391;;;ASH_COATED_OSMIUM;XIRECS;10003.0;3
23879;;;ASH_COATED_OSMIUM;XIRECS;9993.0;6
24556;;;ASH_COATED_OSMIUM;XIRECS;10011.0;4
29024;;;INTARIAN_PEPPER_ROOT;XIRECS;44022.0;6
31450;;;INTARIAN_PEPPER_ROOT;XIRECS;44039.0;5
31729;;;INTARIAN_PEPPER_ROOT;XIRECS;44023.0;6
32762;;;INTARIAN_PEPPER_ROOT;XIRECS;44036.0;6
34226;;;ASH_COATED_OSMIUM;XIRECS;9995.0;6
36366;;;ASH_COATED_OSMIUM;XIRECS;9986.0;6
36418;;;ASH_COATED_OSMIUM;XIRECS;9986.0;7
37085;;;ASH_COATED_OSMIUM;XIRECS;9991.0;3
38184;;;INTARIAN_PEPPER_ROOT;XIRECS;44044.0;4
43973;;;INTARIAN_PEPPER_ROOT;XIRECS;44044.0;6
46816;;;INTARIAN_PEPPER_ROOT;XIRECS;44042.0;4
49079;;;INTARIAN_PEPPER_ROOT;XIRECS;44041.0;7
49605;;;ASH_COATED_OSMIUM;XIRECS;10009.0;3
49712;;;INTARIAN_PEPPER_ROOT;XIRECS;44057.0;6
50336;;;INTARIAN_PEPPER_ROOT;XIRECS;44044.0;8
50949;;;ASH_COATED_OSMIUM;XIRECS;10008.0;8
52263;;;ASH_COATED_OSMIUM;XIRECS;10002.0;4
54670;;;ASH_COATED_OSMIUM;XIRECS;10002.0;2
55379;;;INTARIAN_PEPPER_ROOT;XIRECS;44063.0;4
58058;;;ASH_COATED_OSMIUM;XIRECS;10003.0;3
58726;;;ASH_COATED_OSMIUM;XIRECS;9994.0;8
59356;;;INTARIAN_PEPPER_ROOT;XIRECS;44054.0;6
59402;;;INTARIAN_PEPPER_ROOT;XIRECS;44067.0;3
59651;;;ASH_COATED_OSMIUM;XIRECS;9996.0;5
59655;;;ASH_COATED_OSMIUM;XIRECS;9980.0;2
60472;;;INTARIAN_PEPPER_ROOT;XIRECS;44052.0;7
64050;;;ASH_COATED_OSMIUM;XIRECS;9995.0;4
64061;;;ASH_COATED_OSMIUM;XIRECS;9995.0;5
64169;;;ASH_COATED_OSMIUM;XIRECS;10010.0;6
67067;;;INTARIAN_PEPPER_ROOT;XIRECS;44059.0;7
68916;;;INTARIAN_PEPPER_ROOT;XIRECS;44061.0;4
69892;;;ASH_COATED_OSMIUM;XIRECS;10011.0;3
70925;;;ASH_COATED_OSMIUM;XIRECS;9995.0;5
71352;;;INTARIAN_PEPPER_ROOT;XIRECS;44076.0;5
72452;;;INTARIAN_PEPPER_ROOT;XIRECS;44066.0;7
72975;;;ASH_COATED_OSMIUM;XIRECS;9986.0;4
73048;;;INTARIAN_PEPPER_ROOT;XIRECS;44065.0;5
74456;;;ASH_COATED_OSMIUM;XIRECS;10008.0;5
75097;;;ASH_COATED_OSMIUM;XIRECS;10007.0;6
77539;;;ASH_COATED_OSMIUM;XIRECS;9991.0;2
78314;;;ASH_COATED_OSMIUM;XIRECS;10001.0;5
78361;;;INTARIAN_PEPPER_ROOT;XIRECS;44072.0;6
80226;;;INTARIAN_PEPPER_ROOT;XIRECS;44073.0;6
81638;;;ASH_COATED_OSMIUM;XIRECS;10018.0;3
81933;;;ASH_COATED_OSMIUM;XIRECS;10016.0;10
82760;;;ASH_COATED_OSMIUM;XIRECS;9996.0;6
84221;;;ASH_COATED_OSMIUM;XIRECS;9989.0;6
86563;;;ASH_COATED_OSMIUM;XIRECS;10011.0;4
89879;;;ASH_COATED_OSMIUM;XIRECS;9989.0;6
90760;;;ASH_COATED_OSMIUM;XIRECS;10006.0;4
90967;;;ASH_COATED_OSMIUM;XIRECS;9991.0;4
91008;;;ASH_COATED_OSMIUM;XIRECS;10004.0;5
94955;;;ASH_COATED_OSMIUM;XIRECS;9994.0;5
97894;;;ASH_COATED_OSMIUM;XIRECS;10009.0;10
98767;;;ASH_COATED_OSMIUM;XIRECS;9989.0;5
99096;;;INTARIAN_PEPPER_ROOT;XIRECS;44105.0;7
99403;;;ASH_COATED_OSMIUM;XIRECS;9994.0;8
99611;;;INTARIAN_PEPPER_ROOT;XIRECS;44094.0;4
99638;;;INTARIAN_PEPPER_ROOT;XIRECS;44094.0;3
101071;;;ASH_COATED_OSMIUM;XIRECS;10008.0;7
101071;;;ASH_COATED_OSMIUM;XIRECS;10008.0;4
102755;;;ASH_COATED_OSMIUM;XIRECS;10007.0;6
102897;;;ASH_COATED_OSMIUM;XIRECS;10007.0;5
103786;;;INTARIAN_PEPPER_ROOT;XIRECS;44101.0;6
105996;;;ASH_COATED_OSMIUM;XIRECS;9989.0;7
107091;;;ASH_COATED_OSMIUM;XIRECS;9993.0;6
108536;;;INTARIAN_PEPPER_ROOT;XIRECS;44107.0;3
109172;;;INTARIAN_PEPPER_ROOT;XIRECS;44117.0;7
113478;;;ASH_COATED_OSMIUM;XIRECS;10012.0;4
113817;;;ASH_COATED_OSMIUM;XIRECS;10009.0;10
115468;;;ASH_COATED_OSMIUM;XIRECS;10000.0;6
117919;;;INTARIAN_PEPPER_ROOT;XIRECS;44108.0;4
118108;;;INTARIAN_PEPPER_ROOT;XIRECS;44114.0;4
121759;;;INTARIAN_PEPPER_ROOT;XIRECS;44116.0;6
123372;;;INTARIAN_PEPPER_ROOT;XIRECS;44126.0;6
123579;;;INTARIAN_PEPPER_ROOT;XIRECS;44128.0;3
124628;;;INTARIAN_PEPPER_ROOT;XIRECS;44132.0;6
125227;;;ASH_COATED_OSMIUM;XIRECS;10013.0;6
125241;;;ASH_COATED_OSMIUM;XIRECS;10021.0;3
126546;;;INTARIAN_PEPPER_ROOT;XIRECS;44120.0;6
126641;;;INTARIAN_PEPPER_ROOT;XIRECS;44134.0;8
127981;;;ASH_COATED_OSMIUM;XIRECS;9988.0;6
128465;;;INTARIAN_PEPPER_ROOT;XIRECS;44131.0;3
129427;;;ASH_COATED_OSMIUM;XIRECS;9992.0;6
130123;;;INTARIAN_PEPPER_ROOT;XIRECS;44126.0;3
130713;;;INTARIAN_PEPPER_ROOT;XIRECS;44118.0;7
132038;;;ASH_COATED_OSMIUM;XIRECS;9991.0;3
133485;;;ASH_COATED_OSMIUM;XIRECS;10019.0;2
133774;;;INTARIAN_PEPPER_ROOT;XIRECS;44131.0;6
134595;;;INTARIAN_PEPPER_ROOT;XIRECS;44128.0;5
135459;;;INTARIAN_PEPPER_ROOT;XIRECS;44131.0;4
137053;;;ASH_COATED_OSMIUM;XIRECS;10008.0;3
137215;;;ASH_COATED_OSMIUM;XIRECS;9988.0;3
138377;;;ASH_COATED_OSMIUM;XIRECS;10014.0;6
139447;;;ASH_COATED_OSMIUM;XIRECS;10014.0;8
141579;;;ASH_COATED_OSMIUM;XIRECS;9989.0;4
141987;;;ASH_COATED_OSMIUM;XIRECS;9989.0;6
147961;;;ASH_COATED_OSMIUM;XIRECS;9983.0;6
147994;;;INTARIAN_PEPPER_ROOT;XIRECS;44145.0;6
148108;;;ASH_COATED_OSMIUM;XIRECS;10002.0;2
148818;;;ASH_COATED_OSMIUM;XIRECS;10002.0;3
148873;;;ASH_COATED_OSMIUM;XIRECS;10002.0;5
152340;;;INTARIAN_PEPPER_ROOT;XIRECS;44161.0;7
152911;;;INTARIAN_PEPPER_ROOT;XIRECS;44144.0;4
153333;;;INTARIAN_PEPPER_ROOT;XIRECS;44144.0;6
153706;;;INTARIAN_PEPPER_ROOT;XIRECS;44155.0;5
154288;;;ASH_COATED_OSMIUM;XIRECS;9999.0;5
155016;;;INTARIAN_PEPPER_ROOT;XIRECS;44146.0;3
155721;;;INTARIAN_PEPPER_ROOT;XIRECS;44163.0;3
156500;;;ASH_COATED_OSMIUM;XIRECS;10020.0;3
157498;;;INTARIAN_PEPPER_ROOT;XIRECS;44163.0;4
157688;;;INTARIAN_PEPPER_ROOT;XIRECS;44149.0;5
157798;;;INTARIAN_PEPPER_ROOT;XIRECS;44152.0;3
161529;;;INTARIAN_PEPPER_ROOT;XIRECS;44168.0;3
162487;;;ASH_COATED_OSMIUM;XIRECS;9999.0;9
165512;;;ASH_COATED_OSMIUM;XIRECS;9986.0;5
165569;;;ASH_COATED_OSMIUM;XIRECS;10004.0;6
166113;;;ASH_COATED_OSMIUM;XIRECS;9985.0;2
166325;;;INTARIAN_PEPPER_ROOT;XIRECS;44175.0;6
166694;;;ASH_COATED_OSMIUM;XIRECS;9984.0;6
170872;;;ASH_COATED_OSMIUM;XIRECS;9987.0;4
171578;;;ASH_COATED_OSMIUM;XIRECS;9994.0;5
172259;;;ASH_COATED_OSMIUM;XIRECS;9994.0;8
172318;;;INTARIAN_PEPPER_ROOT;XIRECS;44168.0;3
172667;;;ASH_COATED_OSMIUM;XIRECS;9991.0;5
173236;;;INTARIAN_PEPPER_ROOT;XIRECS;44181.0;3
180507;;;INTARIAN_PEPPER_ROOT;XIRECS;44175.0;5
183570;;;ASH_COATED_OSMIUM;XIRECS;9996.0;4
184936;;;ASH_COATED_OSMIUM;XIRECS;10005.0;2
186110;;;ASH_COATED_OSMIUM;XIRECS;10006.0;2
186384;;;INTARIAN_PEPPER_ROOT;XIRECS;44195.0;5
186683;;;INTARIAN_PEPPER_ROOT;XIRECS;44178.0;7
187163;;;ASH_COATED_OSMIUM;XIRECS;10005.0;5
188026;;;ASH_COATED_OSMIUM;XIRECS;10018.0;6
188086;;;INTARIAN_PEPPER_ROOT;XIRECS;44199.0;5
188831;;;ASH_COATED_OSMIUM;XIRECS;9987.0;7
192474;;;ASH_COATED_OSMIUM;XIRECS;9984.0;6
193188;;;ASH_COATED_OSMIUM;XIRECS;10017.0;7
193200;;;ASH_COATED_OSMIUM;XIRECS;10015.0;6
193943;;;ASH_COATED_OSMIUM;XIRECS;10010.0;6
195115;;;INTARIAN_PEPPER_ROOT;XIRECS;44189.0;3
195193;;;ASH_COATED_OSMIUM;XIRECS;10007.0;6
195821;;;ASH_COATED_OSMIUM;XIRECS;10000.0;6
199281;;;ASH_COATED_OSMIUM;XIRECS;10018.0;5
202775;;;INTARIAN_PEPPER_ROOT;XIRECS;44202.0;4
203051;;;INTARIAN_PEPPER_ROOT;XIRECS;44211.0;4
203070;;;INTARIAN_PEPPER_ROOT;XIRECS;44195.0;5
206556;;;ASH_COATED_OSMIUM;XIRECS;9983.0;5
207112;;;INTARIAN_PEPPER_ROOT;XIRECS;44213.0;5
207161;;;ASH_COATED_OSMIUM;XIRECS;10000.0;4
208194;;;INTARIAN_PEPPER_ROOT;XIRECS;44208.0;6
210114;;;INTARIAN_PEPPER_ROOT;XIRECS;44221.0;3
210662;;;INTARIAN_PEPPER_ROOT;XIRECS;44220.0;4
210688;;;ASH_COATED_OSMIUM;XIRECS;10004.0;2
212657;;;INTARIAN_PEPPER_ROOT;XIRECS;44217.0;6
212918;;;ASH_COATED_OSMIUM;XIRECS;9998.0;7
213527;;;INTARIAN_PEPPER_ROOT;XIRECS;44218.0;5
213807;;;INTARIAN_PEPPER_ROOT;XIRECS;44207.0;6
220190;;;ASH_COATED_OSMIUM;XIRECS;9995.0;5
221905;;;INTARIAN_PEPPER_ROOT;XIRECS;44232.0;6
222145;;;ASH_COATED_OSMIUM;XIRECS;10011.0;6
224446;;;INTARIAN_PEPPER_ROOT;XIRECS;44221.0;3
227064;;;INTARIAN_PEPPER_ROOT;XIRECS;44218.0;4
229077;;;ASH_COATED_OSMIUM;XIRECS;10013.0;7
230722;;;ASH_COATED_OSMIUM;XIRECS;9984.0;6
231449;;;ASH_COATED_OSMIUM;XIRECS;9997.0;4
231465;;;INTARIAN_PEPPER_ROOT;XIRECS;44235.0;7
234118;;;INTARIAN_PEPPER_ROOT;XIRECS;44233.0;7
235139;;;INTARIAN_PEPPER_ROOT;XIRECS;44245.0;5
235998;;;INTARIAN_PEPPER_ROOT;XIRECS;44227.0;6
236080;;;INTARIAN_PEPPER_ROOT;XIRECS;44225.0;5
236727;;;INTARIAN_PEPPER_ROOT;XIRECS;44241.0;3
237700;;;ASH_COATED_OSMIUM;XIRECS;9991.0;7
242280;;;ASH_COATED_OSMIUM;XIRECS;10012.0;6
242935;;;INTARIAN_PEPPER_ROOT;XIRECS;44242.0;5
242969;;;ASH_COATED_OSMIUM;XIRECS;9997.0;4
244394;;;INTARIAN_PEPPER_ROOT;XIRECS;44239.0;7
246066;;;ASH_COATED_OSMIUM;XIRECS;9994.0;6
246148;;;ASH_COATED_OSMIUM;XIRECS;10015.0;7
247025;;;ASH_COATED_OSMIUM;XIRECS;10012.0;7
250768;;;INTARIAN_PEPPER_ROOT;XIRECS;44243.0;3
251377;;;INTARIAN_PEPPER_ROOT;XIRECS;44260.0;7
251639;;;ASH_COATED_OSMIUM;XIRECS;10010.0;5
253067;;;INTARIAN_PEPPER_ROOT;XIRECS;44249.0;5
254862;;;INTARIAN_PEPPER_ROOT;XIRECS;44262.0;6
255846;;;ASH_COATED_OSMIUM;XIRECS;9989.0;6
255895;;;INTARIAN_PEPPER_ROOT;XIRECS;44265.0;8
257304;;;ASH_COATED_OSMIUM;XIRECS;10000.0;2
257603;;;ASH_COATED_OSMIUM;XIRECS;9991.0;9
259093;;;ASH_COATED_OSMIUM;XIRECS;9984.0;5
262205;;;ASH_COATED_OSMIUM;XIRECS;10022.0;4
264060;;;ASH_COATED_OSMIUM;XIRECS;10006.0;2
265210;;;INTARIAN_PEPPER_ROOT;XIRECS;44257.0;4
266334;;;ASH_COATED_OSMIUM;XIRECS;9998.0;5
267208;;;INTARIAN_PEPPER_ROOT;XIRECS;44275.0;5
267652;;;INTARIAN_PEPPER_ROOT;XIRECS;44276.0;7
269476;;;ASH_COATED_OSMIUM;XIRECS;10011.0;2
269508;;;ASH_COATED_OSMIUM;XIRECS;10000.0;2
269752;;;ASH_COATED_OSMIUM;XIRECS;10015.0;7
269940;;;ASH_COATED_OSMIUM;XIRECS;10009.0;7
270319;;;ASH_COATED_OSMIUM;XIRECS;10017.0;7
270886;;;ASH_COATED_OSMIUM;XIRECS;10015.0;3
270963;;;INTARIAN_PEPPER_ROOT;XIRECS;44280.0;3
271732;;;INTARIAN_PEPPER_ROOT;XIRECS;44280.0;3
273335;;;INTARIAN_PEPPER_ROOT;XIRECS;44262.0;6
274078;;;ASH_COATED_OSMIUM;XIRECS;10016.0;4
275995;;;ASH_COATED_OSMIUM;XIRECS;9995.0;5
276982;;;INTARIAN_PEPPER_ROOT;XIRECS;44283.0;5
277633;;;ASH_COATED_OSMIUM;XIRECS;9983.0;2
278612;;;ASH_COATED_OSMIUM;XIRECS;10007.0;10
279328;;;ASH_COATED_OSMIUM;XIRECS;9985.0;5
281508;;;INTARIAN_PEPPER_ROOT;XIRECS;44286.0;6
283539;;;ASH_COATED_OSMIUM;XIRECS;10004.0;10
284143;;;ASH_COATED_OSMIUM;XIRECS;10002.0;4
285287;;;ASH_COATED_OSMIUM;XIRECS;9996.0;2
286179;;;INTARIAN_PEPPER_ROOT;XIRECS;44292.0;7
287816;;;ASH_COATED_OSMIUM;XIRECS;10015.0;2
289011;;;INTARIAN_PEPPER_ROOT;XIRECS;44283.0;3
289925;;;INTARIAN_PEPPER_ROOT;XIRECS;44297.0;4
290650;;;ASH_COATED_OSMIUM;XIRECS;10001.0;5
292570;;;ASH_COATED_OSMIUM;XIRECS;10011.0;3
295602;;;ASH_COATED_OSMIUM;XIRECS;9998.0;5
299041;;;ASH_COATED_OSMIUM;XIRECS;10013.0;10
301811;;;INTARIAN_PEPPER_ROOT;XIRECS;44295.0;3
302253;;;INTARIAN_PEPPER_ROOT;XIRECS;44294.0;4
303455;;;ASH_COATED_OSMIUM;XIRECS;9986.0;3
303623;;;INTARIAN_PEPPER_ROOT;XIRECS;44304.0;3
305066;;;ASH_COATED_OSMIUM;XIRECS;10003.0;4
306309;;;ASH_COATED_OSMIUM;XIRECS;10002.0;8
308710;;;ASH_COATED_OSMIUM;XIRECS;10001.0;5
309373;;;ASH_COATED_OSMIUM;XIRECS;9992.0;2
309438;;;ASH_COATED_OSMIUM;XIRECS;10006.0;5
310468;;;INTARIAN_PEPPER_ROOT;XIRECS;44305.0;8
310576;;;ASH_COATED_OSMIUM;XIRECS;9997.0;7
310644;;;ASH_COATED_OSMIUM;XIRECS;10003.0;3
311102;;;ASH_COATED_OSMIUM;XIRECS;10005.0;5
312030;;;INTARIAN_PEPPER_ROOT;XIRECS;44306.0;3
312565;;;INTARIAN_PEPPER_ROOT;XIRECS;44301.0;6
313431;;;ASH_COATED_OSMIUM;XIRECS;9993.0;8
315253;;;INTARIAN_PEPPER_ROOT;XIRECS;44306.0;7
316562;;;INTARIAN_PEPPER_ROOT;XIRECS;44307.0;5
316879;;;ASH_COATED_OSMIUM;XIRECS;10011.0;6
318352;;;INTARIAN_PEPPER_ROOT;XIRECS;44309.0;6
320478;;;INTARIAN_PEPPER_ROOT;XIRECS;44326.0;6
322795;;;ASH_COATED_OSMIUM;XIRECS;9991.0;3
323779;;;INTARIAN_PEPPER_ROOT;XIRECS;44325.0;7
324811;;;INTARIAN_PEPPER_ROOT;XIRECS;44319.0;5
327542;;;INTARIAN_PEPPER_ROOT;XIRECS;44337.0;3
330181;;;INTARIAN_PEPPER_ROOT;XIRECS;44336.0;3
332414;;;INTARIAN_PEPPER_ROOT;XIRECS;44328.0;4
334443;;;ASH_COATED_OSMIUM;XIRECS;10016.0;10
334980;;;INTARIAN_PEPPER_ROOT;XIRECS;44344.0;3
337618;;;INTARIAN_PEPPER_ROOT;XIRECS;44329.0;8
337928;;;INTARIAN_PEPPER_ROOT;XIRECS;44338.0;5
338608;;;INTARIAN_PEPPER_ROOT;XIRECS;44349.0;4
340602;;;ASH_COATED_OSMIUM;XIRECS;9994.0;3
342389;;;ASH_COATED_OSMIUM;XIRECS;10008.0;3
347342;;;ASH_COATED_OSMIUM;XIRECS;10007.0;6
351853;;;ASH_COATED_OSMIUM;XIRECS;9992.0;6
352736;;;ASH_COATED_OSMIUM;XIRECS;9988.0;5
353930;;;INTARIAN_PEPPER_ROOT;XIRECS;44355.0;4
354368;;;ASH_COATED_OSMIUM;XIRECS;10012.0;3
357104;;;INTARIAN_PEPPER_ROOT;XIRECS;44352.0;5
358025;;;ASH_COATED_OSMIUM;XIRECS;10009.0;4
358232;;;INTARIAN_PEPPER_ROOT;XIRECS;44364.0;6
358447;;;ASH_COATED_OSMIUM;XIRECS;9989.0;6
359306;;;ASH_COATED_OSMIUM;XIRECS;9991.0;6
361225;;;ASH_COATED_OSMIUM;XIRECS;9994.0;6
362704;;;ASH_COATED_OSMIUM;XIRECS;9993.0;9
363311;;;ASH_COATED_OSMIUM;XIRECS;10012.0;5
366091;;;ASH_COATED_OSMIUM;XIRECS;10018.0;7
368793;;;INTARIAN_PEPPER_ROOT;XIRECS;44360.0;6
369555;;;INTARIAN_PEPPER_ROOT;XIRECS;44374.0;5
369793;;;INTARIAN_PEPPER_ROOT;XIRECS;44364.0;8
370469;;;ASH_COATED_OSMIUM;XIRECS;9988.0;6
371252;;;ASH_COATED_OSMIUM;XIRECS;10002.0;4
371784;;;INTARIAN_PEPPER_ROOT;XIRECS;44380.0;4
372333;;;ASH_COATED_OSMIUM;XIRECS;9995.0;4
375875;;;ASH_COATED_OSMIUM;XIRECS;10000.0;10
378092;;;ASH_COATED_OSMIUM;XIRECS;9989.0;5
379848;;;INTARIAN_PEPPER_ROOT;XIRECS;44374.0;7
379899;;;INTARIAN_PEPPER_ROOT;XIRECS;44386.0;8
380525;;;INTARIAN_PEPPER_ROOT;XIRECS;44389.0;6
380527;;;INTARIAN_PEPPER_ROOT;XIRECS;44389.0;5
380537;;;ASH_COATED_OSMIUM;XIRECS;9988.0;10
381565;;;ASH_COATED_OSMIUM;XIRECS;10009.0;10
381631;;;ASH_COATED_OSMIUM;XIRECS;10009.0;3
382491;;;INTARIAN_PEPPER_ROOT;XIRECS;44374.0;3
384338;;;ASH_COATED_OSMIUM;XIRECS;9988.0;2
385450;;;ASH_COATED_OSMIUM;XIRECS;10015.0;7
386976;;;ASH_COATED_OSMIUM;XIRECS;9993.0;3
388086;;;INTARIAN_PEPPER_ROOT;XIRECS;44392.0;6
388627;;;INTARIAN_PEPPER_ROOT;XIRECS;44379.0;6
391026;;;ASH_COATED_OSMIUM;XIRECS;9992.0;5
391392;;;INTARIAN_PEPPER_ROOT;XIRECS;44379.0;3
393238;;;ASH_COATED_OSMIUM;XIRECS;10015.0;3
396067;;;ASH_COATED_OSMIUM;XIRECS;9988.0;9
396334;;;INTARIAN_PEPPER_ROOT;XIRECS;44405.0;6
397641;;;ASH_COATED_OSMIUM;XIRECS;10004.0;6
397844;;;ASH_COATED_OSMIUM;XIRECS;10008.0;5
399462;;;INTARIAN_PEPPER_ROOT;XIRECS;44406.0;3
399886;;;ASH_COATED_OSMIUM;XIRECS;10009.0;3
400162;;;ASH_COATED_OSMIUM;XIRECS;10013.0;5
402788;;;ASH_COATED_OSMIUM;XIRECS;9991.0;6
404725;;;INTARIAN_PEPPER_ROOT;XIRECS;44409.0;7
404726;;;ASH_COATED_OSMIUM;XIRECS;10008.0;6
405297;;;ASH_COATED_OSMIUM;XIRECS;9984.0;9
405453;;;INTARIAN_PEPPER_ROOT;XIRECS;44411.0;8
405976;;;INTARIAN_PEPPER_ROOT;XIRECS;44406.0;3
407709;;;ASH_COATED_OSMIUM;XIRECS;10014.0;4
408472;;;INTARIAN_PEPPER_ROOT;XIRECS;44401.0;7
408511;;;ASH_COATED_OSMIUM;XIRECS;9989.0;4
409759;;;INTARIAN_PEPPER_ROOT;XIRECS;44417.0;5
410703;;;ASH_COATED_OSMIUM;XIRECS;9982.0;6
411451;;;ASH_COATED_OSMIUM;XIRECS;10009.0;4
414224;;;INTARIAN_PEPPER_ROOT;XIRECS;44421.0;5
414695;;;ASH_COATED_OSMIUM;XIRECS;9989.0;2
415746;;;ASH_COATED_OSMIUM;XIRECS;10015.0;7
416774;;;ASH_COATED_OSMIUM;XIRECS;10000.0;2
418776;;;INTARIAN_PEPPER_ROOT;XIRECS;44410.0;7
418902;;;ASH_COATED_OSMIUM;XIRECS;9976.0;7
419405;;;INTARIAN_PEPPER_ROOT;XIRECS;44426.0;5
420880;;;INTARIAN_PEPPER_ROOT;XIRECS;44413.0;7
420936;;;ASH_COATED_OSMIUM;XIRECS;10003.0;3
421000;;;INTARIAN_PEPPER_ROOT;XIRECS;44427.0;7
421470;;;ASH_COATED_OSMIUM;XIRECS;9999.0;6
422484;;;ASH_COATED_OSMIUM;XIRECS;9998.0;8
429145;;;INTARIAN_PEPPER_ROOT;XIRECS;44438.0;6
429260;;;ASH_COATED_OSMIUM;XIRECS;9983.0;5
430990;;;INTARIAN_PEPPER_ROOT;XIRECS;44423.0;7
432314;;;ASH_COATED_OSMIUM;XIRECS;9989.0;8
432358;;;ASH_COATED_OSMIUM;XIRECS;9989.0;5
435371;;;ASH_COATED_OSMIUM;XIRECS;9998.0;2
435935;;;ASH_COATED_OSMIUM;XIRECS;9990.0;2
436443;;;ASH_COATED_OSMIUM;XIRECS;9987.0;6
437399;;;INTARIAN_PEPPER_ROOT;XIRECS;44444.0;8
438212;;;INTARIAN_PEPPER_ROOT;XIRECS;44430.0;6
438770;;;INTARIAN_PEPPER_ROOT;XIRECS;44440.0;7
439106;;;INTARIAN_PEPPER_ROOT;XIRECS;44445.0;4
439249;;;ASH_COATED_OSMIUM;XIRECS;9986.0;5
439313;;;ASH_COATED_OSMIUM;XIRECS;9995.0;3
441043;;;INTARIAN_PEPPER_ROOT;XIRECS;44428.0;3
441057;;;ASH_COATED_OSMIUM;XIRECS;9994.0;3
441523;;;ASH_COATED_OSMIUM;XIRECS;9992.0;6
442545;;;ASH_COATED_OSMIUM;XIRECS;9992.0;9
444978;;;INTARIAN_PEPPER_ROOT;XIRECS;44451.0;7
445203;;;ASH_COATED_OSMIUM;XIRECS;10015.0;6
446296;;;INTARIAN_PEPPER_ROOT;XIRECS;44438.0;3
447161;;;INTARIAN_PEPPER_ROOT;XIRECS;44441.0;4
447578;;;INTARIAN_PEPPER_ROOT;XIRECS;44456.0;5
450963;;;ASH_COATED_OSMIUM;XIRECS;10007.0;6
451430;;;ASH_COATED_OSMIUM;XIRECS;9996.0;6
452412;;;INTARIAN_PEPPER_ROOT;XIRECS;44458.0;8
453110;;;ASH_COATED_OSMIUM;XIRECS;9990.0;5
453883;;;ASH_COATED_OSMIUM;XIRECS;10004.0;2
455749;;;ASH_COATED_OSMIUM;XIRECS;9992.0;6
455836;;;ASH_COATED_OSMIUM;XIRECS;9999.0;3
456635;;;INTARIAN_PEPPER_ROOT;XIRECS;44466.0;5
457236;;;INTARIAN_PEPPER_ROOT;XIRECS;44456.0;7
460400;;;ASH_COATED_OSMIUM;XIRECS;10008.0;4
462648;;;ASH_COATED_OSMIUM;XIRECS;9998.0;9
463166;;;ASH_COATED_OSMIUM;XIRECS;10005.0;2
466282;;;ASH_COATED_OSMIUM;XIRECS;10008.0;3
468414;;;INTARIAN_PEPPER_ROOT;XIRECS;44463.0;3
470544;;;INTARIAN_PEPPER_ROOT;XIRECS;44462.0;5
470943;;;INTARIAN_PEPPER_ROOT;XIRECS;44480.0;7
472300;;;INTARIAN_PEPPER_ROOT;XIRECS;44477.0;3
477889;;;INTARIAN_PEPPER_ROOT;XIRECS;44485.0;5
479106;;;ASH_COATED_OSMIUM;XIRECS;10003.0;4
480888;;;ASH_COATED_OSMIUM;XIRECS;10016.0;2
480976;;;ASH_COATED_OSMIUM;XIRECS;9999.0;6
482377;;;INTARIAN_PEPPER_ROOT;XIRECS;44484.0;3
484767;;;INTARIAN_PEPPER_ROOT;XIRECS;44490.0;6
487223;;;ASH_COATED_OSMIUM;XIRECS;10004.0;8
488111;;;ASH_COATED_OSMIUM;XIRECS;9993.0;6
489027;;;ASH_COATED_OSMIUM;XIRECS;10011.0;5
491530;;;INTARIAN_PEPPER_ROOT;XIRECS;44483.0;3
491572;;;ASH_COATED_OSMIUM;XIRECS;10000.0;6
493432;;;INTARIAN_PEPPER_ROOT;XIRECS;44500.0;5
493884;;;INTARIAN_PEPPER_ROOT;XIRECS;44501.0;6
496456;;;INTARIAN_PEPPER_ROOT;XIRECS;44502.0;7
499455;;;ASH_COATED_OSMIUM;XIRECS;10005.0;4
501845;;;ASH_COATED_OSMIUM;XIRECS;10011.0;4
502959;;;ASH_COATED_OSMIUM;XIRECS;9989.0;6
503338;;;INTARIAN_PEPPER_ROOT;XIRECS;44497.0;6
503443;;;INTARIAN_PEPPER_ROOT;XIRECS;44513.0;6
503779;;;INTARIAN_PEPPER_ROOT;XIRECS;44511.0;7
504810;;;ASH_COATED_OSMIUM;XIRECS;9992.0;7
505016;;;ASH_COATED_OSMIUM;XIRECS;9988.0;4
507995;;;INTARIAN_PEPPER_ROOT;XIRECS;44517.0;6
508121;;;INTARIAN_PEPPER_ROOT;XIRECS;44515.0;8
508210;;;INTARIAN_PEPPER_ROOT;XIRECS;44502.0;4
509271;;;INTARIAN_PEPPER_ROOT;XIRECS;44503.0;5
511373;;;ASH_COATED_OSMIUM;XIRECS;9998.0;2
511995;;;ASH_COATED_OSMIUM;XIRECS;9996.0;4
512379;;;INTARIAN_PEPPER_ROOT;XIRECS;44504.0;6
513491;;;INTARIAN_PEPPER_ROOT;XIRECS;44524.0;7
516680;;;ASH_COATED_OSMIUM;XIRECS;10016.0;2
516818;;;INTARIAN_PEPPER_ROOT;XIRECS;44508.0;4
519618;;;ASH_COATED_OSMIUM;XIRECS;10002.0;10
520200;;;INTARIAN_PEPPER_ROOT;XIRECS;44527.0;4
520566;;;INTARIAN_PEPPER_ROOT;XIRECS;44527.0;7
521026;;;INTARIAN_PEPPER_ROOT;XIRECS;44527.0;4
521065;;;ASH_COATED_OSMIUM;XIRECS;10011.0;5
521586;;;ASH_COATED_OSMIUM;XIRECS;9993.0;2
522263;;;ASH_COATED_OSMIUM;XIRECS;10006.0;5
522369;;;INTARIAN_PEPPER_ROOT;XIRECS;44519.0;7
525607;;;ASH_COATED_OSMIUM;XIRECS;9988.0;3
527417;;;ASH_COATED_OSMIUM;XIRECS;10011.0;2
528395;;;INTARIAN_PEPPER_ROOT;XIRECS;44535.0;4
538292;;;INTARIAN_PEPPER_ROOT;XIRECS;44533.0;5
540146;;;ASH_COATED_OSMIUM;XIRECS;10009.0;5
540979;;;ASH_COATED_OSMIUM;XIRECS;10004.0;9
541631;;;INTARIAN_PEPPER_ROOT;XIRECS;44548.0;7
544883;;;ASH_COATED_OSMIUM;XIRECS;9986.0;4
545626;;;ASH_COATED_OSMIUM;XIRECS;10002.0;6
545693;;;INTARIAN_PEPPER_ROOT;XIRECS;44551.0;6
547496;;;ASH_COATED_OSMIUM;XIRECS;9983.0;5
549714;;;ASH_COATED_OSMIUM;XIRECS;10011.0;3
550448;;;ASH_COATED_OSMIUM;XIRECS;9986.0;5
551213;;;INTARIAN_PEPPER_ROOT;XIRECS;44545.0;6
553833;;;INTARIAN_PEPPER_ROOT;XIRECS;44558.0;3
555124;;;ASH_COATED_OSMIUM;XIRECS;9998.0;10
555929;;;INTARIAN_PEPPER_ROOT;XIRECS;44547.0;8
556629;;;INTARIAN_PEPPER_ROOT;XIRECS;44555.0;5
558583;;;ASH_COATED_OSMIUM;XIRECS;9992.0;10
558622;;;INTARIAN_PEPPER_ROOT;XIRECS;44567.0;6
560704;;;ASH_COATED_OSMIUM;XIRECS;9987.0;10
560957;;;ASH_COATED_OSMIUM;XIRECS;10008.0;10
565317;;;ASH_COATED_OSMIUM;XIRECS;9992.0;7
565430;;;INTARIAN_PEPPER_ROOT;XIRECS;44576.0;8
566815;;;ASH_COATED_OSMIUM;XIRECS;10009.0;5
568060;;;ASH_COATED_OSMIUM;XIRECS;9986.0;4
568674;;;ASH_COATED_OSMIUM;XIRECS;9979.0;5
569127;;;ASH_COATED_OSMIUM;XIRECS;9992.0;2
569286;;;ASH_COATED_OSMIUM;XIRECS;9994.0;4
569874;;;INTARIAN_PEPPER_ROOT;XIRECS;44576.0;5
571179;;;ASH_COATED_OSMIUM;XIRECS;9992.0;6
572040;;;INTARIAN_PEPPER_ROOT;XIRECS;44565.0;7
576030;;;ASH_COATED_OSMIUM;XIRECS;9984.0;4
576355;;;ASH_COATED_OSMIUM;XIRECS;10001.0;9
576980;;;INTARIAN_PEPPER_ROOT;XIRECS;44584.0;6
577931;;;ASH_COATED_OSMIUM;XIRECS;9986.0;10
578847;;;ASH_COATED_OSMIUM;XIRECS;9989.0;5
581892;;;INTARIAN_PEPPER_ROOT;XIRECS;44591.0;3
583305;;;ASH_COATED_OSMIUM;XIRECS;10002.0;6
583381;;;ASH_COATED_OSMIUM;XIRECS;10002.0;2
584130;;;ASH_COATED_OSMIUM;XIRECS;9987.0;6
585099;;;ASH_COATED_OSMIUM;XIRECS;9991.0;6
587735;;;ASH_COATED_OSMIUM;XIRECS;9982.0;2
589927;;;ASH_COATED_OSMIUM;XIRECS;9996.0;5
590620;;;ASH_COATED_OSMIUM;XIRECS;10000.0;4
590698;;;INTARIAN_PEPPER_ROOT;XIRECS;44584.0;6
593369;;;ASH_COATED_OSMIUM;XIRECS;10010.0;6
593377;;;INTARIAN_PEPPER_ROOT;XIRECS;44589.0;6
596577;;;INTARIAN_PEPPER_ROOT;XIRECS;44603.0;3
598752;;;INTARIAN_PEPPER_ROOT;XIRECS;44593.0;7
599433;;;ASH_COATED_OSMIUM;XIRECS;9997.0;8
601048;;;INTARIAN_PEPPER_ROOT;XIRECS;44607.0;3
601266;;;INTARIAN_PEPPER_ROOT;XIRECS;44597.0;3
603698;;;ASH_COATED_OSMIUM;XIRECS;10018.0;10
606242;;;ASH_COATED_OSMIUM;XIRECS;10006.0;7
606441;;;ASH_COATED_OSMIUM;XIRECS;9987.0;7
610574;;;INTARIAN_PEPPER_ROOT;XIRECS;44606.0;3
611531;;;INTARIAN_PEPPER_ROOT;XIRECS;44621.0;6
612070;;;INTARIAN_PEPPER_ROOT;XIRECS;44617.0;7
614008;;;ASH_COATED_OSMIUM;XIRECS;10008.0;4
618623;;;ASH_COATED_OSMIUM;XIRECS;10011.0;3
619888;;;INTARIAN_PEPPER_ROOT;XIRECS;44629.0;3
624187;;;INTARIAN_PEPPER_ROOT;XIRECS;44614.0;3
626231;;;ASH_COATED_OSMIUM;XIRECS;9983.0;8
626535;;;ASH_COATED_OSMIUM;XIRECS;9988.0;6
627663;;;ASH_COATED_OSMIUM;XIRECS;9988.0;5
630568;;;INTARIAN_PEPPER_ROOT;XIRECS;44631.0;5
631562;;;ASH_COATED_OSMIUM;XIRECS;10004.0;8
633182;;;INTARIAN_PEPPER_ROOT;XIRECS;44621.0;3
633882;;;ASH_COATED_OSMIUM;XIRECS;9992.0;2
633970;;;INTARIAN_PEPPER_ROOT;XIRECS;44641.0;7
634316;;;INTARIAN_PEPPER_ROOT;XIRECS;44641.0;4
635288;;;ASH_COATED_OSMIUM;XIRECS;10003.0;5
637209;;;INTARIAN_PEPPER_ROOT;XIRECS;44633.0;5
638085;;;ASH_COATED_OSMIUM;XIRECS;9987.0;9
638961;;;INTARIAN_PEPPER_ROOT;XIRECS;44641.0;7
641180;;;INTARIAN_PEPPER_ROOT;XIRECS;44646.0;7
643972;;;ASH_COATED_OSMIUM;XIRECS;10010.0;3
644332;;;ASH_COATED_OSMIUM;XIRECS;9994.0;2
644815;;;ASH_COATED_OSMIUM;XIRECS;10003.0;4
645145;;;ASH_COATED_OSMIUM;XIRECS;10001.0;3
646009;;;ASH_COATED_OSMIUM;XIRECS;10003.0;5
646519;;;ASH_COATED_OSMIUM;XIRECS;9988.0;4
647631;;;ASH_COATED_OSMIUM;XIRECS;9999.0;4
647647;;;INTARIAN_PEPPER_ROOT;XIRECS;44637.0;5
649719;;;ASH_COATED_OSMIUM;XIRECS;10005.0;4
649898;;;INTARIAN_PEPPER_ROOT;XIRECS;44656.0;7
650126;;;ASH_COATED_OSMIUM;XIRECS;10008.0;3
650548;;;ASH_COATED_OSMIUM;XIRECS;10008.0;6
650649;;;INTARIAN_PEPPER_ROOT;XIRECS;44659.0;7
651326;;;ASH_COATED_OSMIUM;XIRECS;9998.0;8
652721;;;INTARIAN_PEPPER_ROOT;XIRECS;44661.0;7
653193;;;ASH_COATED_OSMIUM;XIRECS;10012.0;6
654235;;;ASH_COATED_OSMIUM;XIRECS;10004.0;2
656927;;;INTARIAN_PEPPER_ROOT;XIRECS;44651.0;3
656939;;;ASH_COATED_OSMIUM;XIRECS;10010.0;8
657562;;;INTARIAN_PEPPER_ROOT;XIRECS;44662.0;6
659000;;;INTARIAN_PEPPER_ROOT;XIRECS;44666.0;6
660328;;;ASH_COATED_OSMIUM;XIRECS;9987.0;3
660818;;;INTARIAN_PEPPER_ROOT;XIRECS;44653.0;3
661526;;;ASH_COATED_OSMIUM;XIRECS;10004.0;2
667314;;;INTARIAN_PEPPER_ROOT;XIRECS;44661.0;7
667887;;;ASH_COATED_OSMIUM;XIRECS;10010.0;3
668021;;;INTARIAN_PEPPER_ROOT;XIRECS;44674.0;6
668257;;;ASH_COATED_OSMIUM;XIRECS;10006.0;4
668664;;;ASH_COATED_OSMIUM;XIRECS;9994.0;5
670107;;;ASH_COATED_OSMIUM;XIRECS;9987.0;2
673710;;;INTARIAN_PEPPER_ROOT;XIRECS;44667.0;4
673864;;;ASH_COATED_OSMIUM;XIRECS;10013.0;7
673944;;;ASH_COATED_OSMIUM;XIRECS;9990.0;5
675035;;;ASH_COATED_OSMIUM;XIRECS;9994.0;4
675336;;;ASH_COATED_OSMIUM;XIRECS;9995.0;9
677183;;;INTARIAN_PEPPER_ROOT;XIRECS;44670.0;5
677189;;;ASH_COATED_OSMIUM;XIRECS;9995.0;2
677447;;;INTARIAN_PEPPER_ROOT;XIRECS;44683.0;7
681873;;;ASH_COATED_OSMIUM;XIRECS;9994.0;5
682290;;;ASH_COATED_OSMIUM;XIRECS;9999.0;8
683842;;;INTARIAN_PEPPER_ROOT;XIRECS;44689.0;5
683864;;;INTARIAN_PEPPER_ROOT;XIRECS;44678.0;3
683929;;;INTARIAN_PEPPER_ROOT;XIRECS;44691.0;5
685634;;;INTARIAN_PEPPER_ROOT;XIRECS;44676.0;3
685648;;;ASH_COATED_OSMIUM;XIRECS;10007.0;2
685795;;;ASH_COATED_OSMIUM;XIRECS;9992.0;5
686333;;;INTARIAN_PEPPER_ROOT;XIRECS;44695.0;5
687787;;;INTARIAN_PEPPER_ROOT;XIRECS;44695.0;3
688620;;;ASH_COATED_OSMIUM;XIRECS;10000.0;3
690425;;;ASH_COATED_OSMIUM;XIRECS;9989.0;9
690429;;;ASH_COATED_OSMIUM;XIRECS;10005.0;5
690589;;;INTARIAN_PEPPER_ROOT;XIRECS;44685.0;5
694530;;;ASH_COATED_OSMIUM;XIRECS;10000.0;9
694734;;;ASH_COATED_OSMIUM;XIRECS;10002.0;3
695038;;;ASH_COATED_OSMIUM;XIRECS;10010.0;6
696310;;;INTARIAN_PEPPER_ROOT;XIRECS;44707.0;6
698075;;;INTARIAN_PEPPER_ROOT;XIRECS;44688.0;7
700352;;;INTARIAN_PEPPER_ROOT;XIRECS;44695.0;7
701783;;;ASH_COATED_OSMIUM;XIRECS;10009.0;4
704018;;;ASH_COATED_OSMIUM;XIRECS;10012.0;3
706382;;;ASH_COATED_OSMIUM;XIRECS;9998.0;3
706896;;;INTARIAN_PEPPER_ROOT;XIRECS;44707.0;6
707889;;;ASH_COATED_OSMIUM;XIRECS;9996.0;9
708137;;;INTARIAN_PEPPER_ROOT;XIRECS;44708.0;3
717731;;;ASH_COATED_OSMIUM;XIRECS;10009.0;6
718581;;;INTARIAN_PEPPER_ROOT;XIRECS;44724.0;8
718902;;;ASH_COATED_OSMIUM;XIRECS;10005.0;4
719223;;;INTARIAN_PEPPER_ROOT;XIRECS;44709.0;3
719504;;;INTARIAN_PEPPER_ROOT;XIRECS;44727.0;5
720408;;;ASH_COATED_OSMIUM;XIRECS;10008.0;3
720575;;;INTARIAN_PEPPER_ROOT;XIRECS;44725.0;8
725607;;;INTARIAN_PEPPER_ROOT;XIRECS;44732.0;3
727719;;;INTARIAN_PEPPER_ROOT;XIRECS;44723.0;7
729068;;;ASH_COATED_OSMIUM;XIRECS;10008.0;4
732630;;;ASH_COATED_OSMIUM;XIRECS;9995.0;2
732814;;;INTARIAN_PEPPER_ROOT;XIRECS;44740.0;4
733552;;;INTARIAN_PEPPER_ROOT;XIRECS;44725.0;4
734566;;;INTARIAN_PEPPER_ROOT;XIRECS;44731.0;3
736164;;;ASH_COATED_OSMIUM;XIRECS;9994.0;5
742295;;;INTARIAN_PEPPER_ROOT;XIRECS;44738.0;5
742704;;;ASH_COATED_OSMIUM;XIRECS;9988.0;8
742754;;;ASH_COATED_OSMIUM;XIRECS;10004.0;9
743076;;;INTARIAN_PEPPER_ROOT;XIRECS;44741.0;6
743870;;;ASH_COATED_OSMIUM;XIRECS;9990.0;3
747834;;;ASH_COATED_OSMIUM;XIRECS;9998.0;6
753150;;;ASH_COATED_OSMIUM;XIRECS;9981.0;4
753542;;;ASH_COATED_OSMIUM;XIRECS;9985.0;8
758679;;;ASH_COATED_OSMIUM;XIRECS;9988.0;4
758848;;;ASH_COATED_OSMIUM;XIRECS;9995.0;5
759320;;;INTARIAN_PEPPER_ROOT;XIRECS;44752.0;6
759839;;;ASH_COATED_OSMIUM;XIRECS;10015.0;9
760688;;;ASH_COATED_OSMIUM;XIRECS;10009.0;6
762102;;;ASH_COATED_OSMIUM;XIRECS;9998.0;5
763934;;;ASH_COATED_OSMIUM;XIRECS;10004.0;6
766385;;;ASH_COATED_OSMIUM;XIRECS;10001.0;6
767138;;;INTARIAN_PEPPER_ROOT;XIRECS;44760.0;7
768381;;;INTARIAN_PEPPER_ROOT;XIRECS;44762.0;6
774922;;;ASH_COATED_OSMIUM;XIRECS;9988.0;9
775140;;;ASH_COATED_OSMIUM;XIRECS;10005.0;5
778579;;;INTARIAN_PEPPER_ROOT;XIRECS;44771.0;6
778882;;;ASH_COATED_OSMIUM;XIRECS;9999.0;4
779244;;;ASH_COATED_OSMIUM;XIRECS;10008.0;4
780522;;;INTARIAN_PEPPER_ROOT;XIRECS;44777.0;7
780531;;;ASH_COATED_OSMIUM;XIRECS;10009.0;8
780552;;;INTARIAN_PEPPER_ROOT;XIRECS;44777.0;6
782634;;;ASH_COATED_OSMIUM;XIRECS;10006.0;3
784030;;;ASH_COATED_OSMIUM;XIRECS;9992.0;3
784131;;;ASH_COATED_OSMIUM;XIRECS;10005.0;6
788690;;;INTARIAN_PEPPER_ROOT;XIRECS;44780.0;6
794613;;;ASH_COATED_OSMIUM;XIRECS;9999.0;2
794699;;;INTARIAN_PEPPER_ROOT;XIRECS;44800.0;7
795975;;;INTARIAN_PEPPER_ROOT;XIRECS;44803.0;5
803319;;;ASH_COATED_OSMIUM;XIRECS;9999.0;10
803418;;;INTARIAN_PEPPER_ROOT;XIRECS;44809.0;3
803718;;;INTARIAN_PEPPER_ROOT;XIRECS;44793.0;6
807798;;;INTARIAN_PEPPER_ROOT;XIRECS;44802.0;4
809359;;;INTARIAN_PEPPER_ROOT;XIRECS;44801.0;6
809742;;;INTARIAN_PEPPER_ROOT;XIRECS;44800.0;5
809797;;;ASH_COATED_OSMIUM;XIRECS;10004.0;5
811720;;;INTARIAN_PEPPER_ROOT;XIRECS;44817.0;4
815090;;;INTARIAN_PEPPER_ROOT;XIRECS;44821.0;5
816950;;;INTARIAN_PEPPER_ROOT;XIRECS;44810.0;6
817949;;;ASH_COATED_OSMIUM;XIRECS;10009.0;5
818727;;;ASH_COATED_OSMIUM;XIRECS;9991.0;2
821057;;;INTARIAN_PEPPER_ROOT;XIRECS;44828.0;3
823951;;;INTARIAN_PEPPER_ROOT;XIRECS;44828.0;4
826600;;;INTARIAN_PEPPER_ROOT;XIRECS;44822.0;6
827261;;;INTARIAN_PEPPER_ROOT;XIRECS;44835.0;6
827790;;;INTARIAN_PEPPER_ROOT;XIRECS;44820.0;3
828689;;;ASH_COATED_OSMIUM;XIRECS;9999.0;3
829698;;;ASH_COATED_OSMIUM;XIRECS;9997.0;6
830992;;;INTARIAN_PEPPER_ROOT;XIRECS;44827.0;3
832030;;;ASH_COATED_OSMIUM;XIRECS;10000.0;5
832130;;;INTARIAN_PEPPER_ROOT;XIRECS;44839.0;5
832959;;;ASH_COATED_OSMIUM;XIRECS;9982.0;4
833121;;;INTARIAN_PEPPER_ROOT;XIRECS;44839.0;5
834080;;;INTARIAN_PEPPER_ROOT;XIRECS;44842.0;5
835561;;;ASH_COATED_OSMIUM;XIRECS;10004.0;5
836811;;;ASH_COATED_OSMIUM;XIRECS;10010.0;3
837428;;;ASH_COATED_OSMIUM;XIRECS;10019.0;4
837902;;;INTARIAN_PEPPER_ROOT;XIRECS;44831.0;7
840663;;;INTARIAN_PEPPER_ROOT;XIRECS;44842.0;3
844041;;;INTARIAN_PEPPER_ROOT;XIRECS;44849.0;4
844792;;;INTARIAN_PEPPER_ROOT;XIRECS;44839.0;5
848087;;;INTARIAN_PEPPER_ROOT;XIRECS;44847.0;7
849415;;;ASH_COATED_OSMIUM;XIRECS;10006.0;6
850051;;;INTARIAN_PEPPER_ROOT;XIRECS;44851.0;5
850551;;;ASH_COATED_OSMIUM;XIRECS;9998.0;9
850967;;;ASH_COATED_OSMIUM;XIRECS;10012.0;5
851042;;;ASH_COATED_OSMIUM;XIRECS;9995.0;3
851178;;;ASH_COATED_OSMIUM;XIRECS;9992.0;7
851645;;;ASH_COATED_OSMIUM;XIRECS;9985.0;8
852630;;;ASH_COATED_OSMIUM;XIRECS;10002.0;2
853831;;;INTARIAN_PEPPER_ROOT;XIRECS;44847.0;8
858308;;;ASH_COATED_OSMIUM;XIRECS;9987.0;2
860171;;;INTARIAN_PEPPER_ROOT;XIRECS;44864.0;4
861592;;;INTARIAN_PEPPER_ROOT;XIRECS;44858.0;3
862041;;;INTARIAN_PEPPER_ROOT;XIRECS;44869.0;5
862065;;;ASH_COATED_OSMIUM;XIRECS;9995.0;5
862221;;;ASH_COATED_OSMIUM;XIRECS;9995.0;10
863761;;;ASH_COATED_OSMIUM;XIRECS;9993.0;6
864298;;;INTARIAN_PEPPER_ROOT;XIRECS;44871.0;4
866366;;;INTARIAN_PEPPER_ROOT;XIRECS;44870.0;3
868289;;;INTARIAN_PEPPER_ROOT;XIRECS;44878.0;6
869007;;;ASH_COATED_OSMIUM;XIRECS;9989.0;3
870718;;;ASH_COATED_OSMIUM;XIRECS;10012.0;8
871112;;;INTARIAN_PEPPER_ROOT;XIRECS;44865.0;3
871885;;;INTARIAN_PEPPER_ROOT;XIRECS;44881.0;5
873496;;;ASH_COATED_OSMIUM;XIRECS;9982.0;6
873920;;;INTARIAN_PEPPER_ROOT;XIRECS;44877.0;7
874305;;;ASH_COATED_OSMIUM;XIRECS;9983.0;5
874874;;;INTARIAN_PEPPER_ROOT;XIRECS;44864.0;5
875765;;;ASH_COATED_OSMIUM;XIRECS;9993.0;7
877298;;;INTARIAN_PEPPER_ROOT;XIRECS;44871.0;6
877389;;;INTARIAN_PEPPER_ROOT;XIRECS;44868.0;6
877811;;;ASH_COATED_OSMIUM;XIRECS;10013.0;7
882255;;;ASH_COATED_OSMIUM;XIRECS;10007.0;4
883836;;;INTARIAN_PEPPER_ROOT;XIRECS;44888.0;5
883852;;;ASH_COATED_OSMIUM;XIRECS;9993.0;7
887131;;;INTARIAN_PEPPER_ROOT;XIRECS;44880.0;7
887420;;;INTARIAN_PEPPER_ROOT;XIRECS;44893.0;5
889629;;;ASH_COATED_OSMIUM;XIRECS;9993.0;9
889889;;;INTARIAN_PEPPER_ROOT;XIRECS;44884.0;4
891677;;;INTARIAN_PEPPER_ROOT;XIRECS;44884.0;5
891858;;;ASH_COATED_OSMIUM;XIRECS;9997.0;4
893175;;;ASH_COATED_OSMIUM;XIRECS;9995.0;7
895550;;;ASH_COATED_OSMIUM;XIRECS;9995.0;2
896938;;;ASH_COATED_OSMIUM;XIRECS;9990.0;10
897661;;;INTARIAN_PEPPER_ROOT;XIRECS;44904.0;4
898311;;;INTARIAN_PEPPER_ROOT;XIRECS;44910.0;4
898709;;;INTARIAN_PEPPER_ROOT;XIRECS;44897.0;4
899260;;;INTARIAN_PEPPER_ROOT;XIRECS;44904.0;8
899865;;;ASH_COATED_OSMIUM;XIRECS;9984.0;3
900880;;;ASH_COATED_OSMIUM;XIRECS;9997.0;9
902253;;;INTARIAN_PEPPER_ROOT;XIRECS;44908.0;5
906601;;;INTARIAN_PEPPER_ROOT;XIRECS;44914.0;4
908977;;;ASH_COATED_OSMIUM;XIRECS;10011.0;4
910195;;;INTARIAN_PEPPER_ROOT;XIRECS;44919.0;3
910321;;;ASH_COATED_OSMIUM;XIRECS;10008.0;10
910383;;;INTARIAN_PEPPER_ROOT;XIRECS;44915.0;3
912489;;;ASH_COATED_OSMIUM;XIRECS;10007.0;5
912709;;;ASH_COATED_OSMIUM;XIRECS;9992.0;2
913024;;;ASH_COATED_OSMIUM;XIRECS;9996.0;4
913724;;;ASH_COATED_OSMIUM;XIRECS;10005.0;6
915230;;;INTARIAN_PEPPER_ROOT;XIRECS;44910.0;3
915468;;;ASH_COATED_OSMIUM;XIRECS;10001.0;10
915477;;;ASH_COATED_OSMIUM;XIRECS;10001.0;3
915502;;;ASH_COATED_OSMIUM;XIRECS;10016.0;5
920129;;;ASH_COATED_OSMIUM;XIRECS;9986.0;3
920465;;;INTARIAN_PEPPER_ROOT;XIRECS;44925.0;6
920744;;;INTARIAN_PEPPER_ROOT;XIRECS;44914.0;6
920793;;;ASH_COATED_OSMIUM;XIRECS;9991.0;9
922433;;;ASH_COATED_OSMIUM;XIRECS;9991.0;6
923898;;;ASH_COATED_OSMIUM;XIRECS;9995.0;7
925712;;;ASH_COATED_OSMIUM;XIRECS;10014.0;6
926428;;;INTARIAN_PEPPER_ROOT;XIRECS;44920.0;8
926454;;;ASH_COATED_OSMIUM;XIRECS;10006.0;3
928414;;;INTARIAN_PEPPER_ROOT;XIRECS;44937.0;6
930445;;;ASH_COATED_OSMIUM;XIRECS;9998.0;2
931720;;;ASH_COATED_OSMIUM;XIRECS;9994.0;8
932089;;;ASH_COATED_OSMIUM;XIRECS;10012.0;5
935827;;;INTARIAN_PEPPER_ROOT;XIRECS;44941.0;3
936870;;;ASH_COATED_OSMIUM;XIRECS;9989.0;9
936883;;;ASH_COATED_OSMIUM;XIRECS;10005.0;3
938049;;;INTARIAN_PEPPER_ROOT;XIRECS;44937.0;5
938488;;;ASH_COATED_OSMIUM;XIRECS;10008.0;3
939068;;;INTARIAN_PEPPER_ROOT;XIRECS;44932.0;6
939197;;;ASH_COATED_OSMIUM;XIRECS;10018.0;7
942413;;;ASH_COATED_OSMIUM;XIRECS;9989.0;4
945642;;;ASH_COATED_OSMIUM;XIRECS;9988.0;5
948799;;;ASH_COATED_OSMIUM;XIRECS;9994.0;5
948904;;;INTARIAN_PEPPER_ROOT;XIRECS;44955.0;3
949798;;;INTARIAN_PEPPER_ROOT;XIRECS;44955.0;6
949927;;;ASH_COATED_OSMIUM;XIRECS;10008.0;10
951996;;;INTARIAN_PEPPER_ROOT;XIRECS;44946.0;5
953078;;;INTARIAN_PEPPER_ROOT;XIRECS;44944.0;6
953414;;;ASH_COATED_OSMIUM;XIRECS;9992.0;6
953977;;;ASH_COATED_OSMIUM;XIRECS;9990.0;8
954082;;;ASH_COATED_OSMIUM;XIRECS;9990.0;6
955070;;;INTARIAN_PEPPER_ROOT;XIRECS;44956.0;3
955711;;;INTARIAN_PEPPER_ROOT;XIRECS;44947.0;6
955975;;;ASH_COATED_OSMIUM;XIRECS;9993.0;3
955994;;;ASH_COATED_OSMIUM;XIRECS;10011.0;9
958008;;;ASH_COATED_OSMIUM;XIRECS;10008.0;6
959064;;;INTARIAN_PEPPER_ROOT;XIRECS;44955.0;6
962932;;;INTARIAN_PEPPER_ROOT;XIRECS;44958.0;4
963701;;;INTARIAN_PEPPER_ROOT;XIRECS;44969.0;3
965700;;;ASH_COATED_OSMIUM;XIRECS;9992.0;2
970333;;;INTARIAN_PEPPER_ROOT;XIRECS;44973.0;5
973222;;;INTARIAN_PEPPER_ROOT;XIRECS;44978.0;4
973269;;;INTARIAN_PEPPER_ROOT;XIRECS;44978.0;6
975913;;;INTARIAN_PEPPER_ROOT;XIRECS;44971.0;7
978783;;;INTARIAN_PEPPER_ROOT;XIRECS;44971.0;4
979221;;;ASH_COATED_OSMIUM;XIRECS;9997.0;10
979346;;;ASH_COATED_OSMIUM;XIRECS;9995.0;5
979678;;;INTARIAN_PEPPER_ROOT;XIRECS;44974.0;5
979801;;;ASH_COATED_OSMIUM;XIRECS;9995.0;2
979998;;;ASH_COATED_OSMIUM;XIRECS;10001.0;4
980628;;;ASH_COATED_OSMIUM;XIRECS;10013.0;10
981159;;;ASH_COATED_OSMIUM;XIRECS;10005.0;4
988632;;;INTARIAN_PEPPER_ROOT;XIRECS;44997.0;6
989277;;;INTARIAN_PEPPER_ROOT;XIRECS;44989.0;3
989607;;;ASH_COATED_OSMIUM;XIRECS;9986.0;3
990562;;;ASH_COATED_OSMIUM;XIRECS;9997.0;5
990755;;;INTARIAN_PEPPER_ROOT;XIRECS;44985.0;7
990826;;;ASH_COATED_OSMIUM;XIRECS;9994.0;8
990899;;;ASH_COATED_OSMIUM;XIRECS;10010.0;3
992170;;;ASH_COATED_OSMIUM;XIRECS;9989.0;5
995619;;;ASH_COATED_OSMIUM;XIRECS;10005.0;2
999281;;;ASH_COATED_OSMIUM;XIRECS;10017.0;3