timestamp;buyer;seller;symbol;currency;price;quantity
2536;;;ASH_COATED_OSMIUM;XIRECS;9995.0;3
3269;;;ASH_COATED_OSMIUM;XIRECS;9994.0;9
8418;;;ASH_COATED_OSMIUM;XIRECS;9992.0;3
9032;;;ASH_COATED_OSMIUM;XIRECS;10012.0;4
9412;;;ASH_COATED_OSMIUM;XIRECS;10010.0;7
9530;;;ASH_COATED_OSMIUM;XIRECS;10011.0;6
9910;;;ASH_COATED_OSMIUM;XIRECS;9995.0;4
10077;;;ASH_COATED_OSMIUM;XIRECS;9990.0;5
10494;;;INTARIAN_PEPPER_ROOT;XIRECS;32004.0;7
10960;;;ASH_COATED_OSMIUM;XIRECS;10013.0;5
11574;;;INTARIAN_PEPPER_ROOT;XIRECS;32000.0;7
12898;;;INTARIAN_PEPPER_ROOT;XIRECS;31999.0;3
14442;;;ASH_COATED_OSMIUM;XIRECS;9990.0;8
15408;;;ASH_COATED_OSMIUM;XIRECS;9989.0;6
16255;;;ASH_COATED_OSMIUM;XIRECS;10010.0;5
16684;;;ASH_COATED_OSMIUM;XIRECS;9993.0;5
16821;;;INTARIAN_PEPPER_ROOT;XIRECS;32009.0;6
18950;;;INTARIAN_PEPPER_ROOT;XIRECS;32010.0;8
19632;;;ASH_COATED_OSMIUM;XIRECS;10005.0;7
19733;;;ASH_COATED_OSMIUM;XIRECS;9994.0;6
19849;;;INTARIAN_PEPPER_ROOT;XIRECS;32024.0;8
21624;;;INTARIAN_PEPPER_ROOT;XIRECS;32026.0;5
23694;;;ASH_COATED_OSMIUM;XIRECS;10002.0;2
23879;;;INTARIAN_PEPPER_ROOT;XIRECS;32032.0;7
24064;;;ASH_COATED_OSMIUM;XIRECS;9985.0;6
24125;;;INTARIAN_PEPPER_ROOT;XIRECS;32029.0;2
24237;;;INTARIAN_PEPPER_ROOT;XIRECS;32035.0;7
24467;;;ASH_COATED_OSMIUM;XIRECS;10001.0;9
25154;;;ASH_COATED_OSMIUM;XIRECS;9989.0;5
25239;;;INTARIAN_PEPPER_ROOT;XIRECS;32027.0;3
25336;;;ASH_COATED_OSMIUM;XIRECS;10000.0;4
26009;;;INTARIAN_PEPPER_ROOT;XIRECS;32024.0;6
28977;;;INTARIAN_PEPPER_ROOT;XIRECS;32036.0;3
30585;;;ASH_COATED_OSMIUM;XIRECS;9986.0;8
31002;;;ASH_COATED_OSMIUM;XIRECS;9981.0;9
31696;;;ASH_COATED_OSMIUM;XIRECS;10003.0;3
34197;;;INTARIAN_PEPPER_ROOT;XIRECS;32037.0;7
37721;;;INTARIAN_PEPPER_ROOT;XIRECS;32028.0;6
39144;;;INTARIAN_PEPPER_ROOT;XIRECS;32043.0;6
40791;;;ASH_COATED_OSMIUM;XIRECS;9983.0;7
43263;;;INTARIAN_PEPPER_ROOT;XIRECS;32055.0;6
44297;;;ASH_COATED_OSMIUM;XIRECS;9986.0;3
44320;;;INTARIAN_PEPPER_ROOT;XIRECS;32038.0;4
47620;;;ASH_COATED_OSMIUM;XIRECS;10013.0;5
51156;;;ASH_COATED_OSMIUM;XIRECS;9994.0;5
51644;;;ASH_COATED_OSMIUM;XIRECS;9988.0;4
51792;;;INTARIAN_PEPPER_ROOT;XIRECS;32061.0;3
53021;;;ASH_COATED_OSMIUM;XIRECS;10007.0;6
53069;;;ASH_COATED_OSMIUM;XIRECS;10007.0;6
53235;;;ASH_COATED_OSMIUM;XIRECS;10012.0;5
54382;;;ASH_COATED_OSMIUM;XIRECS;10006.0;6
54663;;;INTARIAN_PEPPER_ROOT;XIRECS;32065.0;5
55644;;;INTARIAN_PEPPER_ROOT;XIRECS;32047.0;3
56249;;;INTARIAN_PEPPER_ROOT;XIRECS;32060.0;6
56488;;;INTARIAN_PEPPER_ROOT;XIRECS;32051.0;3
56749;;;ASH_COATED_OSMIUM;XIRECS;10007.0;6
56885;;;ASH_COATED_OSMIUM;XIRECS;10007.0;5
57188;;;ASH_COATED_OSMIUM;XIRECS;9995.0;9
61436;;;ASH_COATED_OSMIUM;XIRECS;9990.0;3
63056;;;ASH_COATED_OSMIUM;XIRECS;9989.0;3
64682;;;INTARIAN_PEPPER_ROOT;XIRECS;32071.0;3
65603;;;ASH_COATED_OSMIUM;XIRECS;10015.0;5
67114;;;ASH_COATED_OSMIUM;XIRECS;9989.0;8
67696;;;INTARIAN_PEPPER_ROOT;XIRECS;32060.0;6
68591;;;INTARIAN_PEPPER_ROOT;XIRECS;32076.0;3
74295;;;INTARIAN_PEPPER_ROOT;XIRECS;32082.0;6
74523;;;ASH_COATED_OSMIUM;XIRECS;9995.0;5
75296;;;INTARIAN_PEPPER_ROOT;XIRECS;32088.0;6
77234;;;ASH_COATED_OSMIUM;XIRECS;10005.0;5
77554;;;INTARIAN_PEPPER_ROOT;XIRECS;32082.0;6
78068;;;ASH_COATED_OSMIUM;XIRECS;10005.0;6
78635;;;ASH_COATED_OSMIUM;XIRECS;9991.0;5
78756;;;INTARIAN_PEPPER_ROOT;XIRECS;32072.0;4
79042;;;INTARIAN_PEPPER_ROOT;XIRECS;32075.0;5
80860;;;ASH_COATED_OSMIUM;XIRECS;9997.0;3
82485;;;INTARIAN_PEPPER_ROOT;XIRECS;32075.0;7
82882;;;ASH_COATED_OSMIUM;XIRECS;10013.0;6
83640;;;ASH_COATED_OSMIUM;XIRECS;9992.0;5
84022;;;INTARIAN_PEPPER_ROOT;XIRECS;32093.0;6
84082;;;ASH_COATED_OSMIUM;XIRECS;10009.0;4
86361;;;INTARIAN_PEPPER_ROOT;XIRECS;32083.0;5
87409;;;INTARIAN_PEPPER_ROOT;XIRECS;32074.0;5
87807;;;ASH_COATED_OSMIUM;XIRECS;9992.0;7
91536;;;INTARIAN_PEPPER_ROOT;XIRECS;32084.0;7
93325;;;ASH_COATED_OSMIUM;XIRECS;9990.0;3
94415;;;ASH_COATED_OSMIUM;XIRECS;9993.0;2
94670;;;ASH_COATED_OSMIUM;XIRECS;10005.0;3
95779;;;ASH_COATED_OSMIUM;XIRECS;9987.0;3
96387;;;INTARIAN_PEPPER_ROOT;XIRECS;32102.0;5
96849;;;ASH_COATED_OSMIUM;XIRECS;9990.0;4
99493;;;INTARIAN_PEPPER_ROOT;XIRECS;32092.0;4
99859;;;INTARIAN_PEPPER_ROOT;XIRECS;32094.0;5
104101;;;INTARIAN_PEPPER_ROOT;XIRECS;32096.0;3
105408;;;ASH_COATED_OSMIUM;XIRECS;9986.0;5
106995;;;INTARIAN_PEPPER_ROOT;XIRECS;32114.0;5
110392;;;ASH_COATED_OSMIUM;XIRECS;9988.0;3
110652;;;INTARIAN_PEPPER_ROOT;XIRECS;32107.0;3
112122;;;ASH_COATED_OSMIUM;XIRECS;9984.0;4
113568;;;ASH_COATED_OSMIUM;XIRECS;9999.0;5
115864;;;INTARIAN_PEPPER_ROOT;XIRECS;32105.0;7
117723;;;ASH_COATED_OSMIUM;XIRECS;10013.0;5
117779;;;INTARIAN_PEPPER_ROOT;XIRECS;32124.0;4
119559;;;ASH_COATED_OSMIUM;XIRECS;9995.0;3
122833;;;ASH_COATED_OSMIUM;XIRECS;10008.0;3
123404;;;INTARIAN_PEPPER_ROOT;XIRECS;32129.0;5
125512;;;ASH_COATED_OSMIUM;XIRECS;9997.0;6
125659;;;INTARIAN_PEPPER_ROOT;XIRECS;32130.0;3
125719;;;ASH_COATED_OSMIUM;XIRECS;10010.0;5
126662;;;ASH_COATED_OSMIUM;XIRECS;9994.0;5
128058;;;ASH_COATED_OSMIUM;XIRECS;9994.0;4
129937;;;ASH_COATED_OSMIUM;XIRECS;9994.0;4
131283;;;ASH_COATED_OSMIUM;XIRECS;9991.0;9
132301;;;ASH_COATED_OSMIUM;XIRECS;10013.0;8
135631;;;ASH_COATED_OSMIUM;XIRECS;10002.0;7
137069;;;ASH_COATED_OSMIUM;XIRECS;10011.0;3
137965;;;ASH_COATED_OSMIUM;XIRECS;9995.0;6
140992;;;INTARIAN_PEPPER_ROOT;XIRECS;32146.0;6
142027;;;ASH_COATED_OSMIUM;XIRECS;10012.0;6
143055;;;ASH_COATED_OSMIUM;XIRECS;10008.0;3
146123;;;INTARIAN_PEPPER_ROOT;XIRECS;32141.0;3
151668;;;INTARIAN_PEPPER_ROOT;XIRECS;32157.0;5
152790;;;ASH_COATED_OSMIUM;XIRECS;10000.0;10
156531;;;INTARIAN_PEPPER_ROOT;XIRECS;32148.0;6
158549;;;ASH_COATED_OSMIUM;XIRECS;10015.0;5
159619;;;ASH_COATED_OSMIUM;XIRECS;10015.0;4
166982;;;INTARIAN_PEPPER_ROOT;XIRECS;32165.0;8
167989;;;ASH_COATED_OSMIUM;XIRECS;9992.0;5
171656;;;ASH_COATED_OSMIUM;XIRECS;10015.0;5
171671;;;INTARIAN_PEPPER_ROOT;XIRECS;32166.0;5
172450;;;INTARIAN_PEPPER_ROOT;XIRECS;32175.0;6
178287;;;ASH_COATED_OSMIUM;XIRECS;10019.0;9
178464;;;ASH_COATED_OSMIUM;XIRECS;10022.0;3
180934;;;ASH_COATED_OSMIUM;XIRECS;9998.0;4
182304;;;ASH_COATED_OSMIUM;XIRECS;9996.0;2
186518;;;INTARIAN_PEPPER_ROOT;XIRECS;32195.0;8
187055;;;INTARIAN_PEPPER_ROOT;XIRECS;32193.0;5
191010;;;ASH_COATED_OSMIUM;XIRECS;10017.0;3
191822;;;ASH_COATED_OSMIUM;XIRECS;10019.0;7
192886;;;INTARIAN_PEPPER_ROOT;XIRECS;32184.0;3
197924;;;INTARIAN_PEPPER_ROOT;XIRECS;32189.0;4
200306;;;INTARIAN_PEPPER_ROOT;XIRECS;32195.0;6
200719;;;ASH_COATED_OSMIUM;XIRECS;9993.0;9
202502;;;ASH_COATED_OSMIUM;XIRECS;10015.0;10
202504;;;INTARIAN_PEPPER_ROOT;XIRECS;32196.0;7
206094;;;INTARIAN_PEPPER_ROOT;XIRECS;32214.0;3
206362;;;ASH_COATED_OSMIUM;XIRECS;10020.0;5
206364;;;ASH_COATED_OSMIUM;XIRECS;10020.0;3
206717;;;INTARIAN_PEPPER_ROOT;XIRECS;32212.0;7
206887;;;ASH_COATED_OSMIUM;XIRECS;9998.0;10
207341;;;INTARIAN_PEPPER_ROOT;XIRECS;32200.0;4
208006;;;ASH_COATED_OSMIUM;XIRECS;10003.0;4
210989;;;ASH_COATED_OSMIUM;XIRECS;9996.0;10
212428;;;ASH_COATED_OSMIUM;XIRECS;10013.0;6
214598;;;INTARIAN_PEPPER_ROOT;XIRECS;32218.0;7
216781;;;INTARIAN_PEPPER_ROOT;XIRECS;32209.0;5
218546;;;INTARIAN_PEPPER_ROOT;XIRECS;32223.0;3
219716;;;ASH_COATED_OSMIUM;XIRECS;9996.0;3
222837;;;ASH_COATED_OSMIUM;XIRECS;10008.0;8
223270;;;INTARIAN_PEPPER_ROOT;XIRECS;32235.0;3
224749;;;ASH_COATED_OSMIUM;XIRECS;9990.0;2
225431;;;ASH_COATED_OSMIUM;XIRECS;9992.0;3
225906;;;INTARIAN_PEPPER_ROOT;XIRECS;32230.0;6
226474;;;ASH_COATED_OSMIUM;XIRECS;9994.0;2
227570;;;ASH_COATED_OSMIUM;XIRECS;9993.0;10
227948;;;ASH_COATED_OSMIUM;XIRECS;10009.0;6
230595;;;ASH_COATED_OSMIUM;XIRECS;9992.0;3
234063;;;INTARIAN_PEPPER_ROOT;XIRECS;32238.0;8
234173;;;ASH_COATED_OSMIUM;XIRECS;9991.0;5
235757;;;ASH_COATED_OSMIUM;XIRECS;9988.0;5
235952;;;ASH_COATED_OSMIUM;XIRECS;10005.0;3
238393;;;ASH_COATED_OSMIUM;XIRECS;9989.0;9
240507;;;INTARIAN_PEPPER_ROOT;XIRECS;32230.0;5
240829;;;ASH_COATED_OSMIUM;XIRECS;9995.0;6
241294;;;ASH_COATED_OSMIUM;XIRECS;10000.0;6
242904;;;INTARIAN_PEPPER_ROOT;XIRECS;32238.0;4
244484;;;ASH_COATED_OSMIUM;XIRECS;9990.0;9
244604;;;INTARIAN_PEPPER_ROOT;XIRECS;32239.0;7
247328;;;INTARIAN_PEPPER_ROOT;XIRECS;32255.0;6
247347;;;ASH_COATED_OSMIUM;XIRECS;10008.0;5
248090;;;ASH_COATED_OSMIUM;XIRECS;9992.0;7
249091;;;ASH_COATED_OSMIUM;XIRECS;9983.0;5
250100;;;INTARIAN_PEPPER_ROOT;XIRECS;32249.0;5
250395;;;ASH_COATED_OSMIUM;XIRECS;10004.0;10
255394;;;ASH_COATED_OSMIUM;XIRECS;9983.0;3
255543;;;INTARIAN_PEPPER_ROOT;XIRECS;32247.0;5
259039;;;ASH_COATED_OSMIUM;XIRECS;9994.0;5
259715;;;ASH_COATED_OSMIUM;XIRECS;10005.0;5
259839;;;INTARIAN_PEPPER_ROOT;XIRECS;32252.0;6
261216;;;INTARIAN_PEPPER_ROOT;XIRECS;32250.0;6
261551;;;ASH_COATED_OSMIUM;XIRECS;9985.0;5
261947;;;ASH_COATED_OSMIUM;XIRECS;9985.0;2
262671;;;ASH_COATED_OSMIUM;XIRECS;9987.0;3
268407;;;ASH_COATED_OSMIUM;XIRECS;9992.0;3
271352;;;INTARIAN_PEPPER_ROOT;XIRECS;32271.0;4
273481;;;INTARIAN_PEPPER_ROOT;XIRECS;32266.0;3
274639;;;ASH_COATED_OSMIUM;XIRECS;9996.0;7
275032;;;ASH_COATED_OSMIUM;XIRECS;9991.0;4
275334;;;INTARIAN_PEPPER_ROOT;XIRECS;32282.0;4
276236;;;INTARIAN_PEPPER_ROOT;XIRECS;32281.0;6
278148;;;ASH_COATED_OSMIUM;XIRECS;9999.0;4
279904;;;ASH_COATED_OSMIUM;XIRECS;9991.0;7
282291;;;INTARIAN_PEPPER_ROOT;XIRECS;32289.0;6
282405;;;ASH_COATED_OSMIUM;XIRECS;10000.0;4
283309;;;ASH_COATED_OSMIUM;XIRECS;9999.0;5
284179;;;ASH_COATED_OSMIUM;XIRECS;9999.0;6
285521;;;ASH_COATED_OSMIUM;XIRECS;9992.0;5
289762;;;INTARIAN_PEPPER_ROOT;XIRECS;32289.0;5
290044;;;INTARIAN_PEPPER_ROOT;XIRECS;32285.0;6
292205;;;ASH_COATED_OSMIUM;XIRECS;10008.0;3
293787;;;ASH_COATED_OSMIUM;XIRECS;10014.0;5
297452;;;ASH_COATED_OSMIUM;XIRECS;9996.0;5
300837;;;ASH_COATED_OSMIUM;XIRECS;9997.0;2
302429;;;ASH_COATED_OSMIUM;XIRECS;9992.0;8
303127;;;ASH_COATED_OSMIUM;XIRECS;9996.0;6
303350;;;ASH_COATED_OSMIUM;XIRECS;9992.0;2
304119;;;INTARIAN_PEPPER_ROOT;XIRECS;32300.0;6
305564;;;ASH_COATED_OSMIUM;XIRECS;10011.0;10
307765;;;INTARIAN_PEPPER_ROOT;XIRECS;32316.0;6
309974;;;ASH_COATED_OSMIUM;XIRECS;9988.0;5
310405;;;INTARIAN_PEPPER_ROOT;XIRECS;32318.0;5
310628;;;INTARIAN_PEPPER_ROOT;XIRECS;32317.0;6
311567;;;INTARIAN_PEPPER_ROOT;XIRECS;32322.0;5
319203;;;ASH_COATED_OSMIUM;XIRECS;10008.0;4
319428;;;ASH_COATED_OSMIUM;XIRECS;10013.0;8
319527;;;ASH_COATED_OSMIUM;XIRECS;9996.0;5
320468;;;ASH_COATED_OSMIUM;XIRECS;10008.0;10
321794;;;INTARIAN_PEPPER_ROOT;XIRECS;32330.0;6
323614;;;INTARIAN_PEPPER_ROOT;XIRECS;32330.0;8
325146;;;INTARIAN_PEPPER_ROOT;XIRECS;32332.0;6
328127;;;ASH_COATED_OSMIUM;XIRECS;9993.0;2
329863;;;ASH_COATED_OSMIUM;XIRECS;9992.0;3
331556;;;ASH_COATED_OSMIUM;XIRECS;9984.0;6
332312;;;INTARIAN_PEPPER_ROOT;XIRECS;32344.0;5
332452;;;ASH_COATED_OSMIUM;XIRECS;9988.0;4
332503;;;ASH_COATED_OSMIUM;XIRECS;10004.0;6
332562;;;INTARIAN_PEPPER_ROOT;XIRECS;32337.0;8
334078;;;ASH_COATED_OSMIUM;XIRECS;10003.0;4
335490;;;INTARIAN_PEPPER_ROOT;XIRECS;32342.0;6
337316;;;INTARIAN_PEPPER_ROOT;XIRECS;32327.0;6
337350;;;INTARIAN_PEPPER_ROOT;XIRECS;32327.0;4
337382;;;INTARIAN_PEPPER_ROOT;XIRECS;32339.0;6
337828;;;INTARIAN_PEPPER_ROOT;XIRECS;32332.0;4
339427;;;ASH_COATED_OSMIUM;XIRECS;10003.0;10
340783;;;ASH_COATED_OSMIUM;XIRECS;9982.0;2
341765;;;ASH_COATED_OSMIUM;XIRECS;10005.0;4
341947;;;ASH_COATED_OSMIUM;XIRECS;10001.0;9
342967;;;ASH_COATED_OSMIUM;XIRECS;9987.0;3
344256;;;ASH_COATED_OSMIUM;XIRECS;10004.0;3
344569;;;ASH_COATED_OSMIUM;XIRECS;9988.0;4
346056;;;ASH_COATED_OSMIUM;XIRECS;9982.0;7
347112;;;ASH_COATED_OSMIUM;XIRECS;10001.0;6
348744;;;ASH_COATED_OSMIUM;XIRECS;10003.0;7
350006;;;ASH_COATED_OSMIUM;XIRECS;10005.0;2
350772;;;ASH_COATED_OSMIUM;XIRECS;9990.0;2
352103;;;ASH_COATED_OSMIUM;XIRECS;9989.0;10
353234;;;ASH_COATED_OSMIUM;XIRECS;9995.0;3
353243;;;ASH_COATED_OSMIUM;XIRECS;10005.0;3
355070;;;ASH_COATED_OSMIUM;XIRECS;9986.0;6
355274;;;ASH_COATED_OSMIUM;XIRECS;9988.0;2
356230;;;INTARIAN_PEPPER_ROOT;XIRECS;32364.0;5
357258;;;INTARIAN_PEPPER_ROOT;XIRECS;32363.0;7
357371;;;ASH_COATED_OSMIUM;XIRECS;10002.0;4
358590;;;INTARIAN_PEPPER_ROOT;XIRECS;32354.0;3
360918;;;INTARIAN_PEPPER_ROOT;XIRECS;32356.0;4
361372;;;ASH_COATED_OSMIUM;XIRECS;10003.0;5
363300;;;ASH_COATED_OSMIUM;XIRECS;9992.0;2
366526;;;INTARIAN_PEPPER_ROOT;XIRECS;32371.0;5
366801;;;INTARIAN_PEPPER_ROOT;XIRECS;32358.0;8
367852;;;INTARIAN_PEPPER_ROOT;XIRECS;32374.0;6
367967;;;ASH_COATED_OSMIUM;XIRECS;9993.0;10
368568;;;INTARIAN_PEPPER_ROOT;XIRECS;32366.0;7
369334;;;INTARIAN_PEPPER_ROOT;XIRECS;32378.0;7
370720;;;INTARIAN_PEPPER_ROOT;XIRECS;32381.0;7
371765;;;ASH_COATED_OSMIUM;XIRECS;10002.0;3
372511;;;ASH_COATED_OSMIUM;XIRECS;10011.0;9
376192;;;INTARIAN_PEPPER_ROOT;XIRECS;32385.0;7
376999;;;ASH_COATED_OSMIUM;XIRECS;9987.0;8
378434;;;ASH_COATED_OSMIUM;XIRECS;9988.0;9
380318;;;ASH_COATED_OSMIUM;XIRECS;9983.0;6
381238;;;ASH_COATED_OSMIUM;XIRECS;10007.0;2
381435;;;ASH_COATED_OSMIUM;XIRECS;10007.0;6
382315;;;INTARIAN_PEPPER_ROOT;XIRECS;32372.0;7
382595;;;ASH_COATED_OSMIUM;XIRECS;9999.0;5
383770;;;ASH_COATED_OSMIUM;XIRECS;9999.0;5
387168;;;ASH_COATED_OSMIUM;XIRECS;9984.0;9
388525;;;ASH_COATED_OSMIUM;XIRECS;10000.0;7
389186;;;INTARIAN_PEPPER_ROOT;XIRECS;32393.0;7
390151;;;ASH_COATED_OSMIUM;XIRECS;9987.0;5
390971;;;INTARIAN_PEPPER_ROOT;XIRECS;32400.0;5
392857;;;INTARIAN_PEPPER_ROOT;XIRECS;32385.0;3
394044;;;ASH_COATED_OSMIUM;XIRECS;9996.0;4
394820;;;ASH_COATED_OSMIUM;XIRECS;9985.0;6
396102;;;ASH_COATED_OSMIUM;XIRECS;9977.0;6
397972;;;ASH_COATED_OSMIUM;XIRECS;9986.0;4
403299;;;ASH_COATED_OSMIUM;XIRECS;10001.0;9
403332;;;ASH_COATED_OSMIUM;XIRECS;9985.0;2
404147;;;INTARIAN_PEPPER_ROOT;XIRECS;32394.0;3
404543;;;ASH_COATED_OSMIUM;XIRECS;9998.0;10
404552;;;ASH_COATED_OSMIUM;XIRECS;9998.0;3
404762;;;ASH_COATED_OSMIUM;XIRECS;10003.0;2
405945;;;ASH_COATED_OSMIUM;XIRECS;9997.0;10
406459;;;INTARIAN_PEPPER_ROOT;XIRECS;32397.0;5
406481;;;ASH_COATED_OSMIUM;XIRECS;10004.0;6
409980;;;ASH_COATED_OSMIUM;XIRECS;9994.0;3
409990;;;INTARIAN_PEPPER_ROOT;XIRECS;32401.0;3
412267;;;INTARIAN_PEPPER_ROOT;XIRECS;32406.0;3
414122;;;INTARIAN_PEPPER_ROOT;XIRECS;32404.0;5
416561;;;ASH_COATED_OSMIUM;XIRECS;10000.0;7
416638;;;INTARIAN_PEPPER_ROOT;XIRECS;32424.0;3
417605;;;INTARIAN_PEPPER_ROOT;XIRECS;32413.0;4
417930;;;INTARIAN_PEPPER_ROOT;XIRECS;32411.0;5
418969;;;ASH_COATED_OSMIUM;XIRECS;9990.0;7
424982;;;ASH_COATED_OSMIUM;XIRECS;9984.0;8
425052;;;INTARIAN_PEPPER_ROOT;XIRECS;32432.0;7
428949;;;ASH_COATED_OSMIUM;XIRECS;9997.0;2
431444;;;ASH_COATED_OSMIUM;XIRECS;10000.0;10
433029;;;INTARIAN_PEPPER_ROOT;XIRECS;32440.0;3
434094;;;ASH_COATED_OSMIUM;XIRECS;10000.0;2
434522;;;ASH_COATED_OSMIUM;XIRECS;9989.0;3
434872;;;ASH_COATED_OSMIUM;XIRECS;10000.0;6
435980;;;ASH_COATED_OSMIUM;XIRECS;10000.0;7
436016;;;ASH_COATED_OSMIUM;XIRECS;10007.0;3
437232;;;ASH_COATED_OSMIUM;XIRECS;10002.0;2
437802;;;ASH_COATED_OSMIUM;XIRECS;9994.0;6
440514;;;ASH_COATED_OSMIUM;XIRECS;9986.0;3
441580;;;INTARIAN_PEPPER_ROOT;XIRECS;32449.0;6
442369;;;INTARIAN_PEPPER_ROOT;XIRECS;32447.0;6
444509;;;INTARIAN_PEPPER_ROOT;XIRECS;32455.0;5
444883;;;ASH_COATED_OSMIUM;XIRECS;9994.0;5
445515;;;INTARIAN_PEPPER_ROOT;XIRECS;32437.0;4
450666;;;ASH_COATED_OSMIUM;XIRECS;10005.0;6
452668;;;ASH_COATED_OSMIUM;XIRECS;9990.0;4
453940;;;ASH_COATED_OSMIUM;XIRECS;10010.0;5
457090;;;ASH_COATED_OSMIUM;XIRECS;9994.0;2
457777;;;INTARIAN_PEPPER_ROOT;XIRECS;32461.0;4
461550;;;INTARIAN_PEPPER_ROOT;XIRECS;32456.0;5
461557;;;INTARIAN_PEPPER_ROOT;XIRECS;32456.0;7
464215;;;ASH_COATED_OSMIUM;XIRECS;10011.0;6
464279;;;INTARIAN_PEPPER_ROOT;XIRECS;32470.0;6
465091;;;INTARIAN_PEPPER_ROOT;XIRECS;32473.0;6
465649;;;INTARIAN_PEPPER_ROOT;XIRECS;32471.0;6
466640;;;ASH_COATED_OSMIUM;XIRECS;9997.0;2
466820;;;INTARIAN_PEPPER_ROOT;XIRECS;32459.0;4
467246;;;INTARIAN_PEPPER_ROOT;XIRECS;32462.0;8
468324;;;INTARIAN_PEPPER_ROOT;XIRECS;32477.0;4
468459;;;INTARIAN_PEPPER_ROOT;XIRECS;32457.0;5
469140;;;ASH_COATED_OSMIUM;XIRECS;10012.0;2
470816;;;INTARIAN_PEPPER_ROOT;XIRECS;32477.0;3
471248;;;INTARIAN_PEPPER_ROOT;XIRECS;32467.0;6
476268;;;ASH_COATED_OSMIUM;XIRECS;10014.0;2
477809;;;INTARIAN_PEPPER_ROOT;XIRECS;32483.0;5
478445;;;ASH_COATED_OSMIUM;XIRECS;9991.0;6
478991;;;ASH_COATED_OSMIUM;XIRECS;10006.0;3
479620;;;INTARIAN_PEPPER_ROOT;XIRECS;32486.0;3
482186;;;INTARIAN_PEPPER_ROOT;XIRECS;32485.0;3
482331;;;INTARIAN_PEPPER_ROOT;XIRECS;32489.0;8
482645;;;INTARIAN_PEPPER_ROOT;XIRECS;32473.0;7
482664;;;ASH_COATED_OSMIUM;XIRECS;9988.0;4
483099;;;INTARIAN_PEPPER_ROOT;XIRECS;32496.0;4
484506;;;INTARIAN_PEPPER_ROOT;XIRECS;32474.0;6
486585;;;INTARIAN_PEPPER_ROOT;XIRECS;32489.0;4
489499;;;ASH_COATED_OSMIUM;XIRECS;9992.0;4
490720;;;INTARIAN_PEPPER_ROOT;XIRECS;32485.0;7
494625;;;INTARIAN_PEPPER_ROOT;XIRECS;32504.0;5
496461;;;ASH_COATED_OSMIUM;XIRECS;10006.0;8
497996;;;ASH_COATED_OSMIUM;XIRECS;9994.0;2
498455;;;INTARIAN_PEPPER_ROOT;XIRECS;32503.0;7
501363;;;ASH_COATED_OSMIUM;XIRECS;9992.0;5
503812;;;ASH_COATED_OSMIUM;XIRECS;10002.0;6
505255;;;INTARIAN_PEPPER_ROOT;XIRECS;32498.0;6
505834;;;ASH_COATED_OSMIUM;XIRECS;10009.0;2
506372;;;INTARIAN_PEPPER_ROOT;XIRECS;32502.0;5
506407;;;ASH_COATED_OSMIUM;XIRECS;9998.0;4
507552;;;ASH_COATED_OSMIUM;XIRECS;9998.0;8
507996;;;ASH_COATED_OSMIUM;XIRECS;9997.0;7
511615;;;INTARIAN_PEPPER_ROOT;XIRECS;32508.0;6
512067;;;INTARIAN_PEPPER_ROOT;XIRECS;32508.0;8
515366;;;ASH_COATED_OSMIUM;XIRECS;10005.0;6
515386;;;INTARIAN_PEPPER_ROOT;XIRECS;32503.0;6
515802;;;INTARIAN_PEPPER_ROOT;XIRECS;32508.0;4
516225;;;ASH_COATED_OSMIUM;XIRECS;10010.0;5
516740;;;INTARIAN_PEPPER_ROOT;XIRECS;32522.0;7
517136;;;ASH_COATED_OSMIUM;XIRECS;9995.0;3
520546;;;ASH_COATED_OSMIUM;XIRECS;9993.0;3
520625;;;ASH_COATED_OSMIUM;XIRECS;9989.0;7
520890;;;ASH_COATED_OSMIUM;XIRECS;10005.0;3
521787;;;INTARIAN_PEPPER_ROOT;XIRECS;32530.0;6
522419;;;ASH_COATED_OSMIUM;XIRECS;10010.0;4
524798;;;ASH_COATED_OSMIUM;XIRECS;10013.0;7
525211;;;ASH_COATED_OSMIUM;XIRECS;10013.0;5
526158;;;ASH_COATED_OSMIUM;XIRECS;9997.0;8
526315;;;ASH_COATED_OSMIUM;XIRECS;10012.0;4
527028;;;INTARIAN_PEPPER_ROOT;XIRECS;32533.0;3
528481;;;ASH_COATED_OSMIUM;XIRECS;10003.0;4
532458;;;ASH_COATED_OSMIUM;XIRECS;9992.0;7
533386;;;ASH_COATED_OSMIUM;XIRECS;9996.0;4
535152;;;INTARIAN_PEPPER_ROOT;XIRECS;32541.0;6
535392;;;INTARIAN_PEPPER_ROOT;XIRECS;32529.0;5
537110;;;INTARIAN_PEPPER_ROOT;XIRECS;32545.0;5
538395;;;INTARIAN_PEPPER_ROOT;XIRECS;32542.0;7
542518;;;ASH_COATED_OSMIUM;XIRECS;9985.0;5
542773;;;ASH_COATED_OSMIUM;XIRECS;9990.0;10
544597;;;ASH_COATED_OSMIUM;XIRECS;9984.0;8
549724;;;INTARIAN_PEPPER_ROOT;XIRECS;32558.0;4
550353;;;ASH_COATED_OSMIUM;XIRECS;9983.0;5
551434;;;ASH_COATED_OSMIUM;XIRECS;9986.0;3
551504;;;INTARIAN_PEPPER_ROOT;XIRECS;32544.0;3
551851;;;INTARIAN_PEPPER_ROOT;XIRECS;32542.0;5
553090;;;ASH_COATED_OSMIUM;XIRECS;9987.0;5
555049;;;INTARIAN_PEPPER_ROOT;XIRECS;32547.0;4
557545;;;ASH_COATED_OSMIUM;XIRECS;10003.0;9
558604;;;ASH_COATED_OSMIUM;XIRECS;9991.0;3
559390;;;INTARIAN_PEPPER_ROOT;XIRECS;32564.0;3
560751;;;ASH_COATED_OSMIUM;XIRECS;9985.0;8
560886;;;ASH_COATED_OSMIUM;XIRECS;10005.0;9
561933;;;ASH_COATED_OSMIUM;XIRECS;10003.0;2
562321;;;ASH_COATED_OSMIUM;XIRECS;9999.0;3
563962;;;INTARIAN_PEPPER_ROOT;XIRECS;32556.0;6
564816;;;INTARIAN_PEPPER_ROOT;XIRECS;32554.0;4
567231;;;ASH_COATED_OSMIUM;XIRECS;9987.0;3
569199;;;INTARIAN_PEPPER_ROOT;XIRECS;32557.0;7
569367;;;ASH_COATED_OSMIUM;XIRECS;9993.0;6
569550;;;INTARIAN_PEPPER_ROOT;XIRECS;32576.0;7
570320;;;INTARIAN_PEPPER_ROOT;XIRECS;32561.0;3
572278;;;ASH_COATED_OSMIUM;XIRECS;9988.0;5
573802;;;ASH_COATED_OSMIUM;XIRECS;9992.0;6
573992;;;INTARIAN_PEPPER_ROOT;XIRECS;32568.0;7
576416;;;INTARIAN_PEPPER_ROOT;XIRECS;32580.0;3
576553;;;INTARIAN_PEPPER_ROOT;XIRECS;32570.0;8
578770;;;ASH_COATED_OSMIUM;XIRECS;10010.0;2
579280;;;INTARIAN_PEPPER_ROOT;XIRECS;32578.0;6
582882;;;ASH_COATED_OSMIUM;XIRECS;10010.0;5
584681;;;ASH_COATED_OSMIUM;XIRECS;10012.0;8
584865;;;INTARIAN_PEPPER_ROOT;XIRECS;32576.0;7
585841;;;INTARIAN_PEPPER_ROOT;XIRECS;32576.0;6
587086;;;ASH_COATED_OSMIUM;XIRECS;10002.0;3
587287;;;INTARIAN_PEPPER_ROOT;XIRECS;32583.0;6
587726;;;ASH_COATED_OSMIUM;XIRECS;9990.0;6
588779;;;ASH_COATED_OSMIUM;XIRECS;10011.0;2
589177;;;ASH_COATED_OSMIUM;XIRECS;9990.0;5
589341;;;ASH_COATED_OSMIUM;XIRECS;9996.0;3
590122;;;INTARIAN_PEPPER_ROOT;XIRECS;32578.0;5
590499;;;ASH_COATED_OSMIUM;XIRECS;9994.0;5
591040;;;ASH_COATED_OSMIUM;XIRECS;9988.0;2
593694;;;ASH_COATED_OSMIUM;XIRECS;10009.0;2
595335;;;INTARIAN_PEPPER_ROOT;XIRECS;32589.0;7
597858;;;INTARIAN_PEPPER_ROOT;XIRECS;32592.0;4
599472;;;ASH_COATED_OSMIUM;XIRECS;9994.0;2
603983;;;ASH_COATED_OSMIUM;XIRECS;9995.0;5
605094;;;INTARIAN_PEPPER_ROOT;XIRECS;32600.0;8
607123;;;ASH_COATED_OSMIUM;XIRECS;9991.0;2
607139;;;INTARIAN_PEPPER_ROOT;XIRECS;32613.0;6
608330;;;ASH_COATED_OSMIUM;XIRECS;9995.0;3
609268;;;ASH_COATED_OSMIUM;XIRECS;9997.0;5
609963;;;ASH_COATED_OSMIUM;XIRECS;10013.0;6
610872;;;INTARIAN_PEPPER_ROOT;XIRECS;32604.0;6
610944;;;INTARIAN_PEPPER_ROOT;XIRECS;32616.0;8
611128;;;ASH_COATED_OSMIUM;XIRECS;9995.0;6
612960;;;ASH_COATED_OSMIUM;XIRECS;9991.0;6
613963;;;ASH_COATED_OSMIUM;XIRECS;9997.0;5
614890;;;ASH_COATED_OSMIUM;XIRECS;10007.0;8
616276;;;INTARIAN_PEPPER_ROOT;XIRECS;32623.0;6
617431;;;ASH_COATED_OSMIUM;XIRECS;10001.0;3
618034;;;ASH_COATED_OSMIUM;XIRECS;10015.0;4
618980;;;ASH_COATED_OSMIUM;XIRECS;10014.0;6
619519;;;INTARIAN_PEPPER_ROOT;XIRECS;32616.0;3
621053;;;ASH_COATED_OSMIUM;XIRECS;10003.0;6
621688;;;ASH_COATED_OSMIUM;XIRECS;9990.0;9
624179;;;INTARIAN_PEPPER_ROOT;XIRECS;32621.0;8
625650;;;ASH_COATED_OSMIUM;XIRECS;9991.0;5
625820;;;ASH_COATED_OSMIUM;XIRECS;9992.0;3
632520;;;ASH_COATED_OSMIUM;XIRECS;10000.0;9
633916;;;ASH_COATED_OSMIUM;XIRECS;9984.0;6
634640;;;ASH_COATED_OSMIUM;XIRECS;9999.0;5
636530;;;INTARIAN_PEPPER_ROOT;XIRECS;32644.0;6
637415;;;INTARIAN_PEPPER_ROOT;XIRECS;32641.0;6
639250;;;ASH_COATED_OSMIUM;XIRECS;10000.0;3
639487;;;ASH_COATED_OSMIUM;XIRECS;9982.0;6
640618;;;ASH_COATED_OSMIUM;XIRECS;10006.0;6
643740;;;ASH_COATED_OSMIUM;XIRECS;9990.0;2
647673;;;ASH_COATED_OSMIUM;XIRECS;9994.0;9
656020;;;INTARIAN_PEPPER_ROOT;XIRECS;32647.0;3
656698;;;INTARIAN_PEPPER_ROOT;XIRECS;32667.0;5
657184;;;ASH_COATED_OSMIUM;XIRECS;10008.0;8
657577;;;ASH_COATED_OSMIUM;XIRECS;9991.0;2
658623;;;INTARIAN_PEPPER_ROOT;XIRECS;32667.0;7
658699;;;ASH_COATED_OSMIUM;XIRECS;9995.0;4
659618;;;INTARIAN_PEPPER_ROOT;XIRECS;32655.0;6
660994;;;INTARIAN_PEPPER_ROOT;XIRECS;32666.0;3
662710;;;INTARIAN_PEPPER_ROOT;XIRECS;32655.0;5
664903;;;INTARIAN_PEPPER_ROOT;XIRECS;32675.0;5
664972;;;ASH_COATED_OSMIUM;XIRECS;10011.0;4
665802;;;ASH_COATED_OSMIUM;XIRECS;9991.0;4
666450;;;ASH_COATED_OSMIUM;XIRECS;9991.0;7
668338;;;INTARIAN_PEPPER_ROOT;XIRECS;32671.0;5
668957;;;INTARIAN_PEPPER_ROOT;XIRECS;32675.0;7
671137;;;ASH_COATED_OSMIUM;XIRECS;10009.0;2
672750;;;ASH_COATED_OSMIUM;XIRECS;10013.0;3
678189;;;ASH_COATED_OSMIUM;XIRECS;9994.0;2
679994;;;ASH_COATED_OSMIUM;XIRECS;9992.0;8
684403;;;ASH_COATED_OSMIUM;XIRECS;10013.0;9
686082;;;INTARIAN_PEPPER_ROOT;XIRECS;32694.0;4
689635;;;INTARIAN_PEPPER_ROOT;XIRECS;32696.0;6
689996;;;ASH_COATED_OSMIUM;XIRECS;9992.0;6
690230;;;INTARIAN_PEPPER_ROOT;XIRECS;32684.0;4
692998;;;INTARIAN_PEPPER_ROOT;XIRECS;32684.0;6
693435;;;ASH_COATED_OSMIUM;XIRECS;9996.0;7
694953;;;INTARIAN_PEPPER_ROOT;XIRECS;32691.0;7
695060;;;INTARIAN_PEPPER_ROOT;XIRECS;32695.0;4
695962;;;ASH_COATED_OSMIUM;XIRECS;10000.0;9
696165;;;ASH_COATED_OSMIUM;XIRECS;9990.0;2
696707;;;INTARIAN_PEPPER_ROOT;XIRECS;32692.0;6
697208;;;ASH_COATED_OSMIUM;XIRECS;9991.0;8
697450;;;INTARIAN_PEPPER_ROOT;XIRECS;32704.0;6
699788;;;INTARIAN_PEPPER_ROOT;XIRECS;32702.0;5
700880;;;ASH_COATED_OSMIUM;XIRECS;10014.0;6
701179;;;ASH_COATED_OSMIUM;XIRECS;9996.0;6
702022;;;INTARIAN_PEPPER_ROOT;XIRECS;32694.0;4
702107;;;INTARIAN_PEPPER_ROOT;XIRECS;32709.0;5
704199;;;ASH_COATED_OSMIUM;XIRECS;9993.0;10
704299;;;INTARIAN_PEPPER_ROOT;XIRECS;32697.0;6
704345;;;INTARIAN_PEPPER_ROOT;XIRECS;32709.0;3
704918;;;ASH_COATED_OSMIUM;XIRECS;10013.0;7
705416;;;ASH_COATED_OSMIUM;XIRECS;9993.0;2
706822;;;INTARIAN_PEPPER_ROOT;XIRECS;32712.0;7
707065;;;ASH_COATED_OSMIUM;XIRECS;9996.0;8
711706;;;ASH_COATED_OSMIUM;XIRECS;10015.0;5
712394;;;ASH_COATED_OSMIUM;XIRECS;9993.0;6
713136;;;ASH_COATED_OSMIUM;XIRECS;10015.0;10
716471;;;INTARIAN_PEPPER_ROOT;XIRECS;32714.0;3
719634;;;INTARIAN_PEPPER_ROOT;XIRECS;32727.0;3
720185;;;ASH_COATED_OSMIUM;XIRECS;9997.0;4
722697;;;INTARIAN_PEPPER_ROOT;XIRECS;32713.0;3
723176;;;ASH_COATED_OSMIUM;XIRECS;9994.0;9
723815;;;ASH_COATED_OSMIUM;XIRECS;9988.0;5
724966;;;ASH_COATED_OSMIUM;XIRECS;10010.0;9
725690;;;ASH_COATED_OSMIUM;XIRECS;9993.0;7
730383;;;ASH_COATED_OSMIUM;XIRECS;9986.0;6
732530;;;INTARIAN_PEPPER_ROOT;XIRECS;32726.0;5
732669;;;INTARIAN_PEPPER_ROOT;XIRECS;32735.0;7
732792;;;INTARIAN_PEPPER_ROOT;XIRECS;32725.0;4
734924;;;ASH_COATED_OSMIUM;XIRECS;10006.0;5
735464;;;INTARIAN_PEPPER_ROOT;XIRECS;32736.0;5
736574;;;INTARIAN_PEPPER_ROOT;XIRECS;32742.0;7
736706;;;INTARIAN_PEPPER_ROOT;XIRECS;32742.0;7
736760;;;ASH_COATED_OSMIUM;XIRECS;10001.0;9
737474;;;INTARIAN_PEPPER_ROOT;XIRECS;32733.0;3
738463;;;ASH_COATED_OSMIUM;XIRECS;10005.0;7
738719;;;INTARIAN_PEPPER_ROOT;XIRECS;32733.0;4
739033;;;INTARIAN_PEPPER_ROOT;XIRECS;32735.0;4
741057;;;ASH_COATED_OSMIUM;XIRECS;10005.0;6
743461;;;ASH_COATED_OSMIUM;XIRECS;10003.0;3
743804;;;ASH_COATED_OSMIUM;XIRECS;10004.0;4
744677;;;ASH_COATED_OSMIUM;XIRECS;9985.0;3
746689;;;ASH_COATED_OSMIUM;XIRECS;10009.0;4
752217;;;ASH_COATED_OSMIUM;XIRECS;9999.0;5
755517;;;ASH_COATED_OSMIUM;XIRECS;9990.0;3
755666;;;ASH_COATED_OSMIUM;XIRECS;10001.0;10
756752;;;ASH_COATED_OSMIUM;XIRECS;9983.0;2
759104;;;INTARIAN_PEPPER_ROOT;XIRECS;32750.0;5
759914;;;ASH_COATED_OSMIUM;XIRECS;9990.0;2
761197;;;ASH_COATED_OSMIUM;XIRECS;9984.0;4
763704;;;INTARIAN_PEPPER_ROOT;XIRECS;32755.0;6
764040;;;ASH_COATED_OSMIUM;XIRECS;10001.0;5
764921;;;INTARIAN_PEPPER_ROOT;XIRECS;32771.0;5
765109;;;INTARIAN_PEPPER_ROOT;XIRECS;32751.0;6
765199;;;INTARIAN_PEPPER_ROOT;XIRECS;32767.0;5
767813;;;INTARIAN_PEPPER_ROOT;XIRECS;32767.0;3
767993;;;ASH_COATED_OSMIUM;XIRECS;9990.0;4
768140;;;INTARIAN_PEPPER_ROOT;XIRECS;32774.0;6
768188;;;INTARIAN_PEPPER_ROOT;XIRECS;32774.0;7
768335;;;INTARIAN_PEPPER_ROOT;XIRECS;32763.0;8
770438;;;ASH_COATED_OSMIUM;XIRECS;9990.0;4
771401;;;ASH_COATED_OSMIUM;XIRECS;10005.0;2
771419;;;INTARIAN_PEPPER_ROOT;XIRECS;32766.0;6
775777;;;INTARIAN_PEPPER_ROOT;XIRECS;32784.0;6
776184;;;INTARIAN_PEPPER_ROOT;XIRECS;32770.0;6
777500;;;INTARIAN_PEPPER_ROOT;XIRECS;32773.0;3
777896;;;ASH_COATED_OSMIUM;XIRECS;10012.0;3
778425;;;INTARIAN_PEPPER_ROOT;XIRECS;32786.0;6
779339;;;INTARIAN_PEPPER_ROOT;XIRECS;32773.0;6
779341;;;INTARIAN_PEPPER_ROOT;XIRECS;32773.0;3
781262;;;ASH_COATED_OSMIUM;XIRECS;10013.0;3
781273;;;INTARIAN_PEPPER_ROOT;XIRECS;32775.0;5
781889;;;INTARIAN_PEPPER_ROOT;XIRECS;32782.0;7
782554;;;INTARIAN_PEPPER_ROOT;XIRECS;32792.0;7
783921;;;ASH_COATED_OSMIUM;XIRECS;10004.0;3
784033;;;ASH_COATED_OSMIUM;XIRECS;10004.0;4
784827;;;INTARIAN_PEPPER_ROOT;XIRECS;32776.0;5
786450;;;ASH_COATED_OSMIUM;XIRECS;9996.0;7
787975;;;INTARIAN_PEPPER_ROOT;XIRECS;32777.0;7
788312;;;INTARIAN_PEPPER_ROOT;XIRECS;32782.0;5
789198;;;INTARIAN_PEPPER_ROOT;XIRECS;32785.0;8
791290;;;INTARIAN_PEPPER_ROOT;XIRECS;32784.0;7
796910;;;ASH_COATED_OSMIUM;XIRECS;9986.0;10
797189;;;INTARIAN_PEPPER_ROOT;XIRECS;32799.0;6
798066;;;ASH_COATED_OSMIUM;XIRECS;9993.0;6
798426;;;ASH_COATED_OSMIUM;XIRECS;10009.0;6
798559;;;ASH_COATED_OSMIUM;XIRECS;10005.0;4
798592;;;ASH_COATED_OSMIUM;XIRECS;9987.0;5
802133;;;INTARIAN_PEPPER_ROOT;XIRECS;32796.0;6
802238;;;ASH_COATED_OSMIUM;XIRECS;9991.0;2
804108;;;ASH_COATED_OSMIUM;XIRECS;9995.0;3
804822;;;ASH_COATED_OSMIUM;XIRECS;10006.0;2
805350;;;INTARIAN_PEPPER_ROOT;XIRECS;32798.0;5
805652;;;ASH_COATED_OSMIUM;XIRECS;9988.0;5
806160;;;INTARIAN_PEPPER_ROOT;XIRECS;32817.0;4
806488;;;ASH_COATED_OSMIUM;XIRECS;9994.0;5
807593;;;ASH_COATED_OSMIUM;XIRECS;9997.0;2
808179;;;INTARIAN_PEPPER_ROOT;XIRECS;32813.0;7
809675;;;ASH_COATED_OSMIUM;XIRECS;9997.0;2
812907;;;INTARIAN_PEPPER_ROOT;XIRECS;32820.0;4
813508;;;INTARIAN_PEPPER_ROOT;XIRECS;32810.0;3
814424;;;INTARIAN_PEPPER_ROOT;XIRECS;32821.0;6
814616;;;INTARIAN_PEPPER_ROOT;XIRECS;32821.0;4
816373;;;ASH_COATED_OSMIUM;XIRECS;10015.0;4
820761;;;INTARIAN_PEPPER_ROOT;XIRECS;32811.0;4
821014;;;ASH_COATED_OSMIUM;XIRECS;10017.0;7
822945;;;ASH_COATED_OSMIUM;XIRECS;9995.0;6
824673;;;ASH_COATED_OSMIUM;XIRECS;10002.0;4
825063;;;INTARIAN_PEPPER_ROOT;XIRECS;32833.0;7
825937;;;ASH_COATED_OSMIUM;XIRECS;10015.0;6
827848;;;ASH_COATED_OSMIUM;XIRECS;10014.0;10
828143;;;INTARIAN_PEPPER_ROOT;XIRECS;32821.0;4
829056;;;ASH_COATED_OSMIUM;XIRECS;10018.0;6
832614;;;ASH_COATED_OSMIUM;XIRECS;10011.0;2
833291;;;INTARIAN_PEPPER_ROOT;XIRECS;32828.0;6
833753;;;ASH_COATED_OSMIUM;XIRECS;9994.0;7
834855;;;ASH_COATED_OSMIUM;XIRECS;10015.0;3
835344;;;INTARIAN_PEPPER_ROOT;XIRECS;32828.0;7
835574;;;INTARIAN_PEPPER_ROOT;XIRECS;32841.0;6
839815;;;ASH_COATED_OSMIUM;XIRECS;10011.0;2
839962;;;INTARIAN_PEPPER_ROOT;XIRECS;32850.0;8
840233;;;INTARIAN_PEPPER_ROOT;XIRECS;32832.0;3
840559;;;ASH_COATED_OSMIUM;XIRECS;10000.0;5
844121;;;ASH_COATED_OSMIUM;XIRECS;10004.0;4
844973;;;ASH_COATED_OSMIUM;XIRECS;10014.0;6
847144;;;ASH_COATED_OSMIUM;XIRECS;10011.0;4
848613;;;INTARIAN_PEPPER_ROOT;XIRECS;32841.0;4
849991;;;INTARIAN_PEPPER_ROOT;XIRECS;32859.0;6
851204;;;INTARIAN_PEPPER_ROOT;XIRECS;32842.0;6
851864;;;ASH_COATED_OSMIUM;XIRECS;9993.0;3
851880;;;ASH_COATED_OSMIUM;XIRECS;9993.0;2
852614;;;ASH_COATED_OSMIUM;XIRECS;9992.0;2
853622;;;ASH_COATED_OSMIUM;XIRECS;9992.0;6
854074;;;INTARIAN_PEPPER_ROOT;XIRECS;32849.0;6
855287;;;ASH_COATED_OSMIUM;XIRECS;9996.0;6
858470;;;ASH_COATED_OSMIUM;XIRECS;10012.0;2
859987;;;INTARIAN_PEPPER_ROOT;XIRECS;32867.0;4
861683;;;INTARIAN_PEPPER_ROOT;XIRECS;32854.0;3
862502;;;INTARIAN_PEPPER_ROOT;XIRECS;32852.0;4
864238;;;ASH_COATED_OSMIUM;XIRECS;10000.0;3
864422;;;INTARIAN_PEPPER_ROOT;XIRECS;32872.0;5
865432;;;ASH_COATED_OSMIUM;XIRECS;10011.0;2
867978;;;INTARIAN_PEPPER_ROOT;XIRECS;32856.0;3
869171;;;ASH_COATED_OSMIUM;XIRECS;10016.0;5
869388;;;ASH_COATED_OSMIUM;XIRECS;10010.0;4
870078;;;ASH_COATED_OSMIUM;XIRECS;10017.0;4
870121;;;ASH_COATED_OSMIUM;XIRECS;10017.0;5
870260;;;ASH_COATED_OSMIUM;XIRECS;10001.0;6
870991;;;INTARIAN_PEPPER_ROOT;XIRECS;32876.0;3
872032;;;ASH_COATED_OSMIUM;XIRECS;10000.0;5
872236;;;ASH_COATED_OSMIUM;XIRECS;10001.0;5
874702;;;ASH_COATED_OSMIUM;XIRECS;10015.0;5
874823;;;ASH_COATED_OSMIUM;XIRECS;10021.0;10
875249;;;INTARIAN_PEPPER_ROOT;XIRECS;32863.0;5
875844;;;ASH_COATED_OSMIUM;XIRECS;10014.0;4
878965;;;ASH_COATED_OSMIUM;XIRECS;10003.0;8
879400;;;INTARIAN_PEPPER_ROOT;XIRECS;32873.0;3
879607;;;INTARIAN_PEPPER_ROOT;XIRECS;32887.0;8
880435;;;ASH_COATED_OSMIUM;XIRECS;10002.0;6
880763;;;INTARIAN_PEPPER_ROOT;XIRECS;32874.0;3
882526;;;INTARIAN_PEPPER_ROOT;XIRECS;32871.0;7
882843;;;ASH_COATED_OSMIUM;XIRECS;10011.0;3
883264;;;ASH_COATED_OSMIUM;XIRECS;10001.0;2
885386;;;ASH_COATED_OSMIUM;XIRECS;10016.0;3
885551;;;INTARIAN_PEPPER_ROOT;XIRECS;32886.0;3
885968;;;ASH_COATED_OSMIUM;XIRECS;9995.0;7
886393;;;ASH_COATED_OSMIUM;XIRECS;9999.0;6
887393;;;INTARIAN_PEPPER_ROOT;XIRECS;32893.0;5
890277;;;INTARIAN_PEPPER_ROOT;XIRECS;32898.0;6
890672;;;INTARIAN_PEPPER_ROOT;XIRECS;32883.0;5
890673;;;ASH_COATED_OSMIUM;XIRECS;9998.0;3
895824;;;INTARIAN_PEPPER_ROOT;XIRECS;32891.0;7
903822;;;ASH_COATED_OSMIUM;XIRECS;10005.0;10
905694;;;ASH_COATED_OSMIUM;XIRECS;10016.0;4
908702;;;INTARIAN_PEPPER_ROOT;XIRECS;32903.0;5
912114;;;INTARIAN_PEPPER_ROOT;XIRECS;32916.0;5
912957;;;ASH_COATED_OSMIUM;XIRECS;10008.0;7
913618;;;ASH_COATED_OSMIUM;XIRECS;10000.0;10
913885;;;INTARIAN_PEPPER_ROOT;XIRECS;32921.0;7
915074;;;INTARIAN_PEPPER_ROOT;XIRECS;32908.0;7
915378;;;ASH_COATED_OSMIUM;XIRECS;10011.0;3
915657;;;ASH_COATED_OSMIUM;XIRECS;9999.0;5
916541;;;ASH_COATED_OSMIUM;XIRECS;10001.0;5
918877;;;ASH_COATED_OSMIUM;XIRECS;10005.0;5
919023;;;ASH_COATED_OSMIUM;XIRECS;10010.0;4
919882;;;INTARIAN_PEPPER_ROOT;XIRECS;32927.0;5
920419;;;INTARIAN_PEPPER_ROOT;XIRECS;32927.0;5
923363;;;ASH_COATED_OSMIUM;XIRECS;10006.0;3
924021;;;ASH_COATED_OSMIUM;XIRECS;10002.0;8
925050;;;INTARIAN_PEPPER_ROOT;XIRECS;32922.0;7
927556;;;INTARIAN_PEPPER_ROOT;XIRECS;32931.0;3
930820;;;INTARIAN_PEPPER_ROOT;XIRECS;32926.0;7
930922;;;INTARIAN_PEPPER_ROOT;XIRECS;32941.0;5
930972;;;INTARIAN_PEPPER_ROOT;XIRECS;32941.0;7
932282;;;INTARIAN_PEPPER_ROOT;XIRECS;32943.0;5
932624;;;ASH_COATED_OSMIUM;XIRECS;10007.0;6
932633;;;ASH_COATED_OSMIUM;XIRECS;10007.0;5
935571;;;ASH_COATED_OSMIUM;XIRECS;10007.0;6
936685;;;ASH_COATED_OSMIUM;XIRECS;9991.0;5
939036;;;INTARIAN_PEPPER_ROOT;XIRECS;32945.0;6
939052;;;INTARIAN_PEPPER_ROOT;XIRECS;32945.0;3
943035;;;ASH_COATED_OSMIUM;XIRECS;9999.0;9
944339;;;INTARIAN_PEPPER_ROOT;XIRECS;32937.0;4
944514;;;INTARIAN_PEPPER_ROOT;XIRECS;32938.0;6
945551;;;ASH_COATED_OSMIUM;XIRECS;10009.0;6
945917;;;ASH_COATED_OSMIUM;XIRECS;9994.0;2
947717;;;ASH_COATED_OSMIUM;XIRECS;9993.0;3
953358;;;INTARIAN_PEPPER_ROOT;XIRECS;32962.0;5
961209;;;INTARIAN_PEPPER_ROOT;XIRECS;32971.0;7
963534;;;ASH_COATED_OSMIUM;XIRECS;10013.0;10
964090;;;INTARIAN_PEPPER_ROOT;XIRECS;32956.0;5
964798;;;ASH_COATED_OSMIUM;XIRECS;10002.0;10
965530;;;INTARIAN_PEPPER_ROOT;XIRECS;32964.0;7
965894;;;ASH_COATED_OSMIUM;XIRECS;10014.0;6
967311;;;ASH_COATED_OSMIUM;XIRECS;10017.0;10
967440;;;ASH_COATED_OSMIUM;XIRECS;9999.0;6
967749;;;ASH_COATED_OSMIUM;XIRECS;10011.0;6
968400;;;ASH_COATED_OSMIUM;XIRECS;10000.0;9
968646;;;ASH_COATED_OSMIUM;XIRECS;9999.0;7
968929;;;ASH_COATED_OSMIUM;XIRECS;9994.0;4
969105;;;ASH_COATED_OSMIUM;XIRECS;10016.0;5
970235;;;ASH_COATED_OSMIUM;XIRECS;10011.0;5
972776;;;ASH_COATED_OSMIUM;XIRECS;9995.0;2
973368;;;INTARIAN_PEPPER_ROOT;XIRECS;32968.0;6
974243;;;ASH_COATED_OSMIUM;XIRECS;10000.0;3
974361;;;ASH_COATED_OSMIUM;XIRECS;9995.0;4
974507;;;INTARIAN_PEPPER_ROOT;XIRECS;32968.0;6
975277;;;INTARIAN_PEPPER_ROOT;XIRECS;32982.0;7
976696;;;ASH_COATED_OSMIUM;XIRECS;9996.0;7
978419;;;ASH_COATED_OSMIUM;XIRECS;10015.0;3
978491;;;ASH_COATED_OSMIUM;XIRECS;10015.0;6
978515;;;ASH_COATED_OSMIUM;XIRECS;10011.0;4
978531;;;INTARIAN_PEPPER_ROOT;XIRECS;32987.0;7
979034;;;ASH_COATED_OSMIUM;XIRECS;10010.0;4
982114;;;INTARIAN_PEPPER_ROOT;XIRECS;32975.0;4
982652;;;INTARIAN_PEPPER_ROOT;XIRECS;32990.0;7
982782;;;ASH_COATED_OSMIUM;XIRECS;10020.0;10
983129;;;ASH_COATED_OSMIUM;XIRECS;10002.0;4
985851;;;ASH_COATED_OSMIUM;XIRECS;10017.0;7
985941;;;ASH_COATED_OSMIUM;XIRECS;10011.0;5
987032;;;INTARIAN_PEPPER_ROOT;XIRECS;32993.0;6
988379;;;ASH_COATED_OSMIUM;XIRECS;9993.0;2
988596;;;ASH_COATED_OSMIUM;XIRECS;10009.0;10
988939;;;ASH_COATED_OSMIUM;XIRECS;10013.0;5
989347;;;ASH_COATED_OSMIUM;XIRECS;9992.0;4
989866;;;ASH_COATED_OSMIUM;XIRECS;9992.0;8
989977;;;INTARIAN_PEPPER_ROOT;XIRECS;32999.0;6
994554;;;ASH_COATED_OSMIUM;XIRECS;10014.0;2
995600;;;ASH_COATED_OSMIUM;XIRECS;9998.0;3
997132;;;INTARIAN_PEPPER_ROOT;XIRECS;32991.0;3
998354;;;ASH_COATED_OSMIUM;XIRECS;9998.0;7