timestamp;buyer;seller;symbol;currency;price;quantity
3626;;;ASH_COATED_OSMIUM;XIRECS;10013.0;4
4352;;;ASH_COATED_OSMIUM;XIRECS;9999.0;4
4496;;;ASH_COATED_OSMIUM;XIRECS;10001.0;6
6130;;;ASH_COATED_OSMIUM;XIRECS;9997.0;3
7275;;;INTARIAN_PEPPER_ROOT;XIRECS;52000.0;5
7512;;;INTARIAN_PEPPER_ROOT;XIRECS;52010.0;4
7863;;;INTARIAN_PEPPER_ROOT;XIRECS;52000.0;4
8556;;;INTARIAN_PEPPER_ROOT;XIRECS;52014.0;5
12104;;;INTARIAN_PEPPER_ROOT;XIRECS;52005.0;4
14502;;;ASH_COATED_OSMIUM;XIRECS;10004.0;4
14912;;;INTARIAN_PEPPER_ROOT;XIRECS;52018.0;6
20864;;;ASH_COATED_OSMIUM;XIRECS;10004.0;8
21889;;;ASH_COATED_OSMIUM;XIRECS;10009.0;7
22010;;;INTARIAN_PEPPER_ROOT;XIRECS;52018.0;7
23930;;;INTARIAN_PEPPER_ROOT;XIRECS;52017.0;5
24612;;;ASH_COATED_OSMIUM;XIRECS;10003.0;4
24796;;;INTARIAN_PEPPER_ROOT;XIRECS;52019.0;5
25081;;;INTARIAN_PEPPER_ROOT;XIRECS;52018.0;7
25830;;;ASH_COATED_OSMIUM;XIRECS;10010.0;10
27453;;;INTARIAN_PEPPER_ROOT;XIRECS;52032.0;7
28607;;;ASH_COATED_OSMIUM;XIRECS;9998.0;4
28658;;;ASH_COATED_OSMIUM;XIRECS;9998.0;2
30621;;;ASH_COATED_OSMIUM;XIRECS;9986.0;6
31467;;;INTARIAN_PEPPER_ROOT;XIRECS;52042.0;7
31580;;;ASH_COATED_OSMIUM;XIRECS;9988.0;9
31658;;;ASH_COATED_OSMIUM;XIRECS;9987.0;4
33479;;;ASH_COATED_OSMIUM;XIRECS;9996.0;5
34940;;;ASH_COATED_OSMIUM;XIRECS;9999.0;8
35238;;;ASH_COATED_OSMIUM;XIRECS;9999.0;3
38461;;;INTARIAN_PEPPER_ROOT;XIRECS;52045.0;5
38568;;;ASH_COATED_OSMIUM;XIRECS;10015.0;3
41428;;;ASH_COATED_OSMIUM;XIRECS;9987.0;8
42670;;;ASH_COATED_OSMIUM;XIRECS;9990.0;3
43875;;;INTARIAN_PEPPER_ROOT;XIRECS;52049.0;5
46142;;;ASH_COATED_OSMIUM;XIRECS;10003.0;9
46156;;;INTARIAN_PEPPER_ROOT;XIRECS;52041.0;7
46395;;;ASH_COATED_OSMIUM;XIRECS;9989.0;6
46770;;;INTARIAN_PEPPER_ROOT;XIRECS;52058.0;3
47033;;;ASH_COATED_OSMIUM;XIRECS;10004.0;4
47537;;;INTARIAN_PEPPER_ROOT;XIRECS;52053.0;7
50361;;;ASH_COATED_OSMIUM;XIRECS;9988.0;4
51673;;;INTARIAN_PEPPER_ROOT;XIRECS;52046.0;6
52105;;;ASH_COATED_OSMIUM;XIRECS;10002.0;4
52762;;;ASH_COATED_OSMIUM;XIRECS;9996.0;10
53063;;;ASH_COATED_OSMIUM;XIRECS;9992.0;5
57557;;;ASH_COATED_OSMIUM;XIRECS;10012.0;6
57622;;;ASH_COATED_OSMIUM;XIRECS;10010.0;5
57748;;;ASH_COATED_OSMIUM;XIRECS;9992.0;6
58082;;;INTARIAN_PEPPER_ROOT;XIRECS;52064.0;5
58790;;;ASH_COATED_OSMIUM;XIRECS;9995.0;4
60760;;;INTARIAN_PEPPER_ROOT;XIRECS;52066.0;6
61348;;;ASH_COATED_OSMIUM;XIRECS;10012.0;6
61452;;;INTARIAN_PEPPER_ROOT;XIRECS;52053.0;6
62537;;;ASH_COATED_OSMIUM;XIRECS;10012.0;4
63802;;;INTARIAN_PEPPER_ROOT;XIRECS;52068.0;4
68519;;;INTARIAN_PEPPER_ROOT;XIRECS;52077.0;5
69174;;;ASH_COATED_OSMIUM;XIRECS;10005.0;4
74106;;;ASH_COATED_OSMIUM;XIRECS;9999.0;8
76224;;;INTARIAN_PEPPER_ROOT;XIRECS;52069.0;5
76260;;;ASH_COATED_OSMIUM;XIRECS;10009.0;6
76924;;;ASH_COATED_OSMIUM;XIRECS;9995.0;4
76924;;;INTARIAN_PEPPER_ROOT;XIRECS;52087.0;3
77290;;;INTARIAN_PEPPER_ROOT;XIRECS;52071.0;7
77923;;;INTARIAN_PEPPER_ROOT;XIRECS;52085.0;5
79541;;;INTARIAN_PEPPER_ROOT;XIRECS;52075.0;7
80856;;;INTARIAN_PEPPER_ROOT;XIRECS;52086.0;4
82553;;;ASH_COATED_OSMIUM;XIRECS;9989.0;6
82591;;;ASH_COATED_OSMIUM;XIRECS;9989.0;5
82651;;;INTARIAN_PEPPER_ROOT;XIRECS;52075.0;3
83339;;;ASH_COATED_OSMIUM;XIRECS;10011.0;8
83367;;;ASH_COATED_OSMIUM;XIRECS;9995.0;8
85987;;;ASH_COATED_OSMIUM;XIRECS;9990.0;9
86833;;;INTARIAN_PEPPER_ROOT;XIRECS;52081.0;3
87017;;;ASH_COATED_OSMIUM;XIRECS;9999.0;4
89476;;;ASH_COATED_OSMIUM;XIRECS;10010.0;10
89519;;;INTARIAN_PEPPER_ROOT;XIRECS;52096.0;4
91297;;;INTARIAN_PEPPER_ROOT;XIRECS;52094.0;4
92361;;;ASH_COATED_OSMIUM;XIRECS;9989.0;4
94175;;;INTARIAN_PEPPER_ROOT;XIRECS;52102.0;3
95399;;;INTARIAN_PEPPER_ROOT;XIRECS;52093.0;6
99482;;;ASH_COATED_OSMIUM;XIRECS;9988.0;2
101328;;;ASH_COATED_OSMIUM;XIRECS;10012.0;5
105174;;;ASH_COATED_OSMIUM;XIRECS;10010.0;5
106514;;;ASH_COATED_OSMIUM;XIRECS;9994.0;3
108704;;;ASH_COATED_OSMIUM;XIRECS;10012.0;2
110840;;;INTARIAN_PEPPER_ROOT;XIRECS;52104.0;3
111302;;;ASH_COATED_OSMIUM;XIRECS;10006.0;4
111402;;;ASH_COATED_OSMIUM;XIRECS;9997.0;7
111976;;;ASH_COATED_OSMIUM;XIRECS;10002.0;3
112659;;;INTARIAN_PEPPER_ROOT;XIRECS;52108.0;7
112903;;;INTARIAN_PEPPER_ROOT;XIRECS;52106.0;4
116092;;;ASH_COATED_OSMIUM;XIRECS;10009.0;8
116810;;;ASH_COATED_OSMIUM;XIRECS;9987.0;5
119757;;;ASH_COATED_OSMIUM;XIRECS;10006.0;3
119825;;;INTARIAN_PEPPER_ROOT;XIRECS;52118.0;5
120123;;;INTARIAN_PEPPER_ROOT;XIRECS;52123.0;7
120337;;;ASH_COATED_OSMIUM;XIRECS;9992.0;3
120995;;;INTARIAN_PEPPER_ROOT;XIRECS;52127.0;7
121216;;;INTARIAN_PEPPER_ROOT;XIRECS;52112.0;4
121688;;;ASH_COATED_OSMIUM;XIRECS;10006.0;6
122857;;;INTARIAN_PEPPER_ROOT;XIRECS;52112.0;6
123870;;;ASH_COATED_OSMIUM;XIRECS;9991.0;3
126263;;;ASH_COATED_OSMIUM;XIRECS;9989.0;8
127493;;;ASH_COATED_OSMIUM;XIRECS;9993.0;4
129432;;;ASH_COATED_OSMIUM;XIRECS;10000.0;7
130877;;;INTARIAN_PEPPER_ROOT;XIRECS;52138.0;3
131433;;;INTARIAN_PEPPER_ROOT;XIRECS;52125.0;6
132557;;;ASH_COATED_OSMIUM;XIRECS;9985.0;4
134403;;;ASH_COATED_OSMIUM;XIRECS;9994.0;2
136908;;;INTARIAN_PEPPER_ROOT;XIRECS;52126.0;6
137321;;;ASH_COATED_OSMIUM;XIRECS;9984.0;6
138562;;;ASH_COATED_OSMIUM;XIRECS;10006.0;5
138712;;;INTARIAN_PEPPER_ROOT;XIRECS;52144.0;7
139883;;;INTARIAN_PEPPER_ROOT;XIRECS;52147.0;4
140839;;;ASH_COATED_OSMIUM;XIRECS;9984.0;5
141047;;;INTARIAN_PEPPER_ROOT;XIRECS;52147.0;5
142920;;;ASH_COATED_OSMIUM;XIRECS;10000.0;4
144013;;;INTARIAN_PEPPER_ROOT;XIRECS;52140.0;4
144308;;;INTARIAN_PEPPER_ROOT;XIRECS;52149.0;5
145820;;;ASH_COATED_OSMIUM;XIRECS;10010.0;5
147849;;;ASH_COATED_OSMIUM;XIRECS;9992.0;4
149172;;;ASH_COATED_OSMIUM;XIRECS;10015.0;5
150412;;;INTARIAN_PEPPER_ROOT;XIRECS;52156.0;5
150722;;;ASH_COATED_OSMIUM;XIRECS;9983.0;5
152427;;;INTARIAN_PEPPER_ROOT;XIRECS;52146.0;6
153254;;;ASH_COATED_OSMIUM;XIRECS;9991.0;3
153852;;;INTARIAN_PEPPER_ROOT;XIRECS;52160.0;4
154737;;;ASH_COATED_OSMIUM;XIRECS;10019.0;4
156661;;;ASH_COATED_OSMIUM;XIRECS;10013.0;6
157545;;;ASH_COATED_OSMIUM;XIRECS;9991.0;10
161580;;;ASH_COATED_OSMIUM;XIRECS;10003.0;2
164274;;;INTARIAN_PEPPER_ROOT;XIRECS;52171.0;7
166999;;;ASH_COATED_OSMIUM;XIRECS;9987.0;5
167143;;;INTARIAN_PEPPER_ROOT;XIRECS;52172.0;3
167596;;;ASH_COATED_OSMIUM;XIRECS;10011.0;4
168296;;;INTARIAN_PEPPER_ROOT;XIRECS;52176.0;7
168490;;;INTARIAN_PEPPER_ROOT;XIRECS;52160.0;3
170964;;;INTARIAN_PEPPER_ROOT;XIRECS;52167.0;4
171462;;;INTARIAN_PEPPER_ROOT;XIRECS;52163.0;3
172270;;;INTARIAN_PEPPER_ROOT;XIRECS;52164.0;3
175127;;;INTARIAN_PEPPER_ROOT;XIRECS;52167.0;7
181552;;;ASH_COATED_OSMIUM;XIRECS;9997.0;7
181896;;;INTARIAN_PEPPER_ROOT;XIRECS;52174.0;7
182161;;;INTARIAN_PEPPER_ROOT;XIRECS;52177.0;4
182265;;;ASH_COATED_OSMIUM;XIRECS;10004.0;3
183800;;;ASH_COATED_OSMIUM;XIRECS;9980.0;5
186975;;;INTARIAN_PEPPER_ROOT;XIRECS;52181.0;4
188802;;;ASH_COATED_OSMIUM;XIRECS;9990.0;6
189462;;;INTARIAN_PEPPER_ROOT;XIRECS;52187.0;3
191956;;;INTARIAN_PEPPER_ROOT;XIRECS;52186.0;4
196627;;;ASH_COATED_OSMIUM;XIRECS;10001.0;5
196658;;;ASH_COATED_OSMIUM;XIRECS;9985.0;5
197651;;;ASH_COATED_OSMIUM;XIRECS;10007.0;3
197729;;;ASH_COATED_OSMIUM;XIRECS;10010.0;4
198402;;;ASH_COATED_OSMIUM;XIRECS;9993.0;2
198426;;;INTARIAN_PEPPER_ROOT;XIRECS;52191.0;6
198763;;;INTARIAN_PEPPER_ROOT;XIRECS;52193.0;4
201758;;;INTARIAN_PEPPER_ROOT;XIRECS;52206.0;6
204783;;;ASH_COATED_OSMIUM;XIRECS;10010.0;9
206003;;;INTARIAN_PEPPER_ROOT;XIRECS;52209.0;6
209409;;;ASH_COATED_OSMIUM;XIRECS;9995.0;4
210879;;;ASH_COATED_OSMIUM;XIRECS;9992.0;10
211162;;;ASH_COATED_OSMIUM;XIRECS;10009.0;4
211750;;;ASH_COATED_OSMIUM;XIRECS;9989.0;6
214791;;;ASH_COATED_OSMIUM;XIRECS;10005.0;8
215084;;;INTARIAN_PEPPER_ROOT;XIRECS;52226.0;3
216696;;;INTARIAN_PEPPER_ROOT;XIRECS;52213.0;6
218302;;;ASH_COATED_OSMIUM;XIRECS;9999.0;6
221662;;;INTARIAN_PEPPER_ROOT;XIRECS;52227.0;6
225462;;;ASH_COATED_OSMIUM;XIRECS;9986.0;2
234912;;;INTARIAN_PEPPER_ROOT;XIRECS;52243.0;3
236483;;;INTARIAN_PEPPER_ROOT;XIRECS;52230.0;3
240502;;;ASH_COATED_OSMIUM;XIRECS;10007.0;8
240786;;;ASH_COATED_OSMIUM;XIRECS;9994.0;2
242763;;;ASH_COATED_OSMIUM;XIRECS;10000.0;10
244774;;;INTARIAN_PEPPER_ROOT;XIRECS;52237.0;7
245588;;;INTARIAN_PEPPER_ROOT;XIRECS;52242.0;5
246548;;;INTARIAN_PEPPER_ROOT;XIRECS;52237.0;6
246992;;;ASH_COATED_OSMIUM;XIRECS;9985.0;2
247039;;;INTARIAN_PEPPER_ROOT;XIRECS;52254.0;5
248608;;;INTARIAN_PEPPER_ROOT;XIRECS;52259.0;8
249702;;;ASH_COATED_OSMIUM;XIRECS;9997.0;5
250060;;;ASH_COATED_OSMIUM;XIRECS;10001.0;3
250246;;;INTARIAN_PEPPER_ROOT;XIRECS;52260.0;5
250308;;;INTARIAN_PEPPER_ROOT;XIRECS;52257.0;5
251850;;;INTARIAN_PEPPER_ROOT;XIRECS;52264.0;7
252517;;;INTARIAN_PEPPER_ROOT;XIRECS;52260.0;4
254295;;;INTARIAN_PEPPER_ROOT;XIRECS;52247.0;5
256215;;;INTARIAN_PEPPER_ROOT;XIRECS;52252.0;4
256597;;;ASH_COATED_OSMIUM;XIRECS;9986.0;3
257554;;;ASH_COATED_OSMIUM;XIRECS;9988.0;4
257933;;;INTARIAN_PEPPER_ROOT;XIRECS;52265.0;4
258762;;;ASH_COATED_OSMIUM;XIRECS;9991.0;4
258808;;;ASH_COATED_OSMIUM;XIRECS;9993.0;6
259001;;;INTARIAN_PEPPER_ROOT;XIRECS;52265.0;6
259587;;;ASH_COATED_OSMIUM;XIRECS;9994.0;10
261923;;;ASH_COATED_OSMIUM;XIRECS;10007.0;9
262569;;;ASH_COATED_OSMIUM;XIRECS;9991.0;4
263082;;;INTARIAN_PEPPER_ROOT;XIRECS;52254.0;4
263832;;;ASH_COATED_OSMIUM;XIRECS;9989.0;5
263955;;;ASH_COATED_OSMIUM;XIRECS;9986.0;7
264623;;;ASH_COATED_OSMIUM;XIRECS;10014.0;6
264655;;;INTARIAN_PEPPER_ROOT;XIRECS;52260.0;5
266698;;;ASH_COATED_OSMIUM;XIRECS;10007.0;5
267094;;;ASH_COATED_OSMIUM;XIRECS;9981.0;6
269209;;;ASH_COATED_OSMIUM;XIRECS;10010.0;2
272058;;;ASH_COATED_OSMIUM;XIRECS;9992.0;10
273961;;;ASH_COATED_OSMIUM;XIRECS;9999.0;8
274394;;;ASH_COATED_OSMIUM;XIRECS;9998.0;7
274833;;;ASH_COATED_OSMIUM;XIRECS;9992.0;3
277303;;;ASH_COATED_OSMIUM;XIRECS;10007.0;7
277533;;;ASH_COATED_OSMIUM;XIRECS;10006.0;5
284290;;;ASH_COATED_OSMIUM;XIRECS;10013.0;2
285389;;;INTARIAN_PEPPER_ROOT;XIRECS;52281.0;5
285937;;;ASH_COATED_OSMIUM;XIRECS;10008.0;2
286264;;;INTARIAN_PEPPER_ROOT;XIRECS;52279.0;5
286870;;;ASH_COATED_OSMIUM;XIRECS;9993.0;2
290609;;;INTARIAN_PEPPER_ROOT;XIRECS;52283.0;6
290819;;;INTARIAN_PEPPER_ROOT;XIRECS;52297.0;7
290927;;;INTARIAN_PEPPER_ROOT;XIRECS;52299.0;8
292409;;;ASH_COATED_OSMIUM;XIRECS;10008.0;5
292660;;;INTARIAN_PEPPER_ROOT;XIRECS;52300.0;6
295992;;;INTARIAN_PEPPER_ROOT;XIRECS;52304.0;3
297744;;;ASH_COATED_OSMIUM;XIRECS;10013.0;4
298585;;;INTARIAN_PEPPER_ROOT;XIRECS;52302.0;5
299989;;;ASH_COATED_OSMIUM;XIRECS;10006.0;3
301095;;;ASH_COATED_OSMIUM;XIRECS;10007.0;6
301415;;;INTARIAN_PEPPER_ROOT;XIRECS;52307.0;7
301509;;;ASH_COATED_OSMIUM;XIRECS;10000.0;6
305039;;;INTARIAN_PEPPER_ROOT;XIRECS;52300.0;6
305288;;;INTARIAN_PEPPER_ROOT;XIRECS;52296.0;5
305509;;;ASH_COATED_OSMIUM;XIRECS;9986.0;6
306946;;;INTARIAN_PEPPER_ROOT;XIRECS;52308.0;6
307214;;;ASH_COATED_OSMIUM;XIRECS;10003.0;4
308988;;;ASH_COATED_OSMIUM;XIRECS;9998.0;10
311080;;;INTARIAN_PEPPER_ROOT;XIRECS;52318.0;6
312906;;;ASH_COATED_OSMIUM;XIRECS;10004.0;4
315156;;;INTARIAN_PEPPER_ROOT;XIRECS;52315.0;4
318618;;;INTARIAN_PEPPER_ROOT;XIRECS;52309.0;5
319570;;;ASH_COATED_OSMIUM;XIRECS;10019.0;5
322968;;;ASH_COATED_OSMIUM;XIRECS;9990.0;2
323080;;;ASH_COATED_OSMIUM;XIRECS;10011.0;6
323252;;;ASH_COATED_OSMIUM;XIRECS;10007.0;6
324533;;;INTARIAN_PEPPER_ROOT;XIRECS;52331.0;6
324957;;;ASH_COATED_OSMIUM;XIRECS;9978.0;2
325629;;;ASH_COATED_OSMIUM;XIRECS;9999.0;2
327062;;;ASH_COATED_OSMIUM;XIRECS;9993.0;6
327191;;;ASH_COATED_OSMIUM;XIRECS;9992.0;4
328425;;;ASH_COATED_OSMIUM;XIRECS;9991.0;3
328439;;;ASH_COATED_OSMIUM;XIRECS;9991.0;3
330805;;;INTARIAN_PEPPER_ROOT;XIRECS;52321.0;3
330857;;;ASH_COATED_OSMIUM;XIRECS;10011.0;6
334181;;;ASH_COATED_OSMIUM;XIRECS;9997.0;5
336781;;;INTARIAN_PEPPER_ROOT;XIRECS;52327.0;6
337738;;;ASH_COATED_OSMIUM;XIRECS;10016.0;6
338874;;;INTARIAN_PEPPER_ROOT;XIRECS;52334.0;4
343890;;;ASH_COATED_OSMIUM;XIRECS;9982.0;2
345152;;;INTARIAN_PEPPER_ROOT;XIRECS;52351.0;5
346066;;;ASH_COATED_OSMIUM;XIRECS;9999.0;2
346419;;;ASH_COATED_OSMIUM;XIRECS;9991.0;5
346623;;;INTARIAN_PEPPER_ROOT;XIRECS;52353.0;6
349008;;;INTARIAN_PEPPER_ROOT;XIRECS;52355.0;6
350215;;;INTARIAN_PEPPER_ROOT;XIRECS;52343.0;3
350293;;;INTARIAN_PEPPER_ROOT;XIRECS;52356.0;7
351425;;;ASH_COATED_OSMIUM;XIRECS;10005.0;6
353381;;;INTARIAN_PEPPER_ROOT;XIRECS;52358.0;4
355889;;;ASH_COATED_OSMIUM;XIRECS;9986.0;2
358379;;;ASH_COATED_OSMIUM;XIRECS;10005.0;5
366866;;;INTARIAN_PEPPER_ROOT;XIRECS;52376.0;5
371149;;;INTARIAN_PEPPER_ROOT;XIRECS;52368.0;6
375399;;;ASH_COATED_OSMIUM;XIRECS;10008.0;5
377355;;;ASH_COATED_OSMIUM;XIRECS;9996.0;6
379387;;;ASH_COATED_OSMIUM;XIRECS;9991.0;7
380218;;;INTARIAN_PEPPER_ROOT;XIRECS;52373.0;5
380414;;;ASH_COATED_OSMIUM;XIRECS;9996.0;2
380945;;;INTARIAN_PEPPER_ROOT;XIRECS;52388.0;3
382208;;;ASH_COATED_OSMIUM;XIRECS;10002.0;3
382848;;;INTARIAN_PEPPER_ROOT;XIRECS;52373.0;5
387788;;;INTARIAN_PEPPER_ROOT;XIRECS;52379.0;4
388617;;;INTARIAN_PEPPER_ROOT;XIRECS;52395.0;5
388848;;;ASH_COATED_OSMIUM;XIRECS;9987.0;5
388925;;;INTARIAN_PEPPER_ROOT;XIRECS;52392.0;3
389669;;;ASH_COATED_OSMIUM;XIRECS;10006.0;10
389987;;;INTARIAN_PEPPER_ROOT;XIRECS;52384.0;7
390809;;;ASH_COATED_OSMIUM;XIRECS;9991.0;3
393282;;;ASH_COATED_OSMIUM;XIRECS;10004.0;6
393784;;;ASH_COATED_OSMIUM;XIRECS;9994.0;7
393803;;;ASH_COATED_OSMIUM;XIRECS;9993.0;3
394601;;;ASH_COATED_OSMIUM;XIRECS;9987.0;10
395333;;;ASH_COATED_OSMIUM;XIRECS;9988.0;4
395839;;;ASH_COATED_OSMIUM;XIRECS;10006.0;3
404496;;;ASH_COATED_OSMIUM;XIRECS;9991.0;2
405170;;;INTARIAN_PEPPER_ROOT;XIRECS;52412.0;7
407504;;;ASH_COATED_OSMIUM;XIRECS;9996.0;2
408182;;;INTARIAN_PEPPER_ROOT;XIRECS;52401.0;8
408607;;;INTARIAN_PEPPER_ROOT;XIRECS;52416.0;3
409624;;;INTARIAN_PEPPER_ROOT;XIRECS;52419.0;6
410009;;;INTARIAN_PEPPER_ROOT;XIRECS;52400.0;4
413839;;;ASH_COATED_OSMIUM;XIRECS;9994.0;7
415220;;;ASH_COATED_OSMIUM;XIRECS;9989.0;3
417585;;;ASH_COATED_OSMIUM;XIRECS;9981.0;5
417828;;;INTARIAN_PEPPER_ROOT;XIRECS;52412.0;3
418161;;;ASH_COATED_OSMIUM;XIRECS;9983.0;9
418644;;;ASH_COATED_OSMIUM;XIRECS;10010.0;2
419352;;;INTARIAN_PEPPER_ROOT;XIRECS;52423.0;7
419817;;;ASH_COATED_OSMIUM;XIRECS;10004.0;6
421652;;;ASH_COATED_OSMIUM;XIRECS;9989.0;6
423851;;;ASH_COATED_OSMIUM;XIRECS;10006.0;5
424569;;;ASH_COATED_OSMIUM;XIRECS;10002.0;10
424601;;;INTARIAN_PEPPER_ROOT;XIRECS;52425.0;5
425712;;;INTARIAN_PEPPER_ROOT;XIRECS;52433.0;3
426409;;;INTARIAN_PEPPER_ROOT;XIRECS;52421.0;5
428279;;;INTARIAN_PEPPER_ROOT;XIRECS;52427.0;4
429309;;;INTARIAN_PEPPER_ROOT;XIRECS;52434.0;8
429696;;;INTARIAN_PEPPER_ROOT;XIRECS;52425.0;3
429726;;;ASH_COATED_OSMIUM;XIRECS;9989.0;3
432094;;;INTARIAN_PEPPER_ROOT;XIRECS;52424.0;4
433089;;;ASH_COATED_OSMIUM;XIRECS;9981.0;5
433259;;;ASH_COATED_OSMIUM;XIRECS;9998.0;6
434151;;;ASH_COATED_OSMIUM;XIRECS;9984.0;4
438559;;;INTARIAN_PEPPER_ROOT;XIRECS;52429.0;5
439067;;;ASH_COATED_OSMIUM;XIRECS;9990.0;6
441860;;;ASH_COATED_OSMIUM;XIRECS;10002.0;5
443703;;;ASH_COATED_OSMIUM;XIRECS;9986.0;3
443984;;;ASH_COATED_OSMIUM;XIRECS;9994.0;10
444087;;;ASH_COATED_OSMIUM;XIRECS;9995.0;6
446947;;;INTARIAN_PEPPER_ROOT;XIRECS;52443.0;7
447096;;;ASH_COATED_OSMIUM;XIRECS;10012.0;5
447209;;;INTARIAN_PEPPER_ROOT;XIRECS;52441.0;7
447772;;;INTARIAN_PEPPER_ROOT;XIRECS;52456.0;4
448342;;;INTARIAN_PEPPER_ROOT;XIRECS;52439.0;6
448434;;;INTARIAN_PEPPER_ROOT;XIRECS;52451.0;7
450528;;;ASH_COATED_OSMIUM;XIRECS;9994.0;3
451348;;;ASH_COATED_OSMIUM;XIRECS;9995.0;3
455611;;;INTARIAN_PEPPER_ROOT;XIRECS;52447.0;3
458422;;;ASH_COATED_OSMIUM;XIRECS;10015.0;6
463060;;;INTARIAN_PEPPER_ROOT;XIRECS;52470.0;5
464602;;;ASH_COATED_OSMIUM;XIRECS;10013.0;3
464790;;;ASH_COATED_OSMIUM;XIRECS;10020.0;5
465594;;;INTARIAN_PEPPER_ROOT;XIRECS;52459.0;3
466931;;;INTARIAN_PEPPER_ROOT;XIRECS;52473.0;6
467495;;;INTARIAN_PEPPER_ROOT;XIRECS;52478.0;2
468219;;;ASH_COATED_OSMIUM;XIRECS;10010.0;7
469364;;;INTARIAN_PEPPER_ROOT;XIRECS;52460.0;3
469983;;;ASH_COATED_OSMIUM;XIRECS;10001.0;3
470215;;;ASH_COATED_OSMIUM;XIRECS;10008.0;4
470532;;;ASH_COATED_OSMIUM;XIRECS;10009.0;6
470779;;;INTARIAN_PEPPER_ROOT;XIRECS;52463.0;5
471030;;;ASH_COATED_OSMIUM;XIRECS;9997.0;2
471257;;;INTARIAN_PEPPER_ROOT;XIRECS;52465.0;3
471462;;;ASH_COATED_OSMIUM;XIRECS;9989.0;3
472266;;;ASH_COATED_OSMIUM;XIRECS;10008.0;3
472699;;;ASH_COATED_OSMIUM;XIRECS;9985.0;10
475787;;;ASH_COATED_OSMIUM;XIRECS;9991.0;5
477085;;;ASH_COATED_OSMIUM;XIRECS;10005.0;10
479614;;;ASH_COATED_OSMIUM;XIRECS;9988.0;8
482090;;;INTARIAN_PEPPER_ROOT;XIRECS;52473.0;5
486860;;;ASH_COATED_OSMIUM;XIRECS;9998.0;6
487009;;;ASH_COATED_OSMIUM;XIRECS;10000.0;2
488370;;;INTARIAN_PEPPER_ROOT;XIRECS;52482.0;5
490184;;;ASH_COATED_OSMIUM;XIRECS;10012.0;8
491112;;;ASH_COATED_OSMIUM;XIRECS;9991.0;10
495169;;;INTARIAN_PEPPER_ROOT;XIRECS;52488.0;3
495512;;;ASH_COATED_OSMIUM;XIRECS;10005.0;6
496886;;;INTARIAN_PEPPER_ROOT;XIRECS;52504.0;6
498086;;;INTARIAN_PEPPER_ROOT;XIRECS;52502.0;6
498961;;;ASH_COATED_OSMIUM;XIRECS;10008.0;3
499902;;;ASH_COATED_OSMIUM;XIRECS;9987.0;6
500577;;;ASH_COATED_OSMIUM;XIRECS;9995.0;9
504421;;;ASH_COATED_OSMIUM;XIRECS;10000.0;5
505112;;;INTARIAN_PEPPER_ROOT;XIRECS;52499.0;6
505473;;;INTARIAN_PEPPER_ROOT;XIRECS;52512.0;6
509239;;;INTARIAN_PEPPER_ROOT;XIRECS;52514.0;3
509405;;;ASH_COATED_OSMIUM;XIRECS;10008.0;5
509691;;;INTARIAN_PEPPER_ROOT;XIRECS;52504.0;5
515376;;;INTARIAN_PEPPER_ROOT;XIRECS;52509.0;6
518039;;;INTARIAN_PEPPER_ROOT;XIRECS;52507.0;5
518473;;;INTARIAN_PEPPER_ROOT;XIRECS;52524.0;5
519241;;;INTARIAN_PEPPER_ROOT;XIRECS;52510.0;3
520601;;;INTARIAN_PEPPER_ROOT;XIRECS;52514.0;4
521299;;;INTARIAN_PEPPER_ROOT;XIRECS;52526.0;5
521539;;;INTARIAN_PEPPER_ROOT;XIRECS;52524.0;3
522500;;;ASH_COATED_OSMIUM;XIRECS;9994.0;3
522648;;;ASH_COATED_OSMIUM;XIRECS;9991.0;2
528799;;;INTARIAN_PEPPER_ROOT;XIRECS;52532.0;5
529933;;;INTARIAN_PEPPER_ROOT;XIRECS;52538.0;3
530053;;;ASH_COATED_OSMIUM;XIRECS;9990.0;5
530678;;;INTARIAN_PEPPER_ROOT;XIRECS;52536.0;7
531473;;;ASH_COATED_OSMIUM;XIRECS;9996.0;2
535380;;;INTARIAN_PEPPER_ROOT;XIRECS;52541.0;3
536365;;;INTARIAN_PEPPER_ROOT;XIRECS;52544.0;2
537282;;;ASH_COATED_OSMIUM;XIRECS;9986.0;6
541474;;;ASH_COATED_OSMIUM;XIRECS;9990.0;6
542784;;;ASH_COATED_OSMIUM;XIRECS;9998.0;5
544024;;;ASH_COATED_OSMIUM;XIRECS;10010.0;4
544256;;;INTARIAN_PEPPER_ROOT;XIRECS;52552.0;3
544266;;;ASH_COATED_OSMIUM;XIRECS;10008.0;7
545521;;;ASH_COATED_OSMIUM;XIRECS;10002.0;6
546172;;;ASH_COATED_OSMIUM;XIRECS;9978.0;6
547467;;;ASH_COATED_OSMIUM;XIRECS;9985.0;6
548439;;;INTARIAN_PEPPER_ROOT;XIRECS;52553.0;5
551267;;;ASH_COATED_OSMIUM;XIRECS;9998.0;6
553872;;;ASH_COATED_OSMIUM;XIRECS;9988.0;6
554396;;;INTARIAN_PEPPER_ROOT;XIRECS;52546.0;7
556159;;;ASH_COATED_OSMIUM;XIRECS;10008.0;5
558260;;;INTARIAN_PEPPER_ROOT;XIRECS;52566.0;3
561906;;;ASH_COATED_OSMIUM;XIRECS;9992.0;6
562732;;;ASH_COATED_OSMIUM;XIRECS;9988.0;3
563531;;;ASH_COATED_OSMIUM;XIRECS;9992.0;5
563573;;;INTARIAN_PEPPER_ROOT;XIRECS;52571.0;6
564260;;;ASH_COATED_OSMIUM;XIRECS;10012.0;8
564839;;;INTARIAN_PEPPER_ROOT;XIRECS;52560.0;6
566108;;;ASH_COATED_OSMIUM;XIRECS;9976.0;6
566299;;;ASH_COATED_OSMIUM;XIRECS;9998.0;9
566653;;;INTARIAN_PEPPER_ROOT;XIRECS;52572.0;6
566877;;;ASH_COATED_OSMIUM;XIRECS;9994.0;3
566878;;;INTARIAN_PEPPER_ROOT;XIRECS;52576.0;5
567043;;;ASH_COATED_OSMIUM;XIRECS;9987.0;2
567112;;;INTARIAN_PEPPER_ROOT;XIRECS;52559.0;4
571823;;;ASH_COATED_OSMIUM;XIRECS;9990.0;2
573777;;;ASH_COATED_OSMIUM;XIRECS;10005.0;5
576647;;;ASH_COATED_OSMIUM;XIRECS;9989.0;7
577837;;;ASH_COATED_OSMIUM;XIRECS;9981.0;6
579616;;;ASH_COATED_OSMIUM;XIRECS;9984.0;9
580657;;;INTARIAN_PEPPER_ROOT;XIRECS;52575.0;3
581926;;;ASH_COATED_OSMIUM;XIRECS;9985.0;6
582049;;;ASH_COATED_OSMIUM;XIRECS;9980.0;9
582559;;;ASH_COATED_OSMIUM;XIRECS;9999.0;3
584475;;;ASH_COATED_OSMIUM;XIRECS;9986.0;6
586288;;;ASH_COATED_OSMIUM;XIRECS;9994.0;2
586698;;;INTARIAN_PEPPER_ROOT;XIRECS;52578.0;3
588266;;;ASH_COATED_OSMIUM;XIRECS;10006.0;4
588377;;;ASH_COATED_OSMIUM;XIRECS;9989.0;3
589278;;;INTARIAN_PEPPER_ROOT;XIRECS;52593.0;5
589459;;;ASH_COATED_OSMIUM;XIRECS;10002.0;5
589994;;;ASH_COATED_OSMIUM;XIRECS;10005.0;5
590185;;;ASH_COATED_OSMIUM;XIRECS;10003.0;6
590754;;;INTARIAN_PEPPER_ROOT;XIRECS;52588.0;4
592732;;;ASH_COATED_OSMIUM;XIRECS;9992.0;5
594179;;;ASH_COATED_OSMIUM;XIRECS;9984.0;2
596068;;;INTARIAN_PEPPER_ROOT;XIRECS;52602.0;7
600782;;;INTARIAN_PEPPER_ROOT;XIRECS;52597.0;7
601031;;;INTARIAN_PEPPER_ROOT;XIRECS;52609.0;5
601873;;;INTARIAN_PEPPER_ROOT;XIRECS;52593.0;6
602854;;;INTARIAN_PEPPER_ROOT;XIRECS;52610.0;3
604678;;;ASH_COATED_OSMIUM;XIRECS;9986.0;5
605444;;;ASH_COATED_OSMIUM;XIRECS;10012.0;10
606686;;;ASH_COATED_OSMIUM;XIRECS;10027.0;3
606928;;;INTARIAN_PEPPER_ROOT;XIRECS;52613.0;3
608261;;;ASH_COATED_OSMIUM;XIRECS;9981.0;2
611227;;;ASH_COATED_OSMIUM;XIRECS;9993.0;5
611825;;;ASH_COATED_OSMIUM;XIRECS;10002.0;6
612582;;;INTARIAN_PEPPER_ROOT;XIRECS;52621.0;3
613479;;;ASH_COATED_OSMIUM;XIRECS;9996.0;3
613639;;;ASH_COATED_OSMIUM;XIRECS;9994.0;5
615251;;;INTARIAN_PEPPER_ROOT;XIRECS;52605.0;3
615429;;;INTARIAN_PEPPER_ROOT;XIRECS;52610.0;7
615911;;;ASH_COATED_OSMIUM;XIRECS;10012.0;2
618127;;;INTARIAN_PEPPER_ROOT;XIRECS;52611.0;3
618252;;;INTARIAN_PEPPER_ROOT;XIRECS;52612.0;7
618897;;;INTARIAN_PEPPER_ROOT;XIRECS;52624.0;5
619262;;;ASH_COATED_OSMIUM;XIRECS;10002.0;5
619591;;;ASH_COATED_OSMIUM;XIRECS;9988.0;4
623800;;;ASH_COATED_OSMIUM;XIRECS;10012.0;6
623981;;;ASH_COATED_OSMIUM;XIRECS;10015.0;5
626222;;;INTARIAN_PEPPER_ROOT;XIRECS;52633.0;3
626581;;;INTARIAN_PEPPER_ROOT;XIRECS;52628.0;6
626921;;;ASH_COATED_OSMIUM;XIRECS;9995.0;4
627454;;;ASH_COATED_OSMIUM;XIRECS;9991.0;10
627459;;;INTARIAN_PEPPER_ROOT;XIRECS;52627.0;3
628009;;;INTARIAN_PEPPER_ROOT;XIRECS;52632.0;3
628068;;;INTARIAN_PEPPER_ROOT;XIRECS;52621.0;8
630221;;;INTARIAN_PEPPER_ROOT;XIRECS;52625.0;3
630658;;;INTARIAN_PEPPER_ROOT;XIRECS;52637.0;6
635237;;;INTARIAN_PEPPER_ROOT;XIRECS;52642.0;7
636284;;;ASH_COATED_OSMIUM;XIRECS;10006.0;9
636824;;;ASH_COATED_OSMIUM;XIRECS;10000.0;4
638079;;;ASH_COATED_OSMIUM;XIRECS;10017.0;7
638863;;;INTARIAN_PEPPER_ROOT;XIRECS;52630.0;6
642064;;;ASH_COATED_OSMIUM;XIRECS;9982.0;8
644244;;;INTARIAN_PEPPER_ROOT;XIRECS;52649.0;7
644910;;;ASH_COATED_OSMIUM;XIRECS;9987.0;6
645202;;;ASH_COATED_OSMIUM;XIRECS;9999.0;2
649592;;;ASH_COATED_OSMIUM;XIRECS;10007.0;10
650405;;;INTARIAN_PEPPER_ROOT;XIRECS;52643.0;5
652573;;;ASH_COATED_OSMIUM;XIRECS;10003.0;2
654409;;;ASH_COATED_OSMIUM;XIRECS;9983.0;5
654447;;;INTARIAN_PEPPER_ROOT;XIRECS;52662.0;7
658160;;;ASH_COATED_OSMIUM;XIRECS;10000.0;4
661367;;;INTARIAN_PEPPER_ROOT;XIRECS;52653.0;5
662931;;;INTARIAN_PEPPER_ROOT;XIRECS;52658.0;6
664930;;;INTARIAN_PEPPER_ROOT;XIRECS;52654.0;6
667244;;;ASH_COATED_OSMIUM;XIRECS;10012.0;4
668106;;;INTARIAN_PEPPER_ROOT;XIRECS;52675.0;3
668516;;;INTARIAN_PEPPER_ROOT;XIRECS;52680.0;7
668866;;;ASH_COATED_OSMIUM;XIRECS;10010.0;3
669593;;;INTARIAN_PEPPER_ROOT;XIRECS;52672.0;5
672338;;;INTARIAN_PEPPER_ROOT;XIRECS;52663.0;3
672459;;;ASH_COATED_OSMIUM;XIRECS;10001.0;2
672976;;;ASH_COATED_OSMIUM;XIRECS;9987.0;5
673222;;;INTARIAN_PEPPER_ROOT;XIRECS;52685.0;7
679164;;;ASH_COATED_OSMIUM;XIRECS;10009.0;7
679429;;;INTARIAN_PEPPER_ROOT;XIRECS;52684.0;7
679500;;;ASH_COATED_OSMIUM;XIRECS;9989.0;10
679558;;;INTARIAN_PEPPER_ROOT;XIRECS;52685.0;7
680325;;;INTARIAN_PEPPER_ROOT;XIRECS;52668.0;7
683319;;;ASH_COATED_OSMIUM;XIRECS;9988.0;6
683662;;;INTARIAN_PEPPER_ROOT;XIRECS;52689.0;4
683936;;;INTARIAN_PEPPER_ROOT;XIRECS;52691.0;4
684555;;;INTARIAN_PEPPER_ROOT;XIRECS;52689.0;3
684596;;;INTARIAN_PEPPER_ROOT;XIRECS;52677.0;7
685463;;;ASH_COATED_OSMIUM;XIRECS;10003.0;2
687741;;;INTARIAN_PEPPER_ROOT;XIRECS;52696.0;7
701761;;;ASH_COATED_OSMIUM;XIRECS;9994.0;10
702284;;;ASH_COATED_OSMIUM;XIRECS;10020.0;10
703840;;;INTARIAN_PEPPER_ROOT;XIRECS;52697.0;5
705581;;;INTARIAN_PEPPER_ROOT;XIRECS;52710.0;6
705829;;;ASH_COATED_OSMIUM;XIRECS;10010.0;2
705865;;;ASH_COATED_OSMIUM;XIRECS;9991.0;5
706859;;;INTARIAN_PEPPER_ROOT;XIRECS;52702.0;6
707723;;;INTARIAN_PEPPER_ROOT;XIRECS;52715.0;7
708878;;;ASH_COATED_OSMIUM;XIRECS;10005.0;10
709562;;;ASH_COATED_OSMIUM;XIRECS;9993.0;7
709650;;;ASH_COATED_OSMIUM;XIRECS;9988.0;7
710241;;;ASH_COATED_OSMIUM;XIRECS;10010.0;6
713484;;;INTARIAN_PEPPER_ROOT;XIRECS;52718.0;4
713550;;;ASH_COATED_OSMIUM;XIRECS;9996.0;6
714258;;;INTARIAN_PEPPER_ROOT;XIRECS;52709.0;4
715214;;;INTARIAN_PEPPER_ROOT;XIRECS;52721.0;8
717525;;;INTARIAN_PEPPER_ROOT;XIRECS;52724.0;5
719332;;;INTARIAN_PEPPER_ROOT;XIRECS;52729.0;4
722333;;;ASH_COATED_OSMIUM;XIRECS;10001.0;5
722420;;;INTARIAN_PEPPER_ROOT;XIRECS;52716.0;6
726071;;;INTARIAN_PEPPER_ROOT;XIRECS;52718.0;8
728102;;;INTARIAN_PEPPER_ROOT;XIRECS;52736.0;5
730307;;;INTARIAN_PEPPER_ROOT;XIRECS;52725.0;7
731284;;;INTARIAN_PEPPER_ROOT;XIRECS;52737.0;7
732222;;;ASH_COATED_OSMIUM;XIRECS;10004.0;4
733076;;;INTARIAN_PEPPER_ROOT;XIRECS;52726.0;4
733659;;;INTARIAN_PEPPER_ROOT;XIRECS;52740.0;4
734082;;;ASH_COATED_OSMIUM;XIRECS;10003.0;7
735541;;;INTARIAN_PEPPER_ROOT;XIRECS;52733.0;6
736068;;;ASH_COATED_OSMIUM;XIRECS;9985.0;6
736765;;;INTARIAN_PEPPER_ROOT;XIRECS;52731.0;7
737247;;;ASH_COATED_OSMIUM;XIRECS;9984.0;5
737415;;;INTARIAN_PEPPER_ROOT;XIRECS;52731.0;7
738466;;;ASH_COATED_OSMIUM;XIRECS;9997.0;10
740852;;;ASH_COATED_OSMIUM;XIRECS;9987.0;4
740924;;;ASH_COATED_OSMIUM;XIRECS;10004.0;5
742021;;;INTARIAN_PEPPER_ROOT;XIRECS;52750.0;7
746554;;;ASH_COATED_OSMIUM;XIRECS;9988.0;5
749516;;;ASH_COATED_OSMIUM;XIRECS;9989.0;5
749940;;;INTARIAN_PEPPER_ROOT;XIRECS;52744.0;3
750015;;;INTARIAN_PEPPER_ROOT;XIRECS;52759.0;4
754285;;;ASH_COATED_OSMIUM;XIRECS;9997.0;2
754313;;;ASH_COATED_OSMIUM;XIRECS;9978.0;4
755708;;;INTARIAN_PEPPER_ROOT;XIRECS;52765.0;7
756182;;;INTARIAN_PEPPER_ROOT;XIRECS;52765.0;3
757127;;;ASH_COATED_OSMIUM;XIRECS;10005.0;2
758159;;;ASH_COATED_OSMIUM;XIRECS;9999.0;3
761581;;;ASH_COATED_OSMIUM;XIRECS;10012.0;2
763428;;;ASH_COATED_OSMIUM;XIRECS;9996.0;3
763662;;;INTARIAN_PEPPER_ROOT;XIRECS;52772.0;7
764300;;;ASH_COATED_OSMIUM;XIRECS;9991.0;3
764998;;;ASH_COATED_OSMIUM;XIRECS;10012.0;2
765641;;;ASH_COATED_OSMIUM;XIRECS;10002.0;6
766643;;;ASH_COATED_OSMIUM;XIRECS;10006.0;3
768641;;;INTARIAN_PEPPER_ROOT;XIRECS;52767.0;8
768704;;;ASH_COATED_OSMIUM;XIRECS;10002.0;4
769908;;;INTARIAN_PEPPER_ROOT;XIRECS;52774.0;4
770220;;;ASH_COATED_OSMIUM;XIRECS;9985.0;5
770454;;;ASH_COATED_OSMIUM;XIRECS;10010.0;2
773388;;;INTARIAN_PEPPER_ROOT;XIRECS;52776.0;3
773441;;;INTARIAN_PEPPER_ROOT;XIRECS;52782.0;4
773534;;;INTARIAN_PEPPER_ROOT;XIRECS;52780.0;7
776057;;;ASH_COATED_OSMIUM;XIRECS;9997.0;6
777371;;;INTARIAN_PEPPER_ROOT;XIRECS;52765.0;5
780390;;;ASH_COATED_OSMIUM;XIRECS;10005.0;6
781177;;;INTARIAN_PEPPER_ROOT;XIRECS;52791.0;3
781373;;;ASH_COATED_OSMIUM;XIRECS;9988.0;5
784130;;;ASH_COATED_OSMIUM;XIRECS;10005.0;2
784455;;;ASH_COATED_OSMIUM;XIRECS;10006.0;3
784987;;;ASH_COATED_OSMIUM;XIRECS;10002.0;8
785524;;;ASH_COATED_OSMIUM;XIRECS;9999.0;9
788150;;;INTARIAN_PEPPER_ROOT;XIRECS;52780.0;8
790668;;;ASH_COATED_OSMIUM;XIRECS;10011.0;8
792071;;;ASH_COATED_OSMIUM;XIRECS;9998.0;2
793994;;;ASH_COATED_OSMIUM;XIRECS;10008.0;8
796912;;;ASH_COATED_OSMIUM;XIRECS;10003.0;6
797915;;;INTARIAN_PEPPER_ROOT;XIRECS;52800.0;5
799181;;;ASH_COATED_OSMIUM;XIRECS;10006.0;2
799980;;;ASH_COATED_OSMIUM;XIRECS;9991.0;6
801647;;;ASH_COATED_OSMIUM;XIRECS;10010.0;5
801702;;;ASH_COATED_OSMIUM;XIRECS;10005.0;3
801873;;;ASH_COATED_OSMIUM;XIRECS;10012.0;9
802339;;;ASH_COATED_OSMIUM;XIRECS;9988.0;5
805145;;;ASH_COATED_OSMIUM;XIRECS;10016.0;2
808000;;;INTARIAN_PEPPER_ROOT;XIRECS;52816.0;6
808018;;;ASH_COATED_OSMIUM;XIRECS;9988.0;3
808052;;;ASH_COATED_OSMIUM;XIRECS;10004.0;2
809742;;;INTARIAN_PEPPER_ROOT;XIRECS;52820.0;5
809903;;;INTARIAN_PEPPER_ROOT;XIRECS;52803.0;6
812501;;;INTARIAN_PEPPER_ROOT;XIRECS;52818.0;7
813757;;;ASH_COATED_OSMIUM;XIRECS;9996.0;10
814135;;;ASH_COATED_OSMIUM;XIRECS;9995.0;5
815691;;;ASH_COATED_OSMIUM;XIRECS;9995.0;6
816340;;;ASH_COATED_OSMIUM;XIRECS;9995.0;6
817118;;;ASH_COATED_OSMIUM;XIRECS;9989.0;5
817615;;;INTARIAN_PEPPER_ROOT;XIRECS;52820.0;7
817993;;;INTARIAN_PEPPER_ROOT;XIRECS;52822.0;4
820534;;;ASH_COATED_OSMIUM;XIRECS;10015.0;6
822288;;;ASH_COATED_OSMIUM;XIRECS;9988.0;5
823865;;;ASH_COATED_OSMIUM;XIRECS;10002.0;4
828085;;;ASH_COATED_OSMIUM;XIRECS;9990.0;2
829675;;;ASH_COATED_OSMIUM;XIRECS;9991.0;10
830299;;;INTARIAN_PEPPER_ROOT;XIRECS;52833.0;6
830676;;;INTARIAN_PEPPER_ROOT;XIRECS;52840.0;5
830705;;;INTARIAN_PEPPER_ROOT;XIRECS;52825.0;6
834157;;;ASH_COATED_OSMIUM;XIRECS;10001.0;6
836168;;;ASH_COATED_OSMIUM;XIRECS;9999.0;6
841245;;;ASH_COATED_OSMIUM;XIRECS;9993.0;3
844800;;;INTARIAN_PEPPER_ROOT;XIRECS;52837.0;7
847146;;;INTARIAN_PEPPER_ROOT;XIRECS;52842.0;3
848019;;;ASH_COATED_OSMIUM;XIRECS;9979.0;3
849422;;;ASH_COATED_OSMIUM;XIRECS;9991.0;6
850905;;;INTARIAN_PEPPER_ROOT;XIRECS;52856.0;5
852836;;;ASH_COATED_OSMIUM;XIRECS;9999.0;3
853825;;;ASH_COATED_OSMIUM;XIRECS;9999.0;10
854464;;;ASH_COATED_OSMIUM;XIRECS;10010.0;5
856385;;;ASH_COATED_OSMIUM;XIRECS;10012.0;8
856479;;;INTARIAN_PEPPER_ROOT;XIRECS;52848.0;6
857747;;;INTARIAN_PEPPER_ROOT;XIRECS;52853.0;6
858173;;;ASH_COATED_OSMIUM;XIRECS;10019.0;3
858594;;;INTARIAN_PEPPER_ROOT;XIRECS;52851.0;5
859048;;;INTARIAN_PEPPER_ROOT;XIRECS;52852.0;3
861048;;;INTARIAN_PEPPER_ROOT;XIRECS;52854.0;7
863650;;;INTARIAN_PEPPER_ROOT;XIRECS;52868.0;5
866157;;;ASH_COATED_OSMIUM;XIRECS;9988.0;5
866190;;;INTARIAN_PEPPER_ROOT;XIRECS;52860.0;4
867256;;;ASH_COATED_OSMIUM;XIRECS;10008.0;2
868540;;;ASH_COATED_OSMIUM;XIRECS;9994.0;6
869114;;;ASH_COATED_OSMIUM;XIRECS;9993.0;4
870054;;;INTARIAN_PEPPER_ROOT;XIRECS;52863.0;3
871056;;;ASH_COATED_OSMIUM;XIRECS;10000.0;4
871115;;;INTARIAN_PEPPER_ROOT;XIRECS;52867.0;5
871895;;;ASH_COATED_OSMIUM;XIRECS;10023.0;3
872983;;;ASH_COATED_OSMIUM;XIRECS;10004.0;7
873104;;;ASH_COATED_OSMIUM;XIRECS;10013.0;9
876194;;;INTARIAN_PEPPER_ROOT;XIRECS;52873.0;6
876489;;;ASH_COATED_OSMIUM;XIRECS;10011.0;4
877451;;;ASH_COATED_OSMIUM;XIRECS;10007.0;5
877697;;;ASH_COATED_OSMIUM;XIRECS;9992.0;4
878333;;;INTARIAN_PEPPER_ROOT;XIRECS;52872.0;5
879552;;;INTARIAN_PEPPER_ROOT;XIRECS;52869.0;7
882367;;;ASH_COATED_OSMIUM;XIRECS;10009.0;6
887847;;;INTARIAN_PEPPER_ROOT;XIRECS;52878.0;5
887909;;;INTARIAN_PEPPER_ROOT;XIRECS;52894.0;7
889591;;;INTARIAN_PEPPER_ROOT;XIRECS;52882.0;3
889825;;;ASH_COATED_OSMIUM;XIRECS;10016.0;5
889993;;;ASH_COATED_OSMIUM;XIRECS;9995.0;5
890527;;;INTARIAN_PEPPER_ROOT;XIRECS;52885.0;4
893698;;;INTARIAN_PEPPER_ROOT;XIRECS;52900.0;4
896778;;;ASH_COATED_OSMIUM;XIRECS;9991.0;10
896824;;;INTARIAN_PEPPER_ROOT;XIRECS;52893.0;3
897596;;;INTARIAN_PEPPER_ROOT;XIRECS;52900.0;3
897651;;;INTARIAN_PEPPER_ROOT;XIRECS;52889.0;3
897664;;;ASH_COATED_OSMIUM;XIRECS;10014.0;2
898996;;;ASH_COATED_OSMIUM;XIRECS;10016.0;6
899257;;;INTARIAN_PEPPER_ROOT;XIRECS;52904.0;6
899417;;;ASH_COATED_OSMIUM;XIRECS;9992.0;8
900912;;;ASH_COATED_OSMIUM;XIRECS;10003.0;6
903537;;;INTARIAN_PEPPER_ROOT;XIRECS;52897.0;7
906741;;;ASH_COATED_OSMIUM;XIRECS;9996.0;3
908537;;;INTARIAN_PEPPER_ROOT;XIRECS;52918.0;3
910538;;;ASH_COATED_OSMIUM;XIRECS;10010.0;5
911615;;;ASH_COATED_OSMIUM;XIRECS;9990.0;3
912083;;;INTARIAN_PEPPER_ROOT;XIRECS;52920.0;7
913279;;;ASH_COATED_OSMIUM;XIRECS;9986.0;5
914815;;;ASH_COATED_OSMIUM;XIRECS;10008.0;6
917040;;;ASH_COATED_OSMIUM;XIRECS;10005.0;4
918429;;;ASH_COATED_OSMIUM;XIRECS;9991.0;5
918593;;;ASH_COATED_OSMIUM;XIRECS;10002.0;4
919785;;;INTARIAN_PEPPER_ROOT;XIRECS;52914.0;7
920710;;;ASH_COATED_OSMIUM;XIRECS;9994.0;4
921049;;;ASH_COATED_OSMIUM;XIRECS;10011.0;7
921486;;;ASH_COATED_OSMIUM;XIRECS;10001.0;9
921784;;;INTARIAN_PEPPER_ROOT;XIRECS;52914.0;6
922214;;;INTARIAN_PEPPER_ROOT;XIRECS;52921.0;6
923349;;;ASH_COATED_OSMIUM;XIRECS;9990.0;9
923659;;;ASH_COATED_OSMIUM;XIRECS;9991.0;6
924351;;;ASH_COATED_OSMIUM;XIRECS;9982.0;3
924399;;;INTARIAN_PEPPER_ROOT;XIRECS;52919.0;7
924706;;;INTARIAN_PEPPER_ROOT;XIRECS;52935.0;5
926386;;;ASH_COATED_OSMIUM;XIRECS;10015.0;3
926648;;;INTARIAN_PEPPER_ROOT;XIRECS;52936.0;3
930067;;;INTARIAN_PEPPER_ROOT;XIRECS;52937.0;5
933248;;;ASH_COATED_OSMIUM;XIRECS;9994.0;5
934594;;;INTARIAN_PEPPER_ROOT;XIRECS;52943.0;6
935865;;;ASH_COATED_OSMIUM;XIRECS;9995.0;8
937646;;;INTARIAN_PEPPER_ROOT;XIRECS;52947.0;7
938640;;;ASH_COATED_OSMIUM;XIRECS;9984.0;2
938836;;;ASH_COATED_OSMIUM;XIRECS;10005.0;3
939468;;;INTARIAN_PEPPER_ROOT;XIRECS;52936.0;4
939884;;;ASH_COATED_OSMIUM;XIRECS;9989.0;3
940602;;;INTARIAN_PEPPER_ROOT;XIRECS;52950.0;7
943907;;;INTARIAN_PEPPER_ROOT;XIRECS;52948.0;6
944001;;;ASH_COATED_OSMIUM;XIRECS;10006.0;6
944658;;;INTARIAN_PEPPER_ROOT;XIRECS;52945.0;3
948377;;;INTARIAN_PEPPER_ROOT;XIRECS;52955.0;6
949151;;;ASH_COATED_OSMIUM;XIRECS;10003.0;6
953448;;;INTARIAN_PEPPER_ROOT;XIRECS;52946.0;8
956227;;;ASH_COATED_OSMIUM;XIRECS;10009.0;10
956783;;;ASH_COATED_OSMIUM;XIRECS;10010.0;9
957571;;;INTARIAN_PEPPER_ROOT;XIRECS;52963.0;3
957707;;;ASH_COATED_OSMIUM;XIRECS;10008.0;4
957847;;;INTARIAN_PEPPER_ROOT;XIRECS;52955.0;5
958324;;;ASH_COATED_OSMIUM;XIRECS;9988.0;2
960198;;;ASH_COATED_OSMIUM;XIRECS;9991.0;3
960501;;;INTARIAN_PEPPER_ROOT;XIRECS;52968.0;3
961259;;;ASH_COATED_OSMIUM;XIRECS;9987.0;3
962656;;;INTARIAN_PEPPER_ROOT;XIRECS;52972.0;4
962731;;;ASH_COATED_OSMIUM;XIRECS;10008.0;10
963779;;;INTARIAN_PEPPER_ROOT;XIRECS;52967.0;6
963996;;;ASH_COATED_OSMIUM;XIRECS;10001.0;5
964951;;;ASH_COATED_OSMIUM;XIRECS;10004.0;7
967350;;;ASH_COATED_OSMIUM;XIRECS;10010.0;3
967616;;;INTARIAN_PEPPER_ROOT;XIRECS;52971.0;6
967910;;;ASH_COATED_OSMIUM;XIRECS;9997.0;4
967914;;;INTARIAN_PEPPER_ROOT;XIRECS;52974.0;4
969687;;;ASH_COATED_OSMIUM;XIRECS;9982.0;6
969829;;;INTARIAN_PEPPER_ROOT;XIRECS;52962.0;7
969944;;;INTARIAN_PEPPER_ROOT;XIRECS;52980.0;5
971925;;;ASH_COATED_OSMIUM;XIRECS;10009.0;6
971929;;;ASH_COATED_OSMIUM;XIRECS;10009.0;4
972099;;;ASH_COATED_OSMIUM;XIRECS;9997.0;10
972646;;;INTARIAN_PEPPER_ROOT;XIRECS;52966.0;8
973180;;;ASH_COATED_OSMIUM;XIRECS;10011.0;3
974218;;;INTARIAN_PEPPER_ROOT;XIRECS;52970.0;8
974485;;;ASH_COATED_OSMIUM;XIRECS;10004.0;9
975951;;;ASH_COATED_OSMIUM;XIRECS;10000.0;5
976110;;;ASH_COATED_OSMIUM;XIRECS;10004.0;6
977480;;;INTARIAN_PEPPER_ROOT;XIRECS;52973.0;6
977641;;;ASH_COATED_OSMIUM;XIRECS;9999.0;6
980417;;;ASH_COATED_OSMIUM;XIRECS;10010.0;2
980724;;;INTARIAN_PEPPER_ROOT;XIRECS;52986.0;6
981373;;;ASH_COATED_OSMIUM;XIRECS;9994.0;5
982481;;;ASH_COATED_OSMIUM;XIRECS;10013.0;5
983760;;;INTARIAN_PEPPER_ROOT;XIRECS;52989.0;6
984225;;;INTARIAN_PEPPER_ROOT;XIRECS;52976.0;7
985391;;;ASH_COATED_OSMIUM;XIRECS;9992.0;2
991570;;;ASH_COATED_OSMIUM;XIRECS;9995.0;4
991873;;;INTARIAN_PEPPER_ROOT;XIRECS;53000.0;5
996562;;;INTARIAN_PEPPER_ROOT;XIRECS;52991.0;6
999146;;;INTARIAN_PEPPER_ROOT;XIRECS;52990.0;5