timestamp;buyer;seller;symbol;currency;price;quantity
649;;;ASH_COATED_OSMIUM;XIRECS;9996.0;2
1949;;;ASH_COATED_OSMIUM;XIRECS;10014.0;10
6402;;;ASH_COATED_OSMIUM;XIRECS;10005.0;5
11929;;;INTARIAN_PEPPER_ROOT;XIRECS;37008.0;6
13675;;;ASH_COATED_OSMIUM;XIRECS;10015.0;6
17127;;;INTARIAN_PEPPER_ROOT;XIRECS;37007.0;7
20899;;;ASH_COATED_OSMIUM;XIRECS;9999.0;5
21363;;;ASH_COATED_OSMIUM;XIRECS;9999.0;2
21681;;;INTARIAN_PEPPER_ROOT;XIRECS;37015.0;4
22545;;;INTARIAN_PEPPER_ROOT;XIRECS;37016.0;4
25856;;;INTARIAN_PEPPER_ROOT;XIRECS;37021.0;7
25881;;;INTARIAN_PEPPER_ROOT;XIRECS;37035.0;8
28298;;;ASH_COATED_OSMIUM;XIRECS;10008.0;4
28360;;;ASH_COATED_OSMIUM;XIRECS;9986.0;3
29018;;;INTARIAN_PEPPER_ROOT;XIRECS;37020.0;5
31261;;;INTARIAN_PEPPER_ROOT;XIRECS;37038.0;4
35560;;;INTARIAN_PEPPER_ROOT;XIRECS;37032.0;7
36160;;;ASH_COATED_OSMIUM;XIRECS;9989.0;4
36764;;;ASH_COATED_OSMIUM;XIRECS;10001.0;2
37470;;;INTARIAN_PEPPER_ROOT;XIRECS;37032.0;4
40615;;;ASH_COATED_OSMIUM;XIRECS;10012.0;3
41036;;;INTARIAN_PEPPER_ROOT;XIRECS;37047.0;4
41039;;;ASH_COATED_OSMIUM;XIRECS;10009.0;9
41445;;;ASH_COATED_OSMIUM;XIRECS;9997.0;2
41893;;;ASH_COATED_OSMIUM;XIRECS;9994.0;2
42264;;;INTARIAN_PEPPER_ROOT;XIRECS;37052.0;7
43791;;;INTARIAN_PEPPER_ROOT;XIRECS;37052.0;3
44045;;;ASH_COATED_OSMIUM;XIRECS;10002.0;4
44209;;;ASH_COATED_OSMIUM;XIRECS;10014.0;3
45811;;;ASH_COATED_OSMIUM;XIRECS;10014.0;5
45936;;;ASH_COATED_OSMIUM;XIRECS;9991.0;6
46176;;;INTARIAN_PEPPER_ROOT;XIRECS;37051.0;6
47192;;;ASH_COATED_OSMIUM;XIRECS;9979.0;4
51146;;;ASH_COATED_OSMIUM;XIRECS;10012.0;5
51552;;;ASH_COATED_OSMIUM;XIRECS;9988.0;4
53237;;;INTARIAN_PEPPER_ROOT;XIRECS;37044.0;4
56581;;;INTARIAN_PEPPER_ROOT;XIRECS;37054.0;6
60546;;;ASH_COATED_OSMIUM;XIRECS;9993.0;8
61099;;;ASH_COATED_OSMIUM;XIRECS;9987.0;2
62905;;;ASH_COATED_OSMIUM;XIRECS;10006.0;6
65122;;;ASH_COATED_OSMIUM;XIRECS;10000.0;2
66468;;;ASH_COATED_OSMIUM;XIRECS;9987.0;3
67076;;;INTARIAN_PEPPER_ROOT;XIRECS;37060.0;5
67262;;;ASH_COATED_OSMIUM;XIRECS;9991.0;10
68458;;;ASH_COATED_OSMIUM;XIRECS;9998.0;4
68657;;;INTARIAN_PEPPER_ROOT;XIRECS;37078.0;5
69069;;;INTARIAN_PEPPER_ROOT;XIRECS;37060.0;3
69642;;;INTARIAN_PEPPER_ROOT;XIRECS;37077.0;3
69811;;;ASH_COATED_OSMIUM;XIRECS;10017.0;3
78997;;;INTARIAN_PEPPER_ROOT;XIRECS;37087.0;3
83142;;;ASH_COATED_OSMIUM;XIRECS;10001.0;7
87484;;;ASH_COATED_OSMIUM;XIRECS;10001.0;7
89617;;;ASH_COATED_OSMIUM;XIRECS;9986.0;2
89872;;;ASH_COATED_OSMIUM;XIRECS;9983.0;4
91447;;;INTARIAN_PEPPER_ROOT;XIRECS;37084.0;7
95113;;;INTARIAN_PEPPER_ROOT;XIRECS;37088.0;4
96965;;;ASH_COATED_OSMIUM;XIRECS;9988.0;4
99477;;;INTARIAN_PEPPER_ROOT;XIRECS;37093.0;6
102193;;;INTARIAN_PEPPER_ROOT;XIRECS;37097.0;5
102740;;;ASH_COATED_OSMIUM;XIRECS;9987.0;9
105894;;;INTARIAN_PEPPER_ROOT;XIRECS;37097.0;7
105944;;;ASH_COATED_OSMIUM;XIRECS;10005.0;6
106439;;;INTARIAN_PEPPER_ROOT;XIRECS;37109.0;6
111837;;;ASH_COATED_OSMIUM;XIRECS;10000.0;8
112944;;;INTARIAN_PEPPER_ROOT;XIRECS;37104.0;4
113047;;;ASH_COATED_OSMIUM;XIRECS;9997.0;3
113107;;;INTARIAN_PEPPER_ROOT;XIRECS;37119.0;3
116977;;;INTARIAN_PEPPER_ROOT;XIRECS;37110.0;7
117282;;;ASH_COATED_OSMIUM;XIRECS;10011.0;4
119057;;;INTARIAN_PEPPER_ROOT;XIRECS;37115.0;4
122543;;;ASH_COATED_OSMIUM;XIRECS;9987.0;4
126290;;;INTARIAN_PEPPER_ROOT;XIRECS;37119.0;7
126784;;;INTARIAN_PEPPER_ROOT;XIRECS;37135.0;3
127618;;;INTARIAN_PEPPER_ROOT;XIRECS;37133.0;3
128463;;;ASH_COATED_OSMIUM;XIRECS;10007.0;10
130979;;;ASH_COATED_OSMIUM;XIRECS;10000.0;10
131857;;;INTARIAN_PEPPER_ROOT;XIRECS;37124.0;6
132430;;;INTARIAN_PEPPER_ROOT;XIRECS;37135.0;4
133237;;;ASH_COATED_OSMIUM;XIRECS;9992.0;4
133771;;;INTARIAN_PEPPER_ROOT;XIRECS;37138.0;6
133879;;;ASH_COATED_OSMIUM;XIRECS;10006.0;3
134446;;;ASH_COATED_OSMIUM;XIRECS;9995.0;4
136253;;;ASH_COATED_OSMIUM;XIRECS;9998.0;6
136644;;;INTARIAN_PEPPER_ROOT;XIRECS;37130.0;6
136780;;;INTARIAN_PEPPER_ROOT;XIRECS;37134.0;7
137095;;;ASH_COATED_OSMIUM;XIRECS;9996.0;4
137147;;;ASH_COATED_OSMIUM;XIRECS;10001.0;8
138433;;;ASH_COATED_OSMIUM;XIRECS;9998.0;2
140581;;;ASH_COATED_OSMIUM;XIRECS;10007.0;3
141012;;;INTARIAN_PEPPER_ROOT;XIRECS;37147.0;3
141321;;;ASH_COATED_OSMIUM;XIRECS;9997.0;5
145911;;;ASH_COATED_OSMIUM;XIRECS;10008.0;6
148145;;;ASH_COATED_OSMIUM;XIRECS;9997.0;5
148168;;;ASH_COATED_OSMIUM;XIRECS;9997.0;3
149407;;;ASH_COATED_OSMIUM;XIRECS;9991.0;5
149486;;;INTARIAN_PEPPER_ROOT;XIRECS;37159.0;5
150421;;;ASH_COATED_OSMIUM;XIRECS;9989.0;5
152561;;;ASH_COATED_OSMIUM;XIRECS;10005.0;5
156364;;;INTARIAN_PEPPER_ROOT;XIRECS;37149.0;8
157198;;;INTARIAN_PEPPER_ROOT;XIRECS;37168.0;6
160177;;;INTARIAN_PEPPER_ROOT;XIRECS;37151.0;6
161206;;;INTARIAN_PEPPER_ROOT;XIRECS;37168.0;5
161982;;;ASH_COATED_OSMIUM;XIRECS;9992.0;4
162055;;;INTARIAN_PEPPER_ROOT;XIRECS;37156.0;3
163852;;;INTARIAN_PEPPER_ROOT;XIRECS;37156.0;4
165817;;;ASH_COATED_OSMIUM;XIRECS;9986.0;4
167629;;;ASH_COATED_OSMIUM;XIRECS;9986.0;4
167880;;;ASH_COATED_OSMIUM;XIRECS;9986.0;6
168398;;;INTARIAN_PEPPER_ROOT;XIRECS;37161.0;7
170814;;;INTARIAN_PEPPER_ROOT;XIRECS;37162.0;7
174632;;;ASH_COATED_OSMIUM;XIRECS;9994.0;4
175521;;;INTARIAN_PEPPER_ROOT;XIRECS;37180.0;7
177033;;;INTARIAN_PEPPER_ROOT;XIRECS;37171.0;3
177772;;;ASH_COATED_OSMIUM;XIRECS;9986.0;10
177842;;;INTARIAN_PEPPER_ROOT;XIRECS;37172.0;5
178087;;;INTARIAN_PEPPER_ROOT;XIRECS;37174.0;5
179494;;;ASH_COATED_OSMIUM;XIRECS;9996.0;3
180500;;;INTARIAN_PEPPER_ROOT;XIRECS;37188.0;7
180739;;;ASH_COATED_OSMIUM;XIRECS;9985.0;5
181006;;;ASH_COATED_OSMIUM;XIRECS;10000.0;7
182289;;;ASH_COATED_OSMIUM;XIRECS;9993.0;2
184527;;;ASH_COATED_OSMIUM;XIRECS;9994.0;2
189872;;;ASH_COATED_OSMIUM;XIRECS;9981.0;3
195497;;;ASH_COATED_OSMIUM;XIRECS;10006.0;5
196129;;;ASH_COATED_OSMIUM;XIRECS;9982.0;4
196253;;;ASH_COATED_OSMIUM;XIRECS;9989.0;8
197410;;;ASH_COATED_OSMIUM;XIRECS;10005.0;6
197601;;;ASH_COATED_OSMIUM;XIRECS;9992.0;6
198045;;;ASH_COATED_OSMIUM;XIRECS;9988.0;4
198655;;;ASH_COATED_OSMIUM;XIRECS;10000.0;9
199955;;;ASH_COATED_OSMIUM;XIRECS;10004.0;3
201169;;;ASH_COATED_OSMIUM;XIRECS;9996.0;6
201278;;;INTARIAN_PEPPER_ROOT;XIRECS;37199.0;5
201588;;;INTARIAN_PEPPER_ROOT;XIRECS;37210.0;3
202689;;;ASH_COATED_OSMIUM;XIRECS;9987.0;3
203051;;;INTARIAN_PEPPER_ROOT;XIRECS;37201.0;4
203229;;;ASH_COATED_OSMIUM;XIRECS;9984.0;2
205100;;;INTARIAN_PEPPER_ROOT;XIRECS;37198.0;6
207235;;;ASH_COATED_OSMIUM;XIRECS;9989.0;4
208797;;;INTARIAN_PEPPER_ROOT;XIRECS;37204.0;3
210150;;;INTARIAN_PEPPER_ROOT;XIRECS;37205.0;8
213447;;;INTARIAN_PEPPER_ROOT;XIRECS;37220.0;5
213512;;;INTARIAN_PEPPER_ROOT;XIRECS;37224.0;4
213526;;;INTARIAN_PEPPER_ROOT;XIRECS;37212.0;7
214880;;;ASH_COATED_OSMIUM;XIRECS;10005.0;5
216048;;;ASH_COATED_OSMIUM;XIRECS;9996.0;4
217688;;;ASH_COATED_OSMIUM;XIRECS;10006.0;4
221664;;;ASH_COATED_OSMIUM;XIRECS;9977.0;5
221882;;;ASH_COATED_OSMIUM;XIRECS;9983.0;10
222941;;;INTARIAN_PEPPER_ROOT;XIRECS;37216.0;8
226241;;;INTARIAN_PEPPER_ROOT;XIRECS;37233.0;5
229391;;;ASH_COATED_OSMIUM;XIRECS;10001.0;7
231064;;;ASH_COATED_OSMIUM;XIRECS;9983.0;6
231140;;;INTARIAN_PEPPER_ROOT;XIRECS;37230.0;4
232179;;;ASH_COATED_OSMIUM;XIRECS;10001.0;6
233485;;;ASH_COATED_OSMIUM;XIRECS;10018.0;2
234666;;;INTARIAN_PEPPER_ROOT;XIRECS;37238.0;7
235206;;;ASH_COATED_OSMIUM;XIRECS;10007.0;8
236554;;;INTARIAN_PEPPER_ROOT;XIRECS;37241.0;8
236701;;;ASH_COATED_OSMIUM;XIRECS;10012.0;2
239879;;;INTARIAN_PEPPER_ROOT;XIRECS;37248.0;7
239901;;;INTARIAN_PEPPER_ROOT;XIRECS;37247.0;7
239935;;;INTARIAN_PEPPER_ROOT;XIRECS;37234.0;5
241988;;;INTARIAN_PEPPER_ROOT;XIRECS;37250.0;3
243343;;;INTARIAN_PEPPER_ROOT;XIRECS;37237.0;5
245879;;;ASH_COATED_OSMIUM;XIRECS;9993.0;6
245959;;;INTARIAN_PEPPER_ROOT;XIRECS;37237.0;6
246526;;;INTARIAN_PEPPER_ROOT;XIRECS;37240.0;3
247230;;;ASH_COATED_OSMIUM;XIRECS;10014.0;6
248420;;;INTARIAN_PEPPER_ROOT;XIRECS;37243.0;3
251018;;;ASH_COATED_OSMIUM;XIRECS;9995.0;9
251424;;;ASH_COATED_OSMIUM;XIRECS;10007.0;4
253108;;;ASH_COATED_OSMIUM;XIRECS;9994.0;6
254076;;;ASH_COATED_OSMIUM;XIRECS;9997.0;4
255645;;;INTARIAN_PEPPER_ROOT;XIRECS;37252.0;5
260433;;;INTARIAN_PEPPER_ROOT;XIRECS;37261.0;3
260626;;;ASH_COATED_OSMIUM;XIRECS;10012.0;3
261546;;;ASH_COATED_OSMIUM;XIRECS;10016.0;3
263041;;;ASH_COATED_OSMIUM;XIRECS;9996.0;6
265120;;;ASH_COATED_OSMIUM;XIRECS;10009.0;2
266482;;;ASH_COATED_OSMIUM;XIRECS;10006.0;2
267783;;;ASH_COATED_OSMIUM;XIRECS;9991.0;6
274581;;;INTARIAN_PEPPER_ROOT;XIRECS;37265.0;7
277496;;;ASH_COATED_OSMIUM;XIRECS;10010.0;5
283172;;;INTARIAN_PEPPER_ROOT;XIRECS;37288.0;5
283210;;;ASH_COATED_OSMIUM;XIRECS;9987.0;8
284070;;;ASH_COATED_OSMIUM;XIRECS;10000.0;3
284336;;;ASH_COATED_OSMIUM;XIRECS;9988.0;6
284554;;;ASH_COATED_OSMIUM;XIRECS;9996.0;4
284826;;;ASH_COATED_OSMIUM;XIRECS;9993.0;3
285380;;;ASH_COATED_OSMIUM;XIRECS;10006.0;6
285586;;;ASH_COATED_OSMIUM;XIRECS;10005.0;7
285616;;;INTARIAN_PEPPER_ROOT;XIRECS;37284.0;8
287595;;;ASH_COATED_OSMIUM;XIRECS;9980.0;10
289405;;;ASH_COATED_OSMIUM;XIRECS;9993.0;5
290854;;;ASH_COATED_OSMIUM;XIRECS;9994.0;6
294638;;;INTARIAN_PEPPER_ROOT;XIRECS;37286.0;4
295842;;;ASH_COATED_OSMIUM;XIRECS;9986.0;3
296209;;;INTARIAN_PEPPER_ROOT;XIRECS;37305.0;4
297461;;;INTARIAN_PEPPER_ROOT;XIRECS;37307.0;5
297540;;;INTARIAN_PEPPER_ROOT;XIRECS;37289.0;7
298694;;;INTARIAN_PEPPER_ROOT;XIRECS;37310.0;5
300065;;;ASH_COATED_OSMIUM;XIRECS;10003.0;10
300827;;;ASH_COATED_OSMIUM;XIRECS;10009.0;8
301798;;;ASH_COATED_OSMIUM;XIRECS;10010.0;6
302902;;;ASH_COATED_OSMIUM;XIRECS;9987.0;3
304057;;;ASH_COATED_OSMIUM;XIRECS;10003.0;6
306874;;;INTARIAN_PEPPER_ROOT;XIRECS;37313.0;6
308193;;;INTARIAN_PEPPER_ROOT;XIRECS;37315.0;4
309420;;;ASH_COATED_OSMIUM;XIRECS;9997.0;5
310229;;;INTARIAN_PEPPER_ROOT;XIRECS;37313.0;4
311588;;;INTARIAN_PEPPER_ROOT;XIRECS;37321.0;3
314804;;;ASH_COATED_OSMIUM;XIRECS;10007.0;5
321355;;;INTARIAN_PEPPER_ROOT;XIRECS;37311.0;7
321358;;;INTARIAN_PEPPER_ROOT;XIRECS;37330.0;6
322192;;;INTARIAN_PEPPER_ROOT;XIRECS;37315.0;7
326497;;;ASH_COATED_OSMIUM;XIRECS;10009.0;2
327432;;;ASH_COATED_OSMIUM;XIRECS;9994.0;6
329147;;;INTARIAN_PEPPER_ROOT;XIRECS;37335.0;4
329384;;;ASH_COATED_OSMIUM;XIRECS;10003.0;5
331840;;;INTARIAN_PEPPER_ROOT;XIRECS;37323.0;5
333416;;;ASH_COATED_OSMIUM;XIRECS;10012.0;2
333606;;;INTARIAN_PEPPER_ROOT;XIRECS;37342.0;7
333870;;;ASH_COATED_OSMIUM;XIRECS;10011.0;3
335610;;;ASH_COATED_OSMIUM;XIRECS;10011.0;3
339165;;;INTARIAN_PEPPER_ROOT;XIRECS;37335.0;6
339414;;;INTARIAN_PEPPER_ROOT;XIRECS;37343.0;5
341004;;;INTARIAN_PEPPER_ROOT;XIRECS;37349.0;7
342410;;;INTARIAN_PEPPER_ROOT;XIRECS;37335.0;5
342596;;;INTARIAN_PEPPER_ROOT;XIRECS;37349.0;4
343106;;;INTARIAN_PEPPER_ROOT;XIRECS;37350.0;3
343525;;;ASH_COATED_OSMIUM;XIRECS;10010.0;3
343574;;;INTARIAN_PEPPER_ROOT;XIRECS;37351.0;7
343749;;;INTARIAN_PEPPER_ROOT;XIRECS;37336.0;4
344069;;;INTARIAN_PEPPER_ROOT;XIRECS;37338.0;6
344644;;;ASH_COATED_OSMIUM;XIRECS;10000.0;4
346804;;;INTARIAN_PEPPER_ROOT;XIRECS;37350.0;4
347200;;;ASH_COATED_OSMIUM;XIRECS;10011.0;5
347886;;;ASH_COATED_OSMIUM;XIRECS;9997.0;4
348814;;;ASH_COATED_OSMIUM;XIRECS;9989.0;2
349868;;;ASH_COATED_OSMIUM;XIRECS;9991.0;5
350483;;;INTARIAN_PEPPER_ROOT;XIRECS;37357.0;3
351557;;;ASH_COATED_OSMIUM;XIRECS;10014.0;5
352165;;;ASH_COATED_OSMIUM;XIRECS;10004.0;5
352772;;;INTARIAN_PEPPER_ROOT;XIRECS;37346.0;5
352831;;;ASH_COATED_OSMIUM;XIRECS;9989.0;8
353061;;;ASH_COATED_OSMIUM;XIRECS;9990.0;9
353167;;;ASH_COATED_OSMIUM;XIRECS;9987.0;6
355635;;;ASH_COATED_OSMIUM;XIRECS;10005.0;3
355895;;;INTARIAN_PEPPER_ROOT;XIRECS;37362.0;3
356888;;;ASH_COATED_OSMIUM;XIRECS;9991.0;5
359492;;;ASH_COATED_OSMIUM;XIRECS;9997.0;10
360924;;;INTARIAN_PEPPER_ROOT;XIRECS;37355.0;4
361238;;;ASH_COATED_OSMIUM;XIRECS;10012.0;3
362134;;;INTARIAN_PEPPER_ROOT;XIRECS;37370.0;7
362279;;;ASH_COATED_OSMIUM;XIRECS;10002.0;5
362534;;;INTARIAN_PEPPER_ROOT;XIRECS;37371.0;3
363483;;;ASH_COATED_OSMIUM;XIRECS;9989.0;6
363541;;;INTARIAN_PEPPER_ROOT;XIRECS;37369.0;7
363981;;;ASH_COATED_OSMIUM;XIRECS;9995.0;3
365690;;;INTARIAN_PEPPER_ROOT;XIRECS;37359.0;6
365846;;;INTARIAN_PEPPER_ROOT;XIRECS;37372.0;7
366087;;;INTARIAN_PEPPER_ROOT;XIRECS;37358.0;5
366150;;;INTARIAN_PEPPER_ROOT;XIRECS;37372.0;3
368321;;;ASH_COATED_OSMIUM;XIRECS;10015.0;5
381874;;;ASH_COATED_OSMIUM;XIRECS;9994.0;5
382026;;;ASH_COATED_OSMIUM;XIRECS;10010.0;5
383158;;;ASH_COATED_OSMIUM;XIRECS;10021.0;3
383274;;;ASH_COATED_OSMIUM;XIRECS;9998.0;4
384942;;;INTARIAN_PEPPER_ROOT;XIRECS;37394.0;3
386165;;;ASH_COATED_OSMIUM;XIRECS;10009.0;6
386602;;;INTARIAN_PEPPER_ROOT;XIRECS;37394.0;3
389753;;;ASH_COATED_OSMIUM;XIRECS;10000.0;5
389957;;;INTARIAN_PEPPER_ROOT;XIRECS;37385.0;4
390403;;;ASH_COATED_OSMIUM;XIRECS;9996.0;3
394434;;;INTARIAN_PEPPER_ROOT;XIRECS;37389.0;5
394977;;;INTARIAN_PEPPER_ROOT;XIRECS;37404.0;3
396454;;;INTARIAN_PEPPER_ROOT;XIRECS;37397.0;7
396835;;;INTARIAN_PEPPER_ROOT;XIRECS;37391.0;5
398876;;;INTARIAN_PEPPER_ROOT;XIRECS;37391.0;4
400028;;;INTARIAN_PEPPER_ROOT;XIRECS;37390.0;4
400561;;;ASH_COATED_OSMIUM;XIRECS;10005.0;8
403336;;;ASH_COATED_OSMIUM;XIRECS;9993.0;10
404814;;;ASH_COATED_OSMIUM;XIRECS;10003.0;10
405292;;;ASH_COATED_OSMIUM;XIRECS;10019.0;5
407266;;;ASH_COATED_OSMIUM;XIRECS;9993.0;4
407807;;;INTARIAN_PEPPER_ROOT;XIRECS;37412.0;5
407819;;;ASH_COATED_OSMIUM;XIRECS;9999.0;2
410491;;;INTARIAN_PEPPER_ROOT;XIRECS;37413.0;5
414927;;;ASH_COATED_OSMIUM;XIRECS;9993.0;5
416252;;;ASH_COATED_OSMIUM;XIRECS;10002.0;5
419785;;;ASH_COATED_OSMIUM;XIRECS;9995.0;4
420306;;;INTARIAN_PEPPER_ROOT;XIRECS;37410.0;7
420851;;;INTARIAN_PEPPER_ROOT;XIRECS;37427.0;6
420992;;;INTARIAN_PEPPER_ROOT;XIRECS;37418.0;4
423208;;;INTARIAN_PEPPER_ROOT;XIRECS;37416.0;5
423858;;;INTARIAN_PEPPER_ROOT;XIRECS;37413.0;7
425178;;;INTARIAN_PEPPER_ROOT;XIRECS;37431.0;5
426195;;;INTARIAN_PEPPER_ROOT;XIRECS;37421.0;3
427499;;;ASH_COATED_OSMIUM;XIRECS;9997.0;3
428851;;;ASH_COATED_OSMIUM;XIRECS;10016.0;6
429899;;;ASH_COATED_OSMIUM;XIRECS;10003.0;3
430957;;;ASH_COATED_OSMIUM;XIRECS;10013.0;8
432305;;;ASH_COATED_OSMIUM;XIRECS;10008.0;9
432876;;;INTARIAN_PEPPER_ROOT;XIRECS;37443.0;5
433854;;;INTARIAN_PEPPER_ROOT;XIRECS;37422.0;3
434635;;;INTARIAN_PEPPER_ROOT;XIRECS;37434.0;5
435465;;;INTARIAN_PEPPER_ROOT;XIRECS;37440.0;5
435535;;;INTARIAN_PEPPER_ROOT;XIRECS;37447.0;3
436525;;;ASH_COATED_OSMIUM;XIRECS;10002.0;3
439261;;;ASH_COATED_OSMIUM;XIRECS;10005.0;10
439676;;;ASH_COATED_OSMIUM;XIRECS;10010.0;6
440125;;;INTARIAN_PEPPER_ROOT;XIRECS;37446.0;6
440130;;;ASH_COATED_OSMIUM;XIRECS;9984.0;2
440187;;;INTARIAN_PEPPER_ROOT;XIRECS;37434.0;4
442529;;;ASH_COATED_OSMIUM;XIRECS;10010.0;6
442672;;;ASH_COATED_OSMIUM;XIRECS;10014.0;5
444510;;;INTARIAN_PEPPER_ROOT;XIRECS;37438.0;6
444862;;;ASH_COATED_OSMIUM;XIRECS;9997.0;5
445333;;;ASH_COATED_OSMIUM;XIRECS;10009.0;2
447352;;;INTARIAN_PEPPER_ROOT;XIRECS;37442.0;4
449591;;;ASH_COATED_OSMIUM;XIRECS;10005.0;6
452595;;;ASH_COATED_OSMIUM;XIRECS;10008.0;3
453287;;;ASH_COATED_OSMIUM;XIRECS;9980.0;9
453707;;;ASH_COATED_OSMIUM;XIRECS;10005.0;10
456836;;;ASH_COATED_OSMIUM;XIRECS;9990.0;10
457636;;;INTARIAN_PEPPER_ROOT;XIRECS;37468.0;4
458252;;;INTARIAN_PEPPER_ROOT;XIRECS;37450.0;7
460022;;;INTARIAN_PEPPER_ROOT;XIRECS;37464.0;7
460482;;;INTARIAN_PEPPER_ROOT;XIRECS;37469.0;7
462318;;;ASH_COATED_OSMIUM;XIRECS;10008.0;4
466408;;;ASH_COATED_OSMIUM;XIRECS;10013.0;6
466581;;;ASH_COATED_OSMIUM;XIRECS;10011.0;4
467254;;;ASH_COATED_OSMIUM;XIRECS;9995.0;7
467819;;;INTARIAN_PEPPER_ROOT;XIRECS;37478.0;7
470440;;;ASH_COATED_OSMIUM;XIRECS;9998.0;5
470457;;;INTARIAN_PEPPER_ROOT;XIRECS;37464.0;7
470493;;;INTARIAN_PEPPER_ROOT;XIRECS;37478.0;3
470944;;;ASH_COATED_OSMIUM;XIRECS;10004.0;9
471630;;;INTARIAN_PEPPER_ROOT;XIRECS;37466.0;6
473713;;;INTARIAN_PEPPER_ROOT;XIRECS;37466.0;5
474805;;;ASH_COATED_OSMIUM;XIRECS;9990.0;2
475375;;;INTARIAN_PEPPER_ROOT;XIRECS;37471.0;4
476462;;;INTARIAN_PEPPER_ROOT;XIRECS;37481.0;4
476495;;;ASH_COATED_OSMIUM;XIRECS;9989.0;4
476945;;;INTARIAN_PEPPER_ROOT;XIRECS;37470.0;6
477027;;;INTARIAN_PEPPER_ROOT;XIRECS;37470.0;6
479361;;;INTARIAN_PEPPER_ROOT;XIRECS;37468.0;8
480292;;;ASH_COATED_OSMIUM;XIRECS;10004.0;2
483646;;;ASH_COATED_OSMIUM;XIRECS;9998.0;9
488262;;;INTARIAN_PEPPER_ROOT;XIRECS;37496.0;7
489905;;;INTARIAN_PEPPER_ROOT;XIRECS;37488.0;7
490455;;;INTARIAN_PEPPER_ROOT;XIRECS;37495.0;4
491055;;;ASH_COATED_OSMIUM;XIRECS;9999.0;9
491106;;;INTARIAN_PEPPER_ROOT;XIRECS;37495.0;3
491836;;;ASH_COATED_OSMIUM;XIRECS;9997.0;2
493313;;;ASH_COATED_OSMIUM;XIRECS;10009.0;5
494949;;;INTARIAN_PEPPER_ROOT;XIRECS;37485.0;7
499601;;;ASH_COATED_OSMIUM;XIRECS;9987.0;6
500034;;;INTARIAN_PEPPER_ROOT;XIRECS;37505.0;4
500556;;;INTARIAN_PEPPER_ROOT;XIRECS;37513.0;6
500757;;;ASH_COATED_OSMIUM;XIRECS;9999.0;7
503014;;;ASH_COATED_OSMIUM;XIRECS;9990.0;6
503191;;;ASH_COATED_OSMIUM;XIRECS;9999.0;10
504971;;;ASH_COATED_OSMIUM;XIRECS;10002.0;9
506334;;;INTARIAN_PEPPER_ROOT;XIRECS;37516.0;4
506757;;;INTARIAN_PEPPER_ROOT;XIRECS;37515.0;4
510459;;;INTARIAN_PEPPER_ROOT;XIRECS;37499.0;3
511275;;;INTARIAN_PEPPER_ROOT;XIRECS;37518.0;7
513736;;;INTARIAN_PEPPER_ROOT;XIRECS;37505.0;4
514055;;;ASH_COATED_OSMIUM;XIRECS;9999.0;4
514129;;;ASH_COATED_OSMIUM;XIRECS;10014.0;4
515489;;;ASH_COATED_OSMIUM;XIRECS;9989.0;5
517111;;;ASH_COATED_OSMIUM;XIRECS;10006.0;5
517279;;;ASH_COATED_OSMIUM;XIRECS;10006.0;3
518348;;;ASH_COATED_OSMIUM;XIRECS;10005.0;3
521871;;;ASH_COATED_OSMIUM;XIRECS;9996.0;7
522518;;;INTARIAN_PEPPER_ROOT;XIRECS;37514.0;7
525430;;;INTARIAN_PEPPER_ROOT;XIRECS;37533.0;3
526851;;;INTARIAN_PEPPER_ROOT;XIRECS;37521.0;5
527196;;;INTARIAN_PEPPER_ROOT;XIRECS;37521.0;5
527452;;;ASH_COATED_OSMIUM;XIRECS;9994.0;4
530842;;;ASH_COATED_OSMIUM;XIRECS;10010.0;6
530881;;;ASH_COATED_OSMIUM;XIRECS;10010.0;5
531348;;;INTARIAN_PEPPER_ROOT;XIRECS;37531.0;7
531587;;;INTARIAN_PEPPER_ROOT;XIRECS;37527.0;6
531875;;;INTARIAN_PEPPER_ROOT;XIRECS;37535.0;6
533659;;;ASH_COATED_OSMIUM;XIRECS;9991.0;4
539567;;;ASH_COATED_OSMIUM;XIRECS;9995.0;4
539610;;;ASH_COATED_OSMIUM;XIRECS;10000.0;3
540524;;;ASH_COATED_OSMIUM;XIRECS;10010.0;3
540896;;;ASH_COATED_OSMIUM;XIRECS;10011.0;4
545793;;;INTARIAN_PEPPER_ROOT;XIRECS;37550.0;4
546411;;;ASH_COATED_OSMIUM;XIRECS;9989.0;4
546644;;;ASH_COATED_OSMIUM;XIRECS;10008.0;9
547149;;;INTARIAN_PEPPER_ROOT;XIRECS;37542.0;4
547879;;;INTARIAN_PEPPER_ROOT;XIRECS;37540.0;4
547933;;;INTARIAN_PEPPER_ROOT;XIRECS;37542.0;4
550817;;;INTARIAN_PEPPER_ROOT;XIRECS;37555.0;6
550979;;;ASH_COATED_OSMIUM;XIRECS;10002.0;2
551265;;;INTARIAN_PEPPER_ROOT;XIRECS;37558.0;7
554649;;;ASH_COATED_OSMIUM;XIRECS;10012.0;4
554875;;;ASH_COATED_OSMIUM;XIRECS;10012.0;5
555472;;;INTARIAN_PEPPER_ROOT;XIRECS;37548.0;4
556372;;;ASH_COATED_OSMIUM;XIRECS;9987.0;8
557173;;;INTARIAN_PEPPER_ROOT;XIRECS;37563.0;5
558312;;;INTARIAN_PEPPER_ROOT;XIRECS;37563.0;3
558825;;;ASH_COATED_OSMIUM;XIRECS;10001.0;5
558934;;;INTARIAN_PEPPER_ROOT;XIRECS;37553.0;5
562084;;;INTARIAN_PEPPER_ROOT;XIRECS;37554.0;4
563127;;;INTARIAN_PEPPER_ROOT;XIRECS;37558.0;4
563803;;;INTARIAN_PEPPER_ROOT;XIRECS;37572.0;4
564001;;;ASH_COATED_OSMIUM;XIRECS;9988.0;7
565494;;;INTARIAN_PEPPER_ROOT;XIRECS;37554.0;7
565729;;;ASH_COATED_OSMIUM;XIRECS;10013.0;5
567720;;;INTARIAN_PEPPER_ROOT;XIRECS;37558.0;6
568129;;;INTARIAN_PEPPER_ROOT;XIRECS;37561.0;4
568438;;;INTARIAN_PEPPER_ROOT;XIRECS;37560.0;3
572128;;;ASH_COATED_OSMIUM;XIRECS;9995.0;5
572155;;;ASH_COATED_OSMIUM;XIRECS;10014.0;2
573594;;;INTARIAN_PEPPER_ROOT;XIRECS;37564.0;7
574413;;;ASH_COATED_OSMIUM;XIRECS;9994.0;7
575357;;;ASH_COATED_OSMIUM;XIRECS;10006.0;6
576451;;;INTARIAN_PEPPER_ROOT;XIRECS;37586.0;6
576536;;;ASH_COATED_OSMIUM;XIRECS;9984.0;3
576967;;;INTARIAN_PEPPER_ROOT;XIRECS;37579.0;6
578759;;;INTARIAN_PEPPER_ROOT;XIRECS;37584.0;7
582804;;;INTARIAN_PEPPER_ROOT;XIRECS;37575.0;7
583002;;;INTARIAN_PEPPER_ROOT;XIRECS;37573.0;6
585884;;;INTARIAN_PEPPER_ROOT;XIRECS;37582.0;5
588064;;;ASH_COATED_OSMIUM;XIRECS;9997.0;2
591063;;;ASH_COATED_OSMIUM;XIRECS;10012.0;7
592003;;;ASH_COATED_OSMIUM;XIRECS;9997.0;5
601138;;;INTARIAN_PEPPER_ROOT;XIRECS;37608.0;5
602841;;;INTARIAN_PEPPER_ROOT;XIRECS;37594.0;6
603103;;;ASH_COATED_OSMIUM;XIRECS;10008.0;7
604662;;;ASH_COATED_OSMIUM;XIRECS;9983.0;2
604767;;;INTARIAN_PEPPER_ROOT;XIRECS;37610.0;3
604897;;;ASH_COATED_OSMIUM;XIRECS;10008.0;8
605609;;;ASH_COATED_OSMIUM;XIRECS;9986.0;5
609316;;;ASH_COATED_OSMIUM;XIRECS;9989.0;3
610159;;;INTARIAN_PEPPER_ROOT;XIRECS;37613.0;6
613995;;;INTARIAN_PEPPER_ROOT;XIRECS;37604.0;3
615133;;;ASH_COATED_OSMIUM;XIRECS;10006.0;2
616605;;;INTARIAN_PEPPER_ROOT;XIRECS;37621.0;4
616678;;;INTARIAN_PEPPER_ROOT;XIRECS;37621.0;4
616959;;;INTARIAN_PEPPER_ROOT;XIRECS;37616.0;3
619330;;;ASH_COATED_OSMIUM;XIRECS;9989.0;4
620733;;;ASH_COATED_OSMIUM;XIRECS;10006.0;8
621507;;;ASH_COATED_OSMIUM;XIRECS;9989.0;5
622505;;;INTARIAN_PEPPER_ROOT;XIRECS;37628.0;5
624568;;;ASH_COATED_OSMIUM;XIRECS;10009.0;5
627307;;;ASH_COATED_OSMIUM;XIRECS;9996.0;9
633213;;;ASH_COATED_OSMIUM;XIRECS;10017.0;5
637846;;;INTARIAN_PEPPER_ROOT;XIRECS;37636.0;7
642700;;;ASH_COATED_OSMIUM;XIRECS;9994.0;4
645075;;;INTARIAN_PEPPER_ROOT;XIRECS;37638.0;4
645233;;;ASH_COATED_OSMIUM;XIRECS;10010.0;10
647316;;;INTARIAN_PEPPER_ROOT;XIRECS;37653.0;6
649521;;;ASH_COATED_OSMIUM;XIRECS;10020.0;6
650245;;;INTARIAN_PEPPER_ROOT;XIRECS;37658.0;7
650526;;;ASH_COATED_OSMIUM;XIRECS;9994.0;2
652548;;;ASH_COATED_OSMIUM;XIRECS;9989.0;4
656388;;;INTARIAN_PEPPER_ROOT;XIRECS;37648.0;4
657361;;;ASH_COATED_OSMIUM;XIRECS;10003.0;8
657475;;;ASH_COATED_OSMIUM;XIRECS;10008.0;2
658822;;;ASH_COATED_OSMIUM;XIRECS;10003.0;6
659084;;;ASH_COATED_OSMIUM;XIRECS;10010.0;9
661353;;;ASH_COATED_OSMIUM;XIRECS;10009.0;2
662853;;;INTARIAN_PEPPER_ROOT;XIRECS;37652.0;3
662974;;;ASH_COATED_OSMIUM;XIRECS;10015.0;4
665654;;;INTARIAN_PEPPER_ROOT;XIRECS;37670.0;8
667947;;;ASH_COATED_OSMIUM;XIRECS;10016.0;6
668258;;;INTARIAN_PEPPER_ROOT;XIRECS;37660.0;8
670624;;;ASH_COATED_OSMIUM;XIRECS;9992.0;3
674473;;;INTARIAN_PEPPER_ROOT;XIRECS;37670.0;5
675318;;;INTARIAN_PEPPER_ROOT;XIRECS;37680.0;4
675797;;;ASH_COATED_OSMIUM;XIRECS;10004.0;2
677222;;;ASH_COATED_OSMIUM;XIRECS;10013.0;5
677536;;;ASH_COATED_OSMIUM;XIRECS;9994.0;2
680847;;;ASH_COATED_OSMIUM;XIRECS;9990.0;5
687260;;;INTARIAN_PEPPER_ROOT;XIRECS;37679.0;3
688914;;;ASH_COATED_OSMIUM;XIRECS;10000.0;5
691591;;;ASH_COATED_OSMIUM;XIRECS;9991.0;5
693559;;;ASH_COATED_OSMIUM;XIRECS;10019.0;5
694250;;;ASH_COATED_OSMIUM;XIRECS;10017.0;8
694366;;;INTARIAN_PEPPER_ROOT;XIRECS;37698.0;4
695314;;;ASH_COATED_OSMIUM;XIRECS;10002.0;5
695875;;;ASH_COATED_OSMIUM;XIRECS;9982.0;5
696235;;;ASH_COATED_OSMIUM;XIRECS;10014.0;6
696741;;;ASH_COATED_OSMIUM;XIRECS;10002.0;8
696880;;;ASH_COATED_OSMIUM;XIRECS;9983.0;7
697676;;;ASH_COATED_OSMIUM;XIRECS;10015.0;6
698070;;;ASH_COATED_OSMIUM;XIRECS;10013.0;5
699551;;;ASH_COATED_OSMIUM;XIRECS;9984.0;5
701657;;;INTARIAN_PEPPER_ROOT;XIRECS;37707.0;5
703601;;;ASH_COATED_OSMIUM;XIRECS;10011.0;5
709223;;;INTARIAN_PEPPER_ROOT;XIRECS;37704.0;5
710568;;;ASH_COATED_OSMIUM;XIRECS;10009.0;9
715854;;;INTARIAN_PEPPER_ROOT;XIRECS;37725.0;3
716486;;;ASH_COATED_OSMIUM;XIRECS;10011.0;6
718124;;;INTARIAN_PEPPER_ROOT;XIRECS;37708.0;7
719089;;;ASH_COATED_OSMIUM;XIRECS;9989.0;8
720157;;;INTARIAN_PEPPER_ROOT;XIRECS;37715.0;6
722328;;;INTARIAN_PEPPER_ROOT;XIRECS;37731.0;6
724154;;;INTARIAN_PEPPER_ROOT;XIRECS;37729.0;7
724916;;;INTARIAN_PEPPER_ROOT;XIRECS;37731.0;4
725467;;;ASH_COATED_OSMIUM;XIRECS;9990.0;4
725804;;;ASH_COATED_OSMIUM;XIRECS;10001.0;3
728648;;;ASH_COATED_OSMIUM;XIRECS;9986.0;6
729259;;;ASH_COATED_OSMIUM;XIRECS;10013.0;2
729599;;;ASH_COATED_OSMIUM;XIRECS;10010.0;6
732738;;;INTARIAN_PEPPER_ROOT;XIRECS;37726.0;3
733281;;;INTARIAN_PEPPER_ROOT;XIRECS;37741.0;6
736772;;;INTARIAN_PEPPER_ROOT;XIRECS;37731.0;6
737546;;;INTARIAN_PEPPER_ROOT;XIRECS;37744.0;5
737657;;;INTARIAN_PEPPER_ROOT;XIRECS;37739.0;6
739006;;;ASH_COATED_OSMIUM;XIRECS;10013.0;5
739397;;;ASH_COATED_OSMIUM;XIRECS;10004.0;5
740131;;;ASH_COATED_OSMIUM;XIRECS;9989.0;6
744137;;;ASH_COATED_OSMIUM;XIRECS;9998.0;6
744873;;;ASH_COATED_OSMIUM;XIRECS;9978.0;5
745822;;;ASH_COATED_OSMIUM;XIRECS;9989.0;5
746954;;;ASH_COATED_OSMIUM;XIRECS;9973.0;10
747006;;;INTARIAN_PEPPER_ROOT;XIRECS;37751.0;6
747664;;;INTARIAN_PEPPER_ROOT;XIRECS;37741.0;7
747937;;;ASH_COATED_OSMIUM;XIRECS;10010.0;2
749686;;;INTARIAN_PEPPER_ROOT;XIRECS;37742.0;7
749979;;;INTARIAN_PEPPER_ROOT;XIRECS;37756.0;4
750952;;;INTARIAN_PEPPER_ROOT;XIRECS;37743.0;4
751389;;;ASH_COATED_OSMIUM;XIRECS;9999.0;8
755247;;;ASH_COATED_OSMIUM;XIRECS;10012.0;2
757421;;;INTARIAN_PEPPER_ROOT;XIRECS;37750.0;7
757746;;;ASH_COATED_OSMIUM;XIRECS;9995.0;4
758718;;;INTARIAN_PEPPER_ROOT;XIRECS;37755.0;6
760367;;;ASH_COATED_OSMIUM;XIRECS;10012.0;6
761523;;;ASH_COATED_OSMIUM;XIRECS;10015.0;2
762041;;;ASH_COATED_OSMIUM;XIRECS;9999.0;6
764399;;;ASH_COATED_OSMIUM;XIRECS;9986.0;2
764566;;;ASH_COATED_OSMIUM;XIRECS;9999.0;5
765454;;;ASH_COATED_OSMIUM;XIRECS;9986.0;6
765512;;;ASH_COATED_OSMIUM;XIRECS;10001.0;4
766558;;;ASH_COATED_OSMIUM;XIRECS;9999.0;6
767600;;;ASH_COATED_OSMIUM;XIRECS;9991.0;3
768337;;;INTARIAN_PEPPER_ROOT;XIRECS;37762.0;3
769791;;;ASH_COATED_OSMIUM;XIRECS;10001.0;3
769847;;;ASH_COATED_OSMIUM;XIRECS;10018.0;7
770283;;;INTARIAN_PEPPER_ROOT;XIRECS;37776.0;3
772668;;;INTARIAN_PEPPER_ROOT;XIRECS;37778.0;4
773861;;;ASH_COATED_OSMIUM;XIRECS;9990.0;6
775893;;;ASH_COATED_OSMIUM;XIRECS;9995.0;5
776878;;;ASH_COATED_OSMIUM;XIRECS;9987.0;6
779582;;;ASH_COATED_OSMIUM;XIRECS;10016.0;5
780137;;;ASH_COATED_OSMIUM;XIRECS;9999.0;5
780534;;;INTARIAN_PEPPER_ROOT;XIRECS;37770.0;7
780849;;;ASH_COATED_OSMIUM;XIRECS;10006.0;2
782807;;;ASH_COATED_OSMIUM;XIRECS;10010.0;7
784431;;;ASH_COATED_OSMIUM;XIRECS;10012.0;6
784552;;;INTARIAN_PEPPER_ROOT;XIRECS;37777.0;8
785379;;;INTARIAN_PEPPER_ROOT;XIRECS;37796.0;3
785393;;;INTARIAN_PEPPER_ROOT;XIRECS;37784.0;3
785661;;;ASH_COATED_OSMIUM;XIRECS;10008.0;2
785919;;;ASH_COATED_OSMIUM;XIRECS;9988.0;9
786002;;;ASH_COATED_OSMIUM;XIRECS;10003.0;8
786120;;;ASH_COATED_OSMIUM;XIRECS;9994.0;3
786640;;;INTARIAN_PEPPER_ROOT;XIRECS;37783.0;4
787902;;;INTARIAN_PEPPER_ROOT;XIRECS;37784.0;4
788137;;;INTARIAN_PEPPER_ROOT;XIRECS;37784.0;5
790005;;;INTARIAN_PEPPER_ROOT;XIRECS;37795.0;6
795693;;;ASH_COATED_OSMIUM;XIRECS;10016.0;3
796844;;;INTARIAN_PEPPER_ROOT;XIRECS;37805.0;3
799876;;;INTARIAN_PEPPER_ROOT;XIRECS;37805.0;7
802835;;;ASH_COATED_OSMIUM;XIRECS;10013.0;5
803562;;;ASH_COATED_OSMIUM;XIRECS;9997.0;6
804248;;;ASH_COATED_OSMIUM;XIRECS;10013.0;3
806192;;;INTARIAN_PEPPER_ROOT;XIRECS;37813.0;6
806734;;;ASH_COATED_OSMIUM;XIRECS;9993.0;7
807428;;;ASH_COATED_OSMIUM;XIRECS;10006.0;5
808406;;;ASH_COATED_OSMIUM;XIRECS;10001.0;9
809741;;;INTARIAN_PEPPER_ROOT;XIRECS;37813.0;7
809841;;;ASH_COATED_OSMIUM;XIRECS;9998.0;5
809847;;;ASH_COATED_OSMIUM;XIRECS;9998.0;5
810921;;;ASH_COATED_OSMIUM;XIRECS;9980.0;2
811038;;;ASH_COATED_OSMIUM;XIRECS;9988.0;5
811291;;;ASH_COATED_OSMIUM;XIRECS;10014.0;4
816112;;;ASH_COATED_OSMIUM;XIRECS;9996.0;8
816160;;;ASH_COATED_OSMIUM;XIRECS;9996.0;6
817090;;;ASH_COATED_OSMIUM;XIRECS;9997.0;5
817250;;;ASH_COATED_OSMIUM;XIRECS;9986.0;2
820384;;;INTARIAN_PEPPER_ROOT;XIRECS;37816.0;5
820690;;;INTARIAN_PEPPER_ROOT;XIRECS;37827.0;5
821738;;;INTARIAN_PEPPER_ROOT;XIRECS;37817.0;7
827107;;;INTARIAN_PEPPER_ROOT;XIRECS;37832.0;6
828475;;;INTARIAN_PEPPER_ROOT;XIRECS;37830.0;6
829846;;;INTARIAN_PEPPER_ROOT;XIRECS;37819.0;5
829873;;;INTARIAN_PEPPER_ROOT;XIRECS;37830.0;6
831133;;;ASH_COATED_OSMIUM;XIRECS;10003.0;8
835259;;;ASH_COATED_OSMIUM;XIRECS;10008.0;2
837700;;;ASH_COATED_OSMIUM;XIRECS;9989.0;2
837771;;;ASH_COATED_OSMIUM;XIRECS;10005.0;6
838823;;;INTARIAN_PEPPER_ROOT;XIRECS;37849.0;5
838833;;;INTARIAN_PEPPER_ROOT;XIRECS;37849.0;6
839830;;;ASH_COATED_OSMIUM;XIRECS;10006.0;6
840413;;;INTARIAN_PEPPER_ROOT;XIRECS;37830.0;5
840680;;;INTARIAN_PEPPER_ROOT;XIRECS;37843.0;7
841901;;;INTARIAN_PEPPER_ROOT;XIRECS;37843.0;3
841906;;;ASH_COATED_OSMIUM;XIRECS;10010.0;5
841964;;;ASH_COATED_OSMIUM;XIRECS;9994.0;5
842279;;;ASH_COATED_OSMIUM;XIRECS;10008.0;4
844907;;;INTARIAN_PEPPER_ROOT;XIRECS;37836.0;7
845721;;;ASH_COATED_OSMIUM;XIRECS;9989.0;5
845862;;;INTARIAN_PEPPER_ROOT;XIRECS;37838.0;7
846141;;;ASH_COATED_OSMIUM;XIRECS;9995.0;8
846443;;;INTARIAN_PEPPER_ROOT;XIRECS;37851.0;3
847999;;;INTARIAN_PEPPER_ROOT;XIRECS;37845.0;4
849216;;;INTARIAN_PEPPER_ROOT;XIRECS;37854.0;6
850623;;;ASH_COATED_OSMIUM;XIRECS;9999.0;4
851704;;;INTARIAN_PEPPER_ROOT;XIRECS;37844.0;6
854441;;;INTARIAN_PEPPER_ROOT;XIRECS;37863.0;7
855051;;;INTARIAN_PEPPER_ROOT;XIRECS;37863.0;6
855180;;;INTARIAN_PEPPER_ROOT;XIRECS;37841.0;3
858287;;;INTARIAN_PEPPER_ROOT;XIRECS;37866.0;6
859030;;;ASH_COATED_OSMIUM;XIRECS;9988.0;3
860573;;;INTARIAN_PEPPER_ROOT;XIRECS;37855.0;4
860922;;;INTARIAN_PEPPER_ROOT;XIRECS;37867.0;7
861355;;;INTARIAN_PEPPER_ROOT;XIRECS;37867.0;6
861923;;;ASH_COATED_OSMIUM;XIRECS;9992.0;2
862078;;;INTARIAN_PEPPER_ROOT;XIRECS;37857.0;6
863412;;;INTARIAN_PEPPER_ROOT;XIRECS;37858.0;7
868144;;;ASH_COATED_OSMIUM;XIRECS;10009.0;6
869000;;;INTARIAN_PEPPER_ROOT;XIRECS;37862.0;5
869026;;;ASH_COATED_OSMIUM;XIRECS;10000.0;3
869047;;;ASH_COATED_OSMIUM;XIRECS;9990.0;9
869063;;;INTARIAN_PEPPER_ROOT;XIRECS;37873.0;4
869226;;;ASH_COATED_OSMIUM;XIRECS;9980.0;6
871158;;;INTARIAN_PEPPER_ROOT;XIRECS;37877.0;6
872038;;;ASH_COATED_OSMIUM;XIRECS;9988.0;6
873251;;;ASH_COATED_OSMIUM;XIRECS;10014.0;6
873659;;;INTARIAN_PEPPER_ROOT;XIRECS;37880.0;6
875295;;;INTARIAN_PEPPER_ROOT;XIRECS;37864.0;4
876197;;;INTARIAN_PEPPER_ROOT;XIRECS;37865.0;6
876484;;;ASH_COATED_OSMIUM;XIRECS;10011.0;2
876725;;;INTARIAN_PEPPER_ROOT;XIRECS;37870.0;5
881516;;;INTARIAN_PEPPER_ROOT;XIRECS;37877.0;6
882495;;;ASH_COATED_OSMIUM;XIRECS;9990.0;6
882875;;;ASH_COATED_OSMIUM;XIRECS;9989.0;3
886794;;;INTARIAN_PEPPER_ROOT;XIRECS;37893.0;6
887182;;;ASH_COATED_OSMIUM;XIRECS;9989.0;2
888801;;;ASH_COATED_OSMIUM;XIRECS;9990.0;4
888835;;;INTARIAN_PEPPER_ROOT;XIRECS;37882.0;4
889683;;;ASH_COATED_OSMIUM;XIRECS;10006.0;10
889908;;;ASH_COATED_OSMIUM;XIRECS;9987.0;2
891805;;;INTARIAN_PEPPER_ROOT;XIRECS;37884.0;5
892334;;;ASH_COATED_OSMIUM;XIRECS;9991.0;6
895841;;;INTARIAN_PEPPER_ROOT;XIRECS;37904.0;6
896260;;;ASH_COATED_OSMIUM;XIRECS;9998.0;3
900004;;;ASH_COATED_OSMIUM;XIRECS;10004.0;4
900252;;;ASH_COATED_OSMIUM;XIRECS;10006.0;6
900394;;;ASH_COATED_OSMIUM;XIRECS;9988.0;8
902270;;;ASH_COATED_OSMIUM;XIRECS;9998.0;4
906388;;;INTARIAN_PEPPER_ROOT;XIRECS;37916.0;3
908306;;;ASH_COATED_OSMIUM;XIRECS;9982.0;9
909407;;;INTARIAN_PEPPER_ROOT;XIRECS;37915.0;6
909516;;;ASH_COATED_OSMIUM;XIRECS;9999.0;10
909773;;;INTARIAN_PEPPER_ROOT;XIRECS;37919.0;6
909973;;;INTARIAN_PEPPER_ROOT;XIRECS;37914.0;3
910825;;;ASH_COATED_OSMIUM;XIRECS;10010.0;9
911824;;;ASH_COATED_OSMIUM;XIRECS;10002.0;2
912370;;;ASH_COATED_OSMIUM;XIRECS;10005.0;8
914052;;;INTARIAN_PEPPER_ROOT;XIRECS;37909.0;4
914364;;;ASH_COATED_OSMIUM;XIRECS;10013.0;4
914920;;;INTARIAN_PEPPER_ROOT;XIRECS;37908.0;5
916252;;;ASH_COATED_OSMIUM;XIRECS;9992.0;3
917944;;;ASH_COATED_OSMIUM;XIRECS;9989.0;5
918129;;;INTARIAN_PEPPER_ROOT;XIRECS;37927.0;6
918179;;;ASH_COATED_OSMIUM;XIRECS;10011.0;5
918281;;;INTARIAN_PEPPER_ROOT;XIRECS;37919.0;3
918867;;;ASH_COATED_OSMIUM;XIRECS;9985.0;2
920304;;;INTARIAN_PEPPER_ROOT;XIRECS;37925.0;6
921335;;;INTARIAN_PEPPER_ROOT;XIRECS;37928.0;4
922759;;;ASH_COATED_OSMIUM;XIRECS;9996.0;2
924349;;;INTARIAN_PEPPER_ROOT;XIRECS;37921.0;6
926796;;;ASH_COATED_OSMIUM;XIRECS;9990.0;8
928111;;;INTARIAN_PEPPER_ROOT;XIRECS;37932.0;7
930200;;;INTARIAN_PEPPER_ROOT;XIRECS;37924.0;5
930662;;;INTARIAN_PEPPER_ROOT;XIRECS;37937.0;3
931699;;;ASH_COATED_OSMIUM;XIRECS;9992.0;9
933991;;;ASH_COATED_OSMIUM;XIRECS;9991.0;4
934818;;;INTARIAN_PEPPER_ROOT;XIRECS;37942.0;4
935899;;;INTARIAN_PEPPER_ROOT;XIRECS;37939.0;3
938502;;;INTARIAN_PEPPER_ROOT;XIRECS;37930.0;5
940344;;;INTARIAN_PEPPER_ROOT;XIRECS;37931.0;6
941351;;;ASH_COATED_OSMIUM;XIRECS;9996.0;4
945510;;;ASH_COATED_OSMIUM;XIRECS;10001.0;9
945582;;;INTARIAN_PEPPER_ROOT;XIRECS;37952.0;6
946992;;;ASH_COATED_OSMIUM;XIRECS;9988.0;6
948003;;;INTARIAN_PEPPER_ROOT;XIRECS;37939.0;6
950778;;;INTARIAN_PEPPER_ROOT;XIRECS;37957.0;7
952991;;;ASH_COATED_OSMIUM;XIRECS;10006.0;5
953930;;;INTARIAN_PEPPER_ROOT;XIRECS;37945.0;5
954716;;;ASH_COATED_OSMIUM;XIRECS;10006.0;6
955678;;;INTARIAN_PEPPER_ROOT;XIRECS;37960.0;6
955734;;;ASH_COATED_OSMIUM;XIRECS;9997.0;5
955777;;;INTARIAN_PEPPER_ROOT;XIRECS;37963.0;5
956056;;;ASH_COATED_OSMIUM;XIRECS;9985.0;3
956964;;;ASH_COATED_OSMIUM;XIRECS;10011.0;4
958686;;;INTARIAN_PEPPER_ROOT;XIRECS;37958.0;7
959788;;;ASH_COATED_OSMIUM;XIRECS;10002.0;8
959973;;;ASH_COATED_OSMIUM;XIRECS;9992.0;5
960515;;;ASH_COATED_OSMIUM;XIRECS;10000.0;8
960949;;;INTARIAN_PEPPER_ROOT;XIRECS;37968.0;7
962774;;;INTARIAN_PEPPER_ROOT;XIRECS;37957.0;3
965307;;;INTARIAN_PEPPER_ROOT;XIRECS;37974.0;3
966001;;;ASH_COATED_OSMIUM;XIRECS;10004.0;2
968093;;;INTARIAN_PEPPER_ROOT;XIRECS;37959.0;6
968269;;;ASH_COATED_OSMIUM;XIRECS;9985.0;4
968916;;;INTARIAN_PEPPER_ROOT;XIRECS;37966.0;7
969099;;;INTARIAN_PEPPER_ROOT;XIRECS;37963.0;5
972816;;;INTARIAN_PEPPER_ROOT;XIRECS;37962.0;3
972865;;;INTARIAN_PEPPER_ROOT;XIRECS;37974.0;6
973376;;;ASH_COATED_OSMIUM;XIRECS;10013.0;3
973431;;;ASH_COATED_OSMIUM;XIRECS;10007.0;5
974387;;;INTARIAN_PEPPER_ROOT;XIRECS;37963.0;6
978620;;;INTARIAN_PEPPER_ROOT;XIRECS;37972.0;3
978633;;;INTARIAN_PEPPER_ROOT;XIRECS;37972.0;7
979584;;;INTARIAN_PEPPER_ROOT;XIRECS;37986.0;7
980072;;;ASH_COATED_OSMIUM;XIRECS;10015.0;2
980872;;;INTARIAN_PEPPER_ROOT;XIRECS;37973.0;4
981601;;;ASH_COATED_OSMIUM;XIRECS;9999.0;3
983554;;;ASH_COATED_OSMIUM;XIRECS;10002.0;3
984101;;;ASH_COATED_OSMIUM;XIRECS;10000.0;6
984576;;;ASH_COATED_OSMIUM;XIRECS;10016.0;6
986203;;;INTARIAN_PEPPER_ROOT;XIRECS;37980.0;6
987798;;;INTARIAN_PEPPER_ROOT;XIRECS;37993.0;3
988073;;;INTARIAN_PEPPER_ROOT;XIRECS;37980.0;3
989018;;;INTARIAN_PEPPER_ROOT;XIRECS;37997.0;7
989069;;;INTARIAN_PEPPER_ROOT;XIRECS;37997.0;7
990069;;;INTARIAN_PEPPER_ROOT;XIRECS;38001.0;7
991900;;;ASH_COATED_OSMIUM;XIRECS;10016.0;5
991908;;;ASH_COATED_OSMIUM;XIRECS;10016.0;9
993005;;;INTARIAN_PEPPER_ROOT;XIRECS;38001.0;3
993153;;;ASH_COATED_OSMIUM;XIRECS;10004.0;3
993668;;;ASH_COATED_OSMIUM;XIRECS;9988.0;2
995446;;;ASH_COATED_OSMIUM;XIRECS;10008.0;2
996291;;;INTARIAN_PEPPER_ROOT;XIRECS;38000.0;5