timestamp;buyer;seller;symbol;currency;price;quantity
3843;;;INTARIAN_PEPPER_ROOT;XIRECS;25011.0;3
4459;;;INTARIAN_PEPPER_ROOT;XIRECS;25005.0;6
5666;;;INTARIAN_PEPPER_ROOT;XIRECS;25006.0;5
6292;;;ASH_COATED_OSMIUM;XIRECS;10010.0;5
6686;;;ASH_COATED_OSMIUM;XIRECS;9996.0;4
6881;;;ASH_COATED_OSMIUM;XIRECS;9999.0;2
8202;;;ASH_COATED_OSMIUM;XIRECS;10001.0;7
9522;;;INTARIAN_PEPPER_ROOT;XIRECS;25003.0;7
9559;;;INTARIAN_PEPPER_ROOT;XIRECS;25003.0;4
9881;;;INTARIAN_PEPPER_ROOT;XIRECS;25012.0;7
10925;;;ASH_COATED_OSMIUM;XIRECS;10017.0;2
11161;;;ASH_COATED_OSMIUM;XIRECS;10014.0;5
11991;;;ASH_COATED_OSMIUM;XIRECS;10012.0;2
13043;;;ASH_COATED_OSMIUM;XIRECS;10009.0;3
15101;;;ASH_COATED_OSMIUM;XIRECS;9991.0;3
15106;;;ASH_COATED_OSMIUM;XIRECS;10007.0;5
15374;;;ASH_COATED_OSMIUM;XIRECS;10009.0;4
16300;;;ASH_COATED_OSMIUM;XIRECS;10002.0;3
16395;;;ASH_COATED_OSMIUM;XIRECS;10002.0;4
17004;;;INTARIAN_PEPPER_ROOT;XIRECS;25023.0;7
18138;;;INTARIAN_PEPPER_ROOT;XIRECS;25012.0;6
19071;;;INTARIAN_PEPPER_ROOT;XIRECS;25012.0;3
19274;;;INTARIAN_PEPPER_ROOT;XIRECS;25027.0;6
19513;;;INTARIAN_PEPPER_ROOT;XIRECS;25008.0;6
21071;;;INTARIAN_PEPPER_ROOT;XIRECS;25016.0;5
22944;;;INTARIAN_PEPPER_ROOT;XIRECS;25027.0;5
25068;;;INTARIAN_PEPPER_ROOT;XIRECS;25016.0;7
27154;;;INTARIAN_PEPPER_ROOT;XIRECS;25035.0;3
29537;;;INTARIAN_PEPPER_ROOT;XIRECS;25024.0;5
33276;;;INTARIAN_PEPPER_ROOT;XIRECS;25041.0;4
33857;;;INTARIAN_PEPPER_ROOT;XIRECS;25042.0;8
35056;;;ASH_COATED_OSMIUM;XIRECS;10005.0;4
36854;;;INTARIAN_PEPPER_ROOT;XIRECS;25031.0;3
38678;;;ASH_COATED_OSMIUM;XIRECS;9993.0;3
39025;;;INTARIAN_PEPPER_ROOT;XIRECS;25044.0;4
41651;;;ASH_COATED_OSMIUM;XIRECS;9993.0;2
41779;;;INTARIAN_PEPPER_ROOT;XIRECS;25032.0;3
42629;;;ASH_COATED_OSMIUM;XIRECS;9992.0;9
44082;;;ASH_COATED_OSMIUM;XIRECS;9983.0;4
44439;;;ASH_COATED_OSMIUM;XIRECS;10006.0;5
48770;;;INTARIAN_PEPPER_ROOT;XIRECS;25056.0;4
50678;;;ASH_COATED_OSMIUM;XIRECS;10008.0;9
52929;;;ASH_COATED_OSMIUM;XIRECS;9996.0;6
54666;;;INTARIAN_PEPPER_ROOT;XIRECS;25050.0;5
57029;;;INTARIAN_PEPPER_ROOT;XIRECS;25052.0;4
59306;;;ASH_COATED_OSMIUM;XIRECS;9991.0;10
59720;;;INTARIAN_PEPPER_ROOT;XIRECS;25053.0;6
60013;;;INTARIAN_PEPPER_ROOT;XIRECS;25054.0;7
64608;;;INTARIAN_PEPPER_ROOT;XIRECS;25067.0;6
67214;;;INTARIAN_PEPPER_ROOT;XIRECS;25072.0;6
67409;;;INTARIAN_PEPPER_ROOT;XIRECS;25073.0;3
69213;;;INTARIAN_PEPPER_ROOT;XIRECS;25058.0;6
70115;;;ASH_COATED_OSMIUM;XIRECS;10010.0;3
70544;;;ASH_COATED_OSMIUM;XIRECS;10012.0;6
81686;;;INTARIAN_PEPPER_ROOT;XIRECS;25073.0;6
83126;;;ASH_COATED_OSMIUM;XIRECS;10006.0;6
83789;;;INTARIAN_PEPPER_ROOT;XIRECS;25086.0;7
85958;;;ASH_COATED_OSMIUM;XIRECS;10008.0;5
86624;;;INTARIAN_PEPPER_ROOT;XIRECS;25092.0;3
87351;;;INTARIAN_PEPPER_ROOT;XIRECS;25095.0;3
87518;;;ASH_COATED_OSMIUM;XIRECS;9992.0;6
88008;;;INTARIAN_PEPPER_ROOT;XIRECS;25077.0;5
88322;;;ASH_COATED_OSMIUM;XIRECS;10000.0;3
88792;;;ASH_COATED_OSMIUM;XIRECS;9994.0;6
88997;;;ASH_COATED_OSMIUM;XIRECS;9994.0;4
89767;;;INTARIAN_PEPPER_ROOT;XIRECS;25098.0;8
90498;;;INTARIAN_PEPPER_ROOT;XIRECS;25096.0;3
91989;;;INTARIAN_PEPPER_ROOT;XIRECS;25097.0;4
92033;;;ASH_COATED_OSMIUM;XIRECS;9995.0;8
93646;;;ASH_COATED_OSMIUM;XIRECS;10001.0;5
94508;;;INTARIAN_PEPPER_ROOT;XIRECS;25101.0;5
97626;;;ASH_COATED_OSMIUM;XIRECS;10018.0;5
98636;;;ASH_COATED_OSMIUM;XIRECS;10003.0;2
101965;;;ASH_COATED_OSMIUM;XIRECS;10014.0;2
103144;;;ASH_COATED_OSMIUM;XIRECS;10016.0;2
104452;;;ASH_COATED_OSMIUM;XIRECS;10017.0;5
105210;;;ASH_COATED_OSMIUM;XIRECS;10024.0;6
105504;;;ASH_COATED_OSMIUM;XIRECS;10005.0;4
107139;;;INTARIAN_PEPPER_ROOT;XIRECS;25118.0;3
111129;;;INTARIAN_PEPPER_ROOT;XIRECS;25120.0;4
112092;;;INTARIAN_PEPPER_ROOT;XIRECS;25102.0;7
114619;;;ASH_COATED_OSMIUM;XIRECS;10010.0;7
114904;;;INTARIAN_PEPPER_ROOT;XIRECS;25122.0;5
115507;;;ASH_COATED_OSMIUM;XIRECS;10011.0;2
115759;;;ASH_COATED_OSMIUM;XIRECS;9993.0;6
115939;;;ASH_COATED_OSMIUM;XIRECS;10010.0;6
116119;;;ASH_COATED_OSMIUM;XIRECS;9992.0;5
116267;;;ASH_COATED_OSMIUM;XIRECS;10009.0;7
117017;;;ASH_COATED_OSMIUM;XIRECS;9992.0;2
117799;;;ASH_COATED_OSMIUM;XIRECS;9994.0;7
118308;;;ASH_COATED_OSMIUM;XIRECS;9987.0;4
123955;;;INTARIAN_PEPPER_ROOT;XIRECS;25132.0;4
124192;;;ASH_COATED_OSMIUM;XIRECS;10012.0;10
126212;;;INTARIAN_PEPPER_ROOT;XIRECS;25132.0;4
126397;;;INTARIAN_PEPPER_ROOT;XIRECS;25120.0;3
127408;;;ASH_COATED_OSMIUM;XIRECS;9992.0;3
127917;;;INTARIAN_PEPPER_ROOT;XIRECS;25135.0;5
128106;;;ASH_COATED_OSMIUM;XIRECS;10013.0;3
128635;;;ASH_COATED_OSMIUM;XIRECS;10017.0;5
130676;;;INTARIAN_PEPPER_ROOT;XIRECS;25122.0;4
135069;;;ASH_COATED_OSMIUM;XIRECS;10015.0;5
135846;;;INTARIAN_PEPPER_ROOT;XIRECS;25143.0;7
136149;;;INTARIAN_PEPPER_ROOT;XIRECS;25130.0;5
137386;;;ASH_COATED_OSMIUM;XIRECS;10013.0;3
137423;;;INTARIAN_PEPPER_ROOT;XIRECS;25138.0;5
137675;;;ASH_COATED_OSMIUM;XIRECS;9996.0;4
137788;;;INTARIAN_PEPPER_ROOT;XIRECS;25132.0;4
138040;;;INTARIAN_PEPPER_ROOT;XIRECS;25144.0;6
138063;;;ASH_COATED_OSMIUM;XIRECS;10013.0;6
139527;;;INTARIAN_PEPPER_ROOT;XIRECS;25132.0;5
139740;;;ASH_COATED_OSMIUM;XIRECS;9998.0;9
141343;;;INTARIAN_PEPPER_ROOT;XIRECS;25132.0;5
141372;;;INTARIAN_PEPPER_ROOT;XIRECS;25146.0;6
144966;;;INTARIAN_PEPPER_ROOT;XIRECS;25153.0;6
145541;;;ASH_COATED_OSMIUM;XIRECS;9992.0;10
146465;;;INTARIAN_PEPPER_ROOT;XIRECS;25144.0;3
147247;;;ASH_COATED_OSMIUM;XIRECS;10005.0;3
148219;;;INTARIAN_PEPPER_ROOT;XIRECS;25153.0;6
150327;;;INTARIAN_PEPPER_ROOT;XIRECS;25154.0;5
150851;;;ASH_COATED_OSMIUM;XIRECS;10009.0;4
151887;;;ASH_COATED_OSMIUM;XIRECS;10001.0;7
153246;;;INTARIAN_PEPPER_ROOT;XIRECS;25160.0;6
154005;;;INTARIAN_PEPPER_ROOT;XIRECS;25158.0;3
154248;;;ASH_COATED_OSMIUM;XIRECS;10007.0;9
154666;;;ASH_COATED_OSMIUM;XIRECS;10002.0;6
157853;;;ASH_COATED_OSMIUM;XIRECS;10007.0;4
159091;;;INTARIAN_PEPPER_ROOT;XIRECS;25154.0;6
162977;;;ASH_COATED_OSMIUM;XIRECS;9986.0;4
167474;;;ASH_COATED_OSMIUM;XIRECS;10006.0;5
168520;;;INTARIAN_PEPPER_ROOT;XIRECS;25175.0;7
169070;;;ASH_COATED_OSMIUM;XIRECS;9999.0;4
169275;;;INTARIAN_PEPPER_ROOT;XIRECS;25174.0;4
171276;;;INTARIAN_PEPPER_ROOT;XIRECS;25164.0;7
172281;;;INTARIAN_PEPPER_ROOT;XIRECS;25169.0;6
176009;;;ASH_COATED_OSMIUM;XIRECS;10005.0;7
177273;;;INTARIAN_PEPPER_ROOT;XIRECS;25187.0;3
177732;;;ASH_COATED_OSMIUM;XIRECS;9987.0;5
177872;;;INTARIAN_PEPPER_ROOT;XIRECS;25169.0;7
179619;;;INTARIAN_PEPPER_ROOT;XIRECS;25170.0;7
180277;;;ASH_COATED_OSMIUM;XIRECS;9986.0;6
180858;;;INTARIAN_PEPPER_ROOT;XIRECS;25186.0;3
182438;;;INTARIAN_PEPPER_ROOT;XIRECS;25188.0;6
184652;;;INTARIAN_PEPPER_ROOT;XIRECS;25189.0;3
185188;;;INTARIAN_PEPPER_ROOT;XIRECS;25169.0;5
186882;;;INTARIAN_PEPPER_ROOT;XIRECS;25182.0;5
187124;;;INTARIAN_PEPPER_ROOT;XIRECS;25194.0;4
187551;;;INTARIAN_PEPPER_ROOT;XIRECS;25194.0;4
189435;;;ASH_COATED_OSMIUM;XIRECS;9983.0;5
190244;;;INTARIAN_PEPPER_ROOT;XIRECS;25179.0;3
190496;;;ASH_COATED_OSMIUM;XIRECS;9991.0;6
191173;;;ASH_COATED_OSMIUM;XIRECS;9989.0;3
192175;;;ASH_COATED_OSMIUM;XIRECS;9984.0;5
193801;;;ASH_COATED_OSMIUM;XIRECS;9983.0;5
194246;;;INTARIAN_PEPPER_ROOT;XIRECS;25204.0;5
194476;;;ASH_COATED_OSMIUM;XIRECS;9998.0;5
195321;;;ASH_COATED_OSMIUM;XIRECS;10007.0;10
196603;;;ASH_COATED_OSMIUM;XIRECS;9985.0;2
199999;;;ASH_COATED_OSMIUM;XIRECS;9989.0;10
200789;;;INTARIAN_PEPPER_ROOT;XIRECS;25207.0;7
201803;;;ASH_COATED_OSMIUM;XIRECS;9993.0;5
202083;;;ASH_COATED_OSMIUM;XIRECS;9994.0;4
202284;;;INTARIAN_PEPPER_ROOT;XIRECS;25209.0;3
203305;;;INTARIAN_PEPPER_ROOT;XIRECS;25210.0;5
204127;;;ASH_COATED_OSMIUM;XIRECS;10003.0;4
206434;;;ASH_COATED_OSMIUM;XIRECS;10010.0;3
206613;;;ASH_COATED_OSMIUM;XIRECS;9987.0;3
206949;;;INTARIAN_PEPPER_ROOT;XIRECS;25216.0;5
208283;;;ASH_COATED_OSMIUM;XIRECS;10010.0;2
208331;;;ASH_COATED_OSMIUM;XIRECS;10010.0;3
210397;;;INTARIAN_PEPPER_ROOT;XIRECS;25201.0;6
213676;;;INTARIAN_PEPPER_ROOT;XIRECS;25207.0;6
217294;;;ASH_COATED_OSMIUM;XIRECS;10017.0;6
218317;;;INTARIAN_PEPPER_ROOT;XIRECS;25210.0;7
220579;;;INTARIAN_PEPPER_ROOT;XIRECS;25213.0;4
220814;;;INTARIAN_PEPPER_ROOT;XIRECS;25227.0;4
223244;;;ASH_COATED_OSMIUM;XIRECS;10011.0;2
223314;;;ASH_COATED_OSMIUM;XIRECS;10012.0;5
226160;;;ASH_COATED_OSMIUM;XIRECS;9998.0;4
228410;;;ASH_COATED_OSMIUM;XIRECS;10010.0;5
231891;;;ASH_COATED_OSMIUM;XIRECS;10009.0;8
232344;;;INTARIAN_PEPPER_ROOT;XIRECS;25235.0;7
234217;;;INTARIAN_PEPPER_ROOT;XIRECS;25229.0;4
235308;;;INTARIAN_PEPPER_ROOT;XIRECS;25243.0;4
239075;;;INTARIAN_PEPPER_ROOT;XIRECS;25228.0;6
240627;;;ASH_COATED_OSMIUM;XIRECS;10017.0;3
242976;;;ASH_COATED_OSMIUM;XIRECS;9997.0;5
244104;;;ASH_COATED_OSMIUM;XIRECS;9998.0;5
244219;;;INTARIAN_PEPPER_ROOT;XIRECS;25237.0;6
245358;;;ASH_COATED_OSMIUM;XIRECS;10011.0;6
246323;;;ASH_COATED_OSMIUM;XIRECS;10011.0;10
248439;;;INTARIAN_PEPPER_ROOT;XIRECS;25240.0;7
251304;;;INTARIAN_PEPPER_ROOT;XIRECS;25247.0;5
252854;;;ASH_COATED_OSMIUM;XIRECS;10016.0;6
252886;;;ASH_COATED_OSMIUM;XIRECS;10000.0;2
253007;;;ASH_COATED_OSMIUM;XIRECS;10010.0;10
253123;;;ASH_COATED_OSMIUM;XIRECS;9994.0;3
253149;;;INTARIAN_PEPPER_ROOT;XIRECS;25260.0;4
254489;;;INTARIAN_PEPPER_ROOT;XIRECS;25251.0;6
254921;;;ASH_COATED_OSMIUM;XIRECS;10009.0;2
255062;;;INTARIAN_PEPPER_ROOT;XIRECS;25264.0;3
255569;;;ASH_COATED_OSMIUM;XIRECS;10003.0;3
256028;;;INTARIAN_PEPPER_ROOT;XIRECS;25249.0;3
260402;;;ASH_COATED_OSMIUM;XIRECS;9996.0;5
260509;;;INTARIAN_PEPPER_ROOT;XIRECS;25255.0;6
261155;;;ASH_COATED_OSMIUM;XIRECS;10013.0;2
264925;;;ASH_COATED_OSMIUM;XIRECS;10016.0;4
273319;;;ASH_COATED_OSMIUM;XIRECS;10015.0;2
273601;;;INTARIAN_PEPPER_ROOT;XIRECS;25278.0;8
275414;;;INTARIAN_PEPPER_ROOT;XIRECS;25282.0;3
277227;;;ASH_COATED_OSMIUM;XIRECS;9995.0;4
277492;;;ASH_COATED_OSMIUM;XIRECS;9995.0;9
278935;;;ASH_COATED_OSMIUM;XIRECS;10011.0;3
280945;;;INTARIAN_PEPPER_ROOT;XIRECS;25276.0;5
281572;;;INTARIAN_PEPPER_ROOT;XIRECS;25274.0;3
281794;;;ASH_COATED_OSMIUM;XIRECS;9997.0;5
282204;;;INTARIAN_PEPPER_ROOT;XIRECS;25287.0;7
283402;;;INTARIAN_PEPPER_ROOT;XIRECS;25274.0;7
283666;;;ASH_COATED_OSMIUM;XIRECS;10000.0;5
284245;;;INTARIAN_PEPPER_ROOT;XIRECS;25292.0;6
286885;;;ASH_COATED_OSMIUM;XIRECS;10015.0;6
287174;;;ASH_COATED_OSMIUM;XIRECS;10021.0;5
289786;;;ASH_COATED_OSMIUM;XIRECS;10015.0;6
291216;;;ASH_COATED_OSMIUM;XIRECS;10018.0;7
292520;;;ASH_COATED_OSMIUM;XIRECS;9996.0;3
293664;;;ASH_COATED_OSMIUM;XIRECS;10013.0;10
294361;;;ASH_COATED_OSMIUM;XIRECS;10018.0;9
295098;;;ASH_COATED_OSMIUM;XIRECS;10018.0;2
295717;;;INTARIAN_PEPPER_ROOT;XIRECS;25304.0;6
299259;;;ASH_COATED_OSMIUM;XIRECS;10004.0;6
300215;;;ASH_COATED_OSMIUM;XIRECS;10017.0;5
302273;;;ASH_COATED_OSMIUM;XIRECS;10003.0;5
306104;;;INTARIAN_PEPPER_ROOT;XIRECS;25298.0;7
306435;;;INTARIAN_PEPPER_ROOT;XIRECS;25315.0;4
307230;;;ASH_COATED_OSMIUM;XIRECS;10009.0;2
307541;;;INTARIAN_PEPPER_ROOT;XIRECS;25314.0;4
309818;;;ASH_COATED_OSMIUM;XIRECS;10027.0;8
311988;;;ASH_COATED_OSMIUM;XIRECS;10010.0;7
315208;;;ASH_COATED_OSMIUM;XIRECS;10020.0;6
316425;;;INTARIAN_PEPPER_ROOT;XIRECS;25327.0;6
316877;;;ASH_COATED_OSMIUM;XIRECS;10003.0;6
321264;;;INTARIAN_PEPPER_ROOT;XIRECS;25316.0;6
321674;;;ASH_COATED_OSMIUM;XIRECS;10004.0;3
323704;;;ASH_COATED_OSMIUM;XIRECS;10015.0;6
326495;;;INTARIAN_PEPPER_ROOT;XIRECS;25333.0;5
326794;;;ASH_COATED_OSMIUM;XIRECS;10016.0;8
328768;;;ASH_COATED_OSMIUM;XIRECS;9998.0;10
328959;;;ASH_COATED_OSMIUM;XIRECS;10002.0;6
329769;;;INTARIAN_PEPPER_ROOT;XIRECS;25325.0;5
331455;;;ASH_COATED_OSMIUM;XIRECS;10021.0;3
331756;;;INTARIAN_PEPPER_ROOT;XIRECS;25338.0;3
333418;;;ASH_COATED_OSMIUM;XIRECS;10016.0;7
334097;;;ASH_COATED_OSMIUM;XIRECS;10000.0;3
334586;;;INTARIAN_PEPPER_ROOT;XIRECS;25327.0;4
337814;;;ASH_COATED_OSMIUM;XIRECS;10024.0;7
339183;;;ASH_COATED_OSMIUM;XIRECS;10000.0;3
342564;;;ASH_COATED_OSMIUM;XIRECS;10013.0;4
344158;;;ASH_COATED_OSMIUM;XIRECS;10011.0;6
345730;;;INTARIAN_PEPPER_ROOT;XIRECS;25353.0;5
345863;;;INTARIAN_PEPPER_ROOT;XIRECS;25339.0;6
347236;;;ASH_COATED_OSMIUM;XIRECS;10017.0;2
347869;;;ASH_COATED_OSMIUM;XIRECS;10001.0;4
349679;;;INTARIAN_PEPPER_ROOT;XIRECS;25344.0;5
349689;;;ASH_COATED_OSMIUM;XIRECS;10002.0;7
350319;;;ASH_COATED_OSMIUM;XIRECS;10013.0;3
350746;;;INTARIAN_PEPPER_ROOT;XIRECS;25345.0;3
351851;;;ASH_COATED_OSMIUM;XIRECS;10001.0;2
352949;;;INTARIAN_PEPPER_ROOT;XIRECS;25347.0;7
353521;;;INTARIAN_PEPPER_ROOT;XIRECS;25356.0;7
356452;;;INTARIAN_PEPPER_ROOT;XIRECS;25362.0;8
356595;;;INTARIAN_PEPPER_ROOT;XIRECS;25350.0;6
356727;;;INTARIAN_PEPPER_ROOT;XIRECS;25368.0;6
357647;;;INTARIAN_PEPPER_ROOT;XIRECS;25361.0;6
360892;;;ASH_COATED_OSMIUM;XIRECS;10000.0;3
361598;;;ASH_COATED_OSMIUM;XIRECS;9998.0;8
363415;;;ASH_COATED_OSMIUM;XIRECS;9998.0;5
364947;;;ASH_COATED_OSMIUM;XIRECS;10013.0;3
367980;;;ASH_COATED_OSMIUM;XIRECS;10004.0;6
368785;;;ASH_COATED_OSMIUM;XIRECS;9990.0;8
369705;;;ASH_COATED_OSMIUM;XIRECS;9992.0;6
369868;;;ASH_COATED_OSMIUM;XIRECS;9986.0;7
370840;;;ASH_COATED_OSMIUM;XIRECS;10001.0;4
371116;;;INTARIAN_PEPPER_ROOT;XIRECS;25377.0;5
373872;;;ASH_COATED_OSMIUM;XIRECS;9985.0;6
374592;;;ASH_COATED_OSMIUM;XIRECS;9985.0;4
374856;;;ASH_COATED_OSMIUM;XIRECS;10005.0;2
382992;;;ASH_COATED_OSMIUM;XIRECS;9987.0;2
385138;;;INTARIAN_PEPPER_ROOT;XIRECS;25390.0;5
386009;;;INTARIAN_PEPPER_ROOT;XIRECS;25377.0;7
386971;;;INTARIAN_PEPPER_ROOT;XIRECS;25390.0;3
388880;;;ASH_COATED_OSMIUM;XIRECS;10006.0;5
391008;;;ASH_COATED_OSMIUM;XIRECS;9984.0;6
393955;;;ASH_COATED_OSMIUM;XIRECS;9985.0;6
395843;;;INTARIAN_PEPPER_ROOT;XIRECS;25402.0;6
396592;;;ASH_COATED_OSMIUM;XIRECS;9990.0;10
398846;;;INTARIAN_PEPPER_ROOT;XIRECS;25405.0;5
399304;;;ASH_COATED_OSMIUM;XIRECS;9984.0;5
399589;;;ASH_COATED_OSMIUM;XIRECS;9990.0;3
401664;;;INTARIAN_PEPPER_ROOT;XIRECS;25408.0;7
402767;;;INTARIAN_PEPPER_ROOT;XIRECS;25409.0;3
404365;;;ASH_COATED_OSMIUM;XIRECS;9993.0;4
405797;;;ASH_COATED_OSMIUM;XIRECS;9989.0;3
406643;;;INTARIAN_PEPPER_ROOT;XIRECS;25401.0;7
406662;;;ASH_COATED_OSMIUM;XIRECS;9989.0;7
407766;;;ASH_COATED_OSMIUM;XIRECS;10006.0;6
410984;;;INTARIAN_PEPPER_ROOT;XIRECS;25404.0;4
411004;;;ASH_COATED_OSMIUM;XIRECS;9986.0;5
411544;;;INTARIAN_PEPPER_ROOT;XIRECS;25411.0;5
415795;;;INTARIAN_PEPPER_ROOT;XIRECS;25410.0;7
416746;;;ASH_COATED_OSMIUM;XIRECS;10003.0;6
416929;;;ASH_COATED_OSMIUM;XIRECS;9992.0;2
417931;;;ASH_COATED_OSMIUM;XIRECS;9992.0;10
420538;;;INTARIAN_PEPPER_ROOT;XIRECS;25423.0;6
420656;;;ASH_COATED_OSMIUM;XIRECS;9993.0;6
420842;;;INTARIAN_PEPPER_ROOT;XIRECS;25415.0;3
421126;;;INTARIAN_PEPPER_ROOT;XIRECS;25436.0;3
421816;;;INTARIAN_PEPPER_ROOT;XIRECS;25419.0;3
421821;;;INTARIAN_PEPPER_ROOT;XIRECS;25430.0;7
424009;;;ASH_COATED_OSMIUM;XIRECS;9994.0;5
425033;;;ASH_COATED_OSMIUM;XIRECS;10006.0;10
425809;;;INTARIAN_PEPPER_ROOT;XIRECS;25417.0;7
425948;;;ASH_COATED_OSMIUM;XIRECS;10012.0;4
427677;;;ASH_COATED_OSMIUM;XIRECS;10007.0;4
428219;;;ASH_COATED_OSMIUM;XIRECS;10013.0;2
428721;;;ASH_COATED_OSMIUM;XIRECS;9998.0;5
436455;;;INTARIAN_PEPPER_ROOT;XIRECS;25428.0;7
436625;;;ASH_COATED_OSMIUM;XIRECS;9990.0;8
437339;;;ASH_COATED_OSMIUM;XIRECS;9996.0;7
441242;;;INTARIAN_PEPPER_ROOT;XIRECS;25449.0;3
442114;;;INTARIAN_PEPPER_ROOT;XIRECS;25434.0;4
442185;;;ASH_COATED_OSMIUM;XIRECS;9986.0;5
444184;;;INTARIAN_PEPPER_ROOT;XIRECS;25437.0;5
445090;;;INTARIAN_PEPPER_ROOT;XIRECS;25451.0;3
445427;;;ASH_COATED_OSMIUM;XIRECS;10003.0;6
446760;;;ASH_COATED_OSMIUM;XIRECS;9989.0;2
447174;;;INTARIAN_PEPPER_ROOT;XIRECS;25452.0;7
447400;;;ASH_COATED_OSMIUM;XIRECS;10009.0;7
448669;;;INTARIAN_PEPPER_ROOT;XIRECS;25449.0;3
449279;;;ASH_COATED_OSMIUM;XIRECS;9989.0;5
449636;;;INTARIAN_PEPPER_ROOT;XIRECS;25458.0;7
450578;;;INTARIAN_PEPPER_ROOT;XIRECS;25456.0;7
452308;;;ASH_COATED_OSMIUM;XIRECS;10003.0;5
454926;;;ASH_COATED_OSMIUM;XIRECS;10004.0;5
457254;;;ASH_COATED_OSMIUM;XIRECS;10003.0;9
458533;;;INTARIAN_PEPPER_ROOT;XIRECS;25463.0;6
458678;;;INTARIAN_PEPPER_ROOT;XIRECS;25452.0;3
458763;;;ASH_COATED_OSMIUM;XIRECS;9990.0;6
459121;;;ASH_COATED_OSMIUM;XIRECS;10006.0;7
459963;;;INTARIAN_PEPPER_ROOT;XIRECS;25467.0;7
462133;;;INTARIAN_PEPPER_ROOT;XIRECS;25473.0;4
462921;;;ASH_COATED_OSMIUM;XIRECS;9991.0;7
463243;;;ASH_COATED_OSMIUM;XIRECS;9991.0;4
463767;;;INTARIAN_PEPPER_ROOT;XIRECS;25472.0;6
464011;;;ASH_COATED_OSMIUM;XIRECS;9986.0;4
464691;;;ASH_COATED_OSMIUM;XIRECS;9987.0;2
467086;;;INTARIAN_PEPPER_ROOT;XIRECS;25459.0;8
468715;;;INTARIAN_PEPPER_ROOT;XIRECS;25460.0;7
469752;;;INTARIAN_PEPPER_ROOT;XIRECS;25474.0;6
469813;;;INTARIAN_PEPPER_ROOT;XIRECS;25464.0;5
469900;;;INTARIAN_PEPPER_ROOT;XIRECS;25465.0;7
470173;;;INTARIAN_PEPPER_ROOT;XIRECS;25477.0;6
471005;;;ASH_COATED_OSMIUM;XIRECS;9990.0;3
473437;;;ASH_COATED_OSMIUM;XIRECS;9993.0;2
473863;;;ASH_COATED_OSMIUM;XIRECS;9998.0;9
476924;;;INTARIAN_PEPPER_ROOT;XIRECS;25486.0;7
480074;;;ASH_COATED_OSMIUM;XIRECS;10006.0;4
481199;;;INTARIAN_PEPPER_ROOT;XIRECS;25478.0;7
481379;;;INTARIAN_PEPPER_ROOT;XIRECS;25481.0;7
482509;;;ASH_COATED_OSMIUM;XIRECS;10007.0;5
482572;;;ASH_COATED_OSMIUM;XIRECS;10007.0;6
483621;;;ASH_COATED_OSMIUM;XIRECS;9991.0;8
484702;;;INTARIAN_PEPPER_ROOT;XIRECS;25491.0;7
485128;;;INTARIAN_PEPPER_ROOT;XIRECS;25480.0;5
485413;;;ASH_COATED_OSMIUM;XIRECS;10011.0;2
485764;;;INTARIAN_PEPPER_ROOT;XIRECS;25490.0;6
488493;;;INTARIAN_PEPPER_ROOT;XIRECS;25481.0;3
488958;;;ASH_COATED_OSMIUM;XIRECS;10010.0;7
489194;;;ASH_COATED_OSMIUM;XIRECS;9995.0;6
490649;;;ASH_COATED_OSMIUM;XIRECS;9989.0;2
490925;;;ASH_COATED_OSMIUM;XIRECS;10010.0;4
491507;;;ASH_COATED_OSMIUM;XIRECS;9994.0;3
492252;;;ASH_COATED_OSMIUM;XIRECS;9988.0;5
495348;;;ASH_COATED_OSMIUM;XIRECS;9994.0;2
496755;;;INTARIAN_PEPPER_ROOT;XIRECS;25491.0;3
496793;;;ASH_COATED_OSMIUM;XIRECS;10006.0;9
497587;;;ASH_COATED_OSMIUM;XIRECS;10010.0;6
500123;;;INTARIAN_PEPPER_ROOT;XIRECS;25507.0;4
504227;;;ASH_COATED_OSMIUM;XIRECS;9988.0;3
504440;;;ASH_COATED_OSMIUM;XIRECS;9990.0;6
507488;;;INTARIAN_PEPPER_ROOT;XIRECS;25514.0;5
508050;;;ASH_COATED_OSMIUM;XIRECS;10008.0;4
509580;;;ASH_COATED_OSMIUM;XIRECS;9995.0;3
510000;;;ASH_COATED_OSMIUM;XIRECS;10005.0;3
510741;;;INTARIAN_PEPPER_ROOT;XIRECS;25504.0;4
513550;;;ASH_COATED_OSMIUM;XIRECS;10008.0;4
514009;;;INTARIAN_PEPPER_ROOT;XIRECS;25508.0;4
514414;;;INTARIAN_PEPPER_ROOT;XIRECS;25520.0;5
515412;;;INTARIAN_PEPPER_ROOT;XIRECS;25524.0;3
515867;;;ASH_COATED_OSMIUM;XIRECS;10002.0;8
516143;;;INTARIAN_PEPPER_ROOT;XIRECS;25511.0;6
516580;;;INTARIAN_PEPPER_ROOT;XIRECS;25509.0;4
517689;;;INTARIAN_PEPPER_ROOT;XIRECS;25527.0;3
518465;;;ASH_COATED_OSMIUM;XIRECS;9991.0;3
519919;;;INTARIAN_PEPPER_ROOT;XIRECS;25529.0;6
521139;;;ASH_COATED_OSMIUM;XIRECS;9999.0;3
522626;;;ASH_COATED_OSMIUM;XIRECS;10005.0;7
523640;;;ASH_COATED_OSMIUM;XIRECS;9988.0;4
524215;;;INTARIAN_PEPPER_ROOT;XIRECS;25519.0;7
525632;;;INTARIAN_PEPPER_ROOT;XIRECS;25515.0;7
526709;;;ASH_COATED_OSMIUM;XIRECS;9998.0;10
529457;;;ASH_COATED_OSMIUM;XIRECS;9989.0;5
530428;;;INTARIAN_PEPPER_ROOT;XIRECS;25525.0;7
531719;;;ASH_COATED_OSMIUM;XIRECS;10004.0;2
532353;;;ASH_COATED_OSMIUM;XIRECS;9988.0;6
532585;;;ASH_COATED_OSMIUM;XIRECS;9987.0;8
532730;;;ASH_COATED_OSMIUM;XIRECS;9980.0;7
533745;;;ASH_COATED_OSMIUM;XIRECS;9989.0;7
534868;;;ASH_COATED_OSMIUM;XIRECS;9990.0;6
536584;;;ASH_COATED_OSMIUM;XIRECS;9989.0;6
536973;;;INTARIAN_PEPPER_ROOT;XIRECS;25545.0;7
537958;;;ASH_COATED_OSMIUM;XIRECS;9989.0;2
541091;;;ASH_COATED_OSMIUM;XIRECS;9988.0;2
542166;;;ASH_COATED_OSMIUM;XIRECS;9990.0;4
542856;;;INTARIAN_PEPPER_ROOT;XIRECS;25536.0;3
543037;;;ASH_COATED_OSMIUM;XIRECS;10002.0;5
543539;;;INTARIAN_PEPPER_ROOT;XIRECS;25537.0;4
544316;;;INTARIAN_PEPPER_ROOT;XIRECS;25550.0;7
546609;;;INTARIAN_PEPPER_ROOT;XIRECS;25553.0;5
546694;;;ASH_COATED_OSMIUM;XIRECS;9982.0;6
551136;;;INTARIAN_PEPPER_ROOT;XIRECS;25561.0;7
553150;;;INTARIAN_PEPPER_ROOT;XIRECS;25561.0;6
556251;;;ASH_COATED_OSMIUM;XIRECS;10002.0;10
557308;;;ASH_COATED_OSMIUM;XIRECS;9997.0;6
558315;;;ASH_COATED_OSMIUM;XIRECS;9979.0;2
558618;;;ASH_COATED_OSMIUM;XIRECS;9985.0;3
562045;;;INTARIAN_PEPPER_ROOT;XIRECS;25557.0;5
562232;;;INTARIAN_PEPPER_ROOT;XIRECS;25570.0;6
562835;;;ASH_COATED_OSMIUM;XIRECS;9986.0;7
563351;;;ASH_COATED_OSMIUM;XIRECS;9995.0;5
563362;;;ASH_COATED_OSMIUM;XIRECS;9995.0;7
563970;;;ASH_COATED_OSMIUM;XIRECS;9984.0;3
564530;;;INTARIAN_PEPPER_ROOT;XIRECS;25569.0;4
565686;;;ASH_COATED_OSMIUM;XIRECS;9992.0;6
565692;;;ASH_COATED_OSMIUM;XIRECS;9982.0;5
566034;;;ASH_COATED_OSMIUM;XIRECS;10001.0;6
566119;;;ASH_COATED_OSMIUM;XIRECS;10001.0;4
566395;;;ASH_COATED_OSMIUM;XIRECS;9994.0;6
566628;;;ASH_COATED_OSMIUM;XIRECS;10001.0;7
570331;;;ASH_COATED_OSMIUM;XIRECS;9998.0;3
575457;;;ASH_COATED_OSMIUM;XIRECS;10002.0;3
581546;;;INTARIAN_PEPPER_ROOT;XIRECS;25575.0;5
581854;;;INTARIAN_PEPPER_ROOT;XIRECS;25571.0;6
584703;;;ASH_COATED_OSMIUM;XIRECS;10004.0;6
586523;;;ASH_COATED_OSMIUM;XIRECS;9987.0;7
586819;;;INTARIAN_PEPPER_ROOT;XIRECS;25592.0;5
587295;;;INTARIAN_PEPPER_ROOT;XIRECS;25578.0;7
587965;;;INTARIAN_PEPPER_ROOT;XIRECS;25596.0;5
590513;;;ASH_COATED_OSMIUM;XIRECS;9991.0;6
590621;;;ASH_COATED_OSMIUM;XIRECS;10001.0;8
592441;;;INTARIAN_PEPPER_ROOT;XIRECS;25602.0;5
594151;;;INTARIAN_PEPPER_ROOT;XIRECS;25604.0;7
594820;;;ASH_COATED_OSMIUM;XIRECS;9974.0;2
596241;;;ASH_COATED_OSMIUM;XIRECS;9977.0;6
600189;;;ASH_COATED_OSMIUM;XIRECS;9971.0;4
602295;;;INTARIAN_PEPPER_ROOT;XIRECS;25603.0;7
602476;;;ASH_COATED_OSMIUM;XIRECS;9971.0;3
602501;;;INTARIAN_PEPPER_ROOT;XIRECS;25613.0;6
604182;;;ASH_COATED_OSMIUM;XIRECS;9978.0;6
605098;;;INTARIAN_PEPPER_ROOT;XIRECS;25610.0;5
607527;;;INTARIAN_PEPPER_ROOT;XIRECS;25610.0;5
611096;;;ASH_COATED_OSMIUM;XIRECS;9973.0;9
612443;;;ASH_COATED_OSMIUM;XIRECS;9998.0;9
612726;;;INTARIAN_PEPPER_ROOT;XIRECS;25616.0;4
613931;;;ASH_COATED_OSMIUM;XIRECS;9992.0;6
614139;;;ASH_COATED_OSMIUM;XIRECS;9976.0;5
615321;;;INTARIAN_PEPPER_ROOT;XIRECS;25606.0;6
617997;;;INTARIAN_PEPPER_ROOT;XIRECS;25621.0;4
618112;;;INTARIAN_PEPPER_ROOT;XIRECS;25625.0;7
618252;;;INTARIAN_PEPPER_ROOT;XIRECS;25627.0;7
618432;;;ASH_COATED_OSMIUM;XIRECS;9976.0;6
619880;;;ASH_COATED_OSMIUM;XIRECS;9974.0;4
620932;;;INTARIAN_PEPPER_ROOT;XIRECS;25612.0;5
621293;;;ASH_COATED_OSMIUM;XIRECS;10001.0;3
625009;;;ASH_COATED_OSMIUM;XIRECS;10002.0;5
628093;;;INTARIAN_PEPPER_ROOT;XIRECS;25634.0;6
629899;;;INTARIAN_PEPPER_ROOT;XIRECS;25640.0;3
631458;;;INTARIAN_PEPPER_ROOT;XIRECS;25629.0;3
632792;;;INTARIAN_PEPPER_ROOT;XIRECS;25629.0;4
633278;;;ASH_COATED_OSMIUM;XIRECS;9996.0;4
635102;;;INTARIAN_PEPPER_ROOT;XIRECS;25626.0;7
635889;;;INTARIAN_PEPPER_ROOT;XIRECS;25637.0;3
637375;;;ASH_COATED_OSMIUM;XIRECS;9984.0;8
638479;;;ASH_COATED_OSMIUM;XIRECS;9990.0;4
639019;;;INTARIAN_PEPPER_ROOT;XIRECS;25633.0;5
640216;;;ASH_COATED_OSMIUM;XIRECS;9984.0;9
640669;;;INTARIAN_PEPPER_ROOT;XIRECS;25649.0;6
643085;;;ASH_COATED_OSMIUM;XIRECS;9990.0;4
643600;;;INTARIAN_PEPPER_ROOT;XIRECS;25651.0;5
645170;;;INTARIAN_PEPPER_ROOT;XIRECS;25651.0;6
647920;;;ASH_COATED_OSMIUM;XIRECS;9986.0;9
649778;;;ASH_COATED_OSMIUM;XIRECS;10006.0;9
651384;;;ASH_COATED_OSMIUM;XIRECS;9990.0;10
651626;;;ASH_COATED_OSMIUM;XIRECS;9986.0;5
651676;;;ASH_COATED_OSMIUM;XIRECS;9986.0;5
653609;;;ASH_COATED_OSMIUM;XIRECS;10011.0;3
655202;;;ASH_COATED_OSMIUM;XIRECS;10010.0;8
655804;;;ASH_COATED_OSMIUM;XIRECS;10005.0;6
655835;;;ASH_COATED_OSMIUM;XIRECS;9989.0;5
655903;;;INTARIAN_PEPPER_ROOT;XIRECS;25665.0;4
661389;;;ASH_COATED_OSMIUM;XIRECS;10010.0;3
663608;;;ASH_COATED_OSMIUM;XIRECS;9990.0;6
663968;;;ASH_COATED_OSMIUM;XIRECS;9989.0;6
664062;;;ASH_COATED_OSMIUM;XIRECS;9990.0;9
666489;;;INTARIAN_PEPPER_ROOT;XIRECS;25661.0;8
667808;;;ASH_COATED_OSMIUM;XIRECS;10003.0;2
669608;;;ASH_COATED_OSMIUM;XIRECS;10005.0;2
671251;;;ASH_COATED_OSMIUM;XIRECS;10010.0;7
672124;;;INTARIAN_PEPPER_ROOT;XIRECS;25662.0;7
673505;;;ASH_COATED_OSMIUM;XIRECS;10009.0;4
674978;;;ASH_COATED_OSMIUM;XIRECS;10007.0;6
676545;;;INTARIAN_PEPPER_ROOT;XIRECS;25683.0;3
677409;;;ASH_COATED_OSMIUM;XIRECS;9995.0;2
678124;;;INTARIAN_PEPPER_ROOT;XIRECS;25685.0;4
678220;;;ASH_COATED_OSMIUM;XIRECS;10008.0;2
678296;;;ASH_COATED_OSMIUM;XIRECS;9989.0;2
678642;;;INTARIAN_PEPPER_ROOT;XIRECS;25684.0;7
684270;;;ASH_COATED_OSMIUM;XIRECS;9993.0;10
684398;;;ASH_COATED_OSMIUM;XIRECS;10010.0;6
684653;;;ASH_COATED_OSMIUM;XIRECS;10008.0;9
685702;;;ASH_COATED_OSMIUM;XIRECS;9998.0;5
687503;;;INTARIAN_PEPPER_ROOT;XIRECS;25678.0;7
687759;;;ASH_COATED_OSMIUM;XIRECS;10008.0;6
690989;;;ASH_COATED_OSMIUM;XIRECS;10005.0;2
693399;;;ASH_COATED_OSMIUM;XIRECS;9995.0;3
694054;;;ASH_COATED_OSMIUM;XIRECS;9994.0;7
696582;;;INTARIAN_PEPPER_ROOT;XIRECS;25703.0;4
698981;;;ASH_COATED_OSMIUM;XIRECS;9990.0;10
699482;;;INTARIAN_PEPPER_ROOT;XIRECS;25705.0;4
699583;;;ASH_COATED_OSMIUM;XIRECS;10009.0;9
704619;;;INTARIAN_PEPPER_ROOT;XIRECS;25716.0;7
704730;;;ASH_COATED_OSMIUM;XIRECS;9998.0;6
704963;;;ASH_COATED_OSMIUM;XIRECS;9987.0;5
705974;;;ASH_COATED_OSMIUM;XIRECS;9984.0;6
706274;;;INTARIAN_PEPPER_ROOT;XIRECS;25704.0;6
706760;;;ASH_COATED_OSMIUM;XIRECS;9982.0;6
707096;;;INTARIAN_PEPPER_ROOT;XIRECS;25701.0;6
707775;;;ASH_COATED_OSMIUM;XIRECS;9997.0;6
708175;;;INTARIAN_PEPPER_ROOT;XIRECS;25714.0;3
708180;;;ASH_COATED_OSMIUM;XIRECS;9986.0;6
708501;;;ASH_COATED_OSMIUM;XIRECS;10003.0;4
708609;;;ASH_COATED_OSMIUM;XIRECS;9998.0;9
709976;;;ASH_COATED_OSMIUM;XIRECS;9998.0;9
715929;;;ASH_COATED_OSMIUM;XIRECS;10005.0;6
716032;;;INTARIAN_PEPPER_ROOT;XIRECS;25723.0;7
717196;;;ASH_COATED_OSMIUM;XIRECS;10000.0;7
717248;;;INTARIAN_PEPPER_ROOT;XIRECS;25709.0;5
718702;;;ASH_COATED_OSMIUM;XIRECS;9985.0;2
718856;;;INTARIAN_PEPPER_ROOT;XIRECS;25728.0;3
720107;;;INTARIAN_PEPPER_ROOT;XIRECS;25713.0;3
720328;;;INTARIAN_PEPPER_ROOT;XIRECS;25719.0;4
720660;;;INTARIAN_PEPPER_ROOT;XIRECS;25712.0;6
720999;;;ASH_COATED_OSMIUM;XIRECS;9990.0;2
721212;;;ASH_COATED_OSMIUM;XIRECS;9984.0;9
723991;;;ASH_COATED_OSMIUM;XIRECS;9982.0;9
724893;;;ASH_COATED_OSMIUM;XIRECS;9986.0;9
724940;;;ASH_COATED_OSMIUM;XIRECS;9987.0;4
725141;;;INTARIAN_PEPPER_ROOT;XIRECS;25731.0;6
726533;;;ASH_COATED_OSMIUM;XIRECS;9988.0;4
726912;;;ASH_COATED_OSMIUM;XIRECS;9998.0;4
728060;;;ASH_COATED_OSMIUM;XIRECS;9985.0;4
728943;;;ASH_COATED_OSMIUM;XIRECS;9978.0;4
731333;;;ASH_COATED_OSMIUM;XIRECS;9998.0;6
731601;;;ASH_COATED_OSMIUM;XIRECS;9981.0;6
732161;;;ASH_COATED_OSMIUM;XIRECS;9979.0;7
734297;;;ASH_COATED_OSMIUM;XIRECS;10007.0;5
737572;;;INTARIAN_PEPPER_ROOT;XIRECS;25730.0;7
738876;;;INTARIAN_PEPPER_ROOT;XIRECS;25746.0;6
740928;;;INTARIAN_PEPPER_ROOT;XIRECS;25735.0;3
741257;;;ASH_COATED_OSMIUM;XIRECS;9992.0;3
745003;;;ASH_COATED_OSMIUM;XIRECS;10009.0;3
745175;;;INTARIAN_PEPPER_ROOT;XIRECS;25754.0;3
746833;;;ASH_COATED_OSMIUM;XIRECS;9990.0;6
748491;;;ASH_COATED_OSMIUM;XIRECS;9999.0;3
748993;;;INTARIAN_PEPPER_ROOT;XIRECS;25736.0;3
749198;;;ASH_COATED_OSMIUM;XIRECS;10004.0;5
751353;;;INTARIAN_PEPPER_ROOT;XIRECS;25747.0;4
752276;;;ASH_COATED_OSMIUM;XIRECS;10002.0;6
752608;;;ASH_COATED_OSMIUM;XIRECS;9983.0;2
753338;;;INTARIAN_PEPPER_ROOT;XIRECS;25760.0;3
753563;;;INTARIAN_PEPPER_ROOT;XIRECS;25749.0;7
754235;;;ASH_COATED_OSMIUM;XIRECS;9979.0;2
759884;;;ASH_COATED_OSMIUM;XIRECS;10007.0;5
760962;;;ASH_COATED_OSMIUM;XIRECS;10002.0;9
761077;;;INTARIAN_PEPPER_ROOT;XIRECS;25753.0;5
762276;;;ASH_COATED_OSMIUM;XIRECS;9981.0;3
763273;;;INTARIAN_PEPPER_ROOT;XIRECS;25755.0;6
763456;;;ASH_COATED_OSMIUM;XIRECS;9986.0;2
763628;;;INTARIAN_PEPPER_ROOT;XIRECS;25773.0;3
765157;;;ASH_COATED_OSMIUM;XIRECS;9980.0;4
766475;;;ASH_COATED_OSMIUM;XIRECS;9980.0;6
768619;;;ASH_COATED_OSMIUM;XIRECS;9998.0;4
772447;;;ASH_COATED_OSMIUM;XIRECS;9999.0;8
772552;;;ASH_COATED_OSMIUM;XIRECS;9994.0;6
776706;;;ASH_COATED_OSMIUM;XIRECS;10004.0;5
777974;;;ASH_COATED_OSMIUM;XIRECS;9982.0;5
779791;;;ASH_COATED_OSMIUM;XIRECS;10006.0;6
781530;;;ASH_COATED_OSMIUM;XIRECS;10003.0;4
781709;;;INTARIAN_PEPPER_ROOT;XIRECS;25775.0;5
782858;;;ASH_COATED_OSMIUM;XIRECS;9987.0;6
783210;;;ASH_COATED_OSMIUM;XIRECS;9984.0;5
784136;;;ASH_COATED_OSMIUM;XIRECS;9988.0;7
785169;;;ASH_COATED_OSMIUM;XIRECS;9996.0;4
785658;;;INTARIAN_PEPPER_ROOT;XIRECS;25777.0;5
785704;;;ASH_COATED_OSMIUM;XIRECS;10004.0;3
786161;;;ASH_COATED_OSMIUM;XIRECS;9982.0;4
789947;;;ASH_COATED_OSMIUM;XIRECS;10002.0;5
790671;;;INTARIAN_PEPPER_ROOT;XIRECS;25781.0;6
791623;;;INTARIAN_PEPPER_ROOT;XIRECS;25796.0;3
791718;;;ASH_COATED_OSMIUM;XIRECS;9990.0;4
793724;;;INTARIAN_PEPPER_ROOT;XIRECS;25786.0;3
798406;;;INTARIAN_PEPPER_ROOT;XIRECS;25791.0;5
798582;;;ASH_COATED_OSMIUM;XIRECS;9986.0;6
799008;;;INTARIAN_PEPPER_ROOT;XIRECS;25806.0;5
799146;;;INTARIAN_PEPPER_ROOT;XIRECS;25790.0;5
800441;;;ASH_COATED_OSMIUM;XIRECS;9988.0;10
801737;;;INTARIAN_PEPPER_ROOT;XIRECS;25796.0;5
803192;;;INTARIAN_PEPPER_ROOT;XIRECS;25810.0;6
803729;;;ASH_COATED_OSMIUM;XIRECS;9988.0;5
805826;;;INTARIAN_PEPPER_ROOT;XIRECS;25798.0;7
807534;;;ASH_COATED_OSMIUM;XIRECS;9987.0;6
808157;;;INTARIAN_PEPPER_ROOT;XIRECS;25815.0;3
810394;;;ASH_COATED_OSMIUM;XIRECS;9988.0;5
810941;;;ASH_COATED_OSMIUM;XIRECS;9986.0;6
813339;;;ASH_COATED_OSMIUM;XIRECS;9991.0;5
814124;;;ASH_COATED_OSMIUM;XIRECS;10008.0;8
816112;;;INTARIAN_PEPPER_ROOT;XIRECS;25809.0;7
816134;;;ASH_COATED_OSMIUM;XIRECS;10006.0;3
816421;;;ASH_COATED_OSMIUM;XIRECS;9998.0;6
816678;;;ASH_COATED_OSMIUM;XIRECS;9991.0;6
817176;;;INTARIAN_PEPPER_ROOT;XIRECS;25824.0;7
817997;;;ASH_COATED_OSMIUM;XIRECS;10009.0;5
821378;;;INTARIAN_PEPPER_ROOT;XIRECS;25814.0;7
822153;;;ASH_COATED_OSMIUM;XIRECS;10007.0;6
822427;;;ASH_COATED_OSMIUM;XIRECS;10003.0;2
823640;;;INTARIAN_PEPPER_ROOT;XIRECS;25818.0;5
826895;;;INTARIAN_PEPPER_ROOT;XIRECS;25816.0;7
830848;;;ASH_COATED_OSMIUM;XIRECS;10005.0;8
833918;;;ASH_COATED_OSMIUM;XIRECS;9986.0;2
834216;;;INTARIAN_PEPPER_ROOT;XIRECS;25840.0;6
837541;;;ASH_COATED_OSMIUM;XIRECS;10007.0;6
838699;;;ASH_COATED_OSMIUM;XIRECS;10012.0;9
840561;;;ASH_COATED_OSMIUM;XIRECS;9990.0;4
841229;;;ASH_COATED_OSMIUM;XIRECS;10010.0;2
841600;;;ASH_COATED_OSMIUM;XIRECS;10005.0;6
842709;;;ASH_COATED_OSMIUM;XIRECS;9988.0;6
844289;;;ASH_COATED_OSMIUM;XIRECS;9988.0;6
846477;;;INTARIAN_PEPPER_ROOT;XIRECS;25852.0;3
847306;;;ASH_COATED_OSMIUM;XIRECS;9996.0;5
848196;;;INTARIAN_PEPPER_ROOT;XIRECS;25842.0;6
849113;;;ASH_COATED_OSMIUM;XIRECS;10007.0;5
852166;;;INTARIAN_PEPPER_ROOT;XIRECS;25846.0;6
852726;;;INTARIAN_PEPPER_ROOT;XIRECS;25848.0;3
857316;;;ASH_COATED_OSMIUM;XIRECS;9988.0;10
858263;;;ASH_COATED_OSMIUM;XIRECS;9989.0;2
860227;;;INTARIAN_PEPPER_ROOT;XIRECS;25867.0;4
862769;;;INTARIAN_PEPPER_ROOT;XIRECS;25856.0;3
863857;;;ASH_COATED_OSMIUM;XIRECS;9996.0;9
867571;;;ASH_COATED_OSMIUM;XIRECS;10013.0;3
868418;;;INTARIAN_PEPPER_ROOT;XIRECS;25881.0;3
870011;;;INTARIAN_PEPPER_ROOT;XIRECS;25865.0;5
871220;;;ASH_COATED_OSMIUM;XIRECS;9994.0;5
872268;;;ASH_COATED_OSMIUM;XIRECS;10000.0;8
872705;;;ASH_COATED_OSMIUM;XIRECS;9993.0;5
873748;;;INTARIAN_PEPPER_ROOT;XIRECS;25867.0;4
875734;;;ASH_COATED_OSMIUM;XIRECS;9992.0;4
877344;;;ASH_COATED_OSMIUM;XIRECS;9992.0;3
878010;;;INTARIAN_PEPPER_ROOT;XIRECS;25868.0;5
878144;;;INTARIAN_PEPPER_ROOT;XIRECS;25873.0;3
880142;;;ASH_COATED_OSMIUM;XIRECS;10006.0;5
880217;;;INTARIAN_PEPPER_ROOT;XIRECS;25891.0;6
883628;;;INTARIAN_PEPPER_ROOT;XIRECS;25874.0;6
884724;;;ASH_COATED_OSMIUM;XIRECS;9989.0;4
886084;;;ASH_COATED_OSMIUM;XIRECS;10006.0;2
886134;;;INTARIAN_PEPPER_ROOT;XIRECS;25881.0;7
886160;;;ASH_COATED_OSMIUM;XIRECS;9985.0;6
888772;;;INTARIAN_PEPPER_ROOT;XIRECS;25893.0;3
889134;;;ASH_COATED_OSMIUM;XIRECS;9986.0;10
890980;;;INTARIAN_PEPPER_ROOT;XIRECS;25898.0;3
891760;;;ASH_COATED_OSMIUM;XIRECS;10001.0;3
893047;;;ASH_COATED_OSMIUM;XIRECS;9985.0;5
894342;;;ASH_COATED_OSMIUM;XIRECS;9987.0;2
894388;;;ASH_COATED_OSMIUM;XIRECS;9996.0;6
894729;;;INTARIAN_PEPPER_ROOT;XIRECS;25900.0;6
895139;;;ASH_COATED_OSMIUM;XIRECS;9993.0;9
897365;;;ASH_COATED_OSMIUM;XIRECS;9989.0;6
901805;;;INTARIAN_PEPPER_ROOT;XIRECS;25896.0;4
902384;;;INTARIAN_PEPPER_ROOT;XIRECS;25888.0;3
904274;;;INTARIAN_PEPPER_ROOT;XIRECS;25909.0;6
904682;;;ASH_COATED_OSMIUM;XIRECS;9989.0;6
904754;;;ASH_COATED_OSMIUM;XIRECS;10005.0;4
906178;;;INTARIAN_PEPPER_ROOT;XIRECS;25898.0;4
906756;;;INTARIAN_PEPPER_ROOT;XIRECS;25909.0;5
909630;;;INTARIAN_PEPPER_ROOT;XIRECS;25904.0;3
912702;;;ASH_COATED_OSMIUM;XIRECS;9981.0;5
912754;;;ASH_COATED_OSMIUM;XIRECS;9997.0;6
912893;;;INTARIAN_PEPPER_ROOT;XIRECS;25921.0;7
913234;;;INTARIAN_PEPPER_ROOT;XIRECS;25913.0;4
913444;;;ASH_COATED_OSMIUM;XIRECS;9980.0;5
916248;;;INTARIAN_PEPPER_ROOT;XIRECS;25910.0;7
916747;;;INTARIAN_PEPPER_ROOT;XIRECS;25912.0;3
918576;;;INTARIAN_PEPPER_ROOT;XIRECS;25927.0;5
919719;;;INTARIAN_PEPPER_ROOT;XIRECS;25924.0;7
920204;;;ASH_COATED_OSMIUM;XIRECS;10001.0;7
920977;;;INTARIAN_PEPPER_ROOT;XIRECS;25927.0;7
921667;;;ASH_COATED_OSMIUM;XIRECS;10001.0;3
921835;;;INTARIAN_PEPPER_ROOT;XIRECS;25916.0;6
922596;;;ASH_COATED_OSMIUM;XIRECS;10002.0;5
925731;;;ASH_COATED_OSMIUM;XIRECS;9992.0;2
926427;;;INTARIAN_PEPPER_ROOT;XIRECS;25933.0;7
929267;;;INTARIAN_PEPPER_ROOT;XIRECS;25928.0;3
930120;;;ASH_COATED_OSMIUM;XIRECS;10006.0;5
930617;;;ASH_COATED_OSMIUM;XIRECS;10006.0;4
931168;;;INTARIAN_PEPPER_ROOT;XIRECS;25925.0;5
931932;;;INTARIAN_PEPPER_ROOT;XIRECS;25937.0;3
932081;;;ASH_COATED_OSMIUM;XIRECS;9995.0;5
932342;;;INTARIAN_PEPPER_ROOT;XIRECS;25941.0;3
933280;;;INTARIAN_PEPPER_ROOT;XIRECS;25929.0;6
935412;;;INTARIAN_PEPPER_ROOT;XIRECS;25931.0;6
935903;;;INTARIAN_PEPPER_ROOT;XIRECS;25937.0;4
937818;;;ASH_COATED_OSMIUM;XIRECS;10015.0;7
939018;;;ASH_COATED_OSMIUM;XIRECS;9991.0;6
939538;;;ASH_COATED_OSMIUM;XIRECS;10015.0;7
940713;;;INTARIAN_PEPPER_ROOT;XIRECS;25934.0;7
940770;;;INTARIAN_PEPPER_ROOT;XIRECS;25947.0;7
941169;;;INTARIAN_PEPPER_ROOT;XIRECS;25945.0;3
941259;;;ASH_COATED_OSMIUM;XIRECS;9992.0;6
943636;;;ASH_COATED_OSMIUM;XIRECS;10014.0;5
944565;;;ASH_COATED_OSMIUM;XIRECS;10008.0;7
944642;;;ASH_COATED_OSMIUM;XIRECS;10014.0;6
945005;;;INTARIAN_PEPPER_ROOT;XIRECS;25936.0;7
946996;;;ASH_COATED_OSMIUM;XIRECS;10009.0;2
947423;;;INTARIAN_PEPPER_ROOT;XIRECS;25955.0;6
947674;;;ASH_COATED_OSMIUM;XIRECS;9999.0;10
948794;;;ASH_COATED_OSMIUM;XIRECS;10008.0;8
948956;;;INTARIAN_PEPPER_ROOT;XIRECS;25945.0;5
949177;;;INTARIAN_PEPPER_ROOT;XIRECS;25957.0;4
950328;;;INTARIAN_PEPPER_ROOT;XIRECS;25943.0;3
951135;;;ASH_COATED_OSMIUM;XIRECS;10008.0;10
952216;;;ASH_COATED_OSMIUM;XIRECS;10009.0;6
954678;;;ASH_COATED_OSMIUM;XIRECS;10015.0;4
956357;;;INTARIAN_PEPPER_ROOT;XIRECS;25966.0;7
956421;;;ASH_COATED_OSMIUM;XIRECS;10007.0;3
958177;;;ASH_COATED_OSMIUM;XIRECS;10016.0;2
958896;;;INTARIAN_PEPPER_ROOT;XIRECS;25953.0;4
959587;;;ASH_COATED_OSMIUM;XIRECS;9997.0;2
961114;;;ASH_COATED_OSMIUM;XIRECS;10000.0;8
961850;;;INTARIAN_PEPPER_ROOT;XIRECS;25969.0;3
962621;;;ASH_COATED_OSMIUM;XIRECS;10012.0;3
963887;;;INTARIAN_PEPPER_ROOT;XIRECS;25970.0;8
968356;;;INTARIAN_PEPPER_ROOT;XIRECS;25971.0;7
970202;;;ASH_COATED_OSMIUM;XIRECS;9994.0;5
972078;;;ASH_COATED_OSMIUM;XIRECS;9995.0;10
972652;;;INTARIAN_PEPPER_ROOT;XIRECS;25979.0;6
973173;;;ASH_COATED_OSMIUM;XIRECS;9998.0;10
973698;;;INTARIAN_PEPPER_ROOT;XIRECS;25981.0;3
977502;;;INTARIAN_PEPPER_ROOT;XIRECS;25983.0;5
979362;;;ASH_COATED_OSMIUM;XIRECS;10013.0;5
983151;;;INTARIAN_PEPPER_ROOT;XIRECS;25976.0;3
983346;;;ASH_COATED_OSMIUM;XIRECS;10012.0;5
984745;;;ASH_COATED_OSMIUM;XIRECS;10010.0;5
986624;;;INTARIAN_PEPPER_ROOT;XIRECS;25979.0;6
987041;;;ASH_COATED_OSMIUM;XIRECS;9990.0;6
988277;;;INTARIAN_PEPPER_ROOT;XIRECS;25974.0;6
988935;;;INTARIAN_PEPPER_ROOT;XIRECS;25997.0;3
990616;;;ASH_COATED_OSMIUM;XIRECS;10008.0;3
991398;;;ASH_COATED_OSMIUM;XIRECS;10007.0;6
994182;;;ASH_COATED_OSMIUM;XIRECS;10006.0;6
995083;;;INTARIAN_PEPPER_ROOT;XIRECS;25997.0;5
996792;;;ASH_COATED_OSMIUM;XIRECS;10001.0;6
996895;;;INTARIAN_PEPPER_ROOT;XIRECS;26002.0;8