timestamp;buyer;seller;symbol;currency;price;quantity
240;;;INTARIAN_PEPPER_ROOT;XIRECS;26994.0;7
2014;;;ASH_COATED_OSMIUM;XIRECS;10001.0;3
2894;;;ASH_COATED_OSMIUM;XIRECS;10006.0;9
6941;;;ASH_COATED_OSMIUM;XIRECS;10009.0;8
8814;;;INTARIAN_PEPPER_ROOT;XIRECS;27000.0;6
9106;;;ASH_COATED_OSMIUM;XIRECS;9988.0;6
9749;;;ASH_COATED_OSMIUM;XIRECS;10004.0;8
9888;;;INTARIAN_PEPPER_ROOT;XIRECS;27016.0;3
9973;;;ASH_COATED_OSMIUM;XIRECS;9989.0;4
9997;;;INTARIAN_PEPPER_ROOT;XIRECS;27015.0;4
10493;;;INTARIAN_PEPPER_ROOT;XIRECS;26999.0;6
11515;;;INTARIAN_PEPPER_ROOT;XIRECS;27006.0;7
12028;;;ASH_COATED_OSMIUM;XIRECS;9989.0;9
12207;;;ASH_COATED_OSMIUM;XIRECS;9985.0;9
13041;;;INTARIAN_PEPPER_ROOT;XIRECS;27003.0;7
13096;;;ASH_COATED_OSMIUM;XIRECS;9990.0;5
14355;;;ASH_COATED_OSMIUM;XIRECS;10002.0;4
14490;;;ASH_COATED_OSMIUM;XIRECS;10002.0;6
15264;;;ASH_COATED_OSMIUM;XIRECS;10005.0;5
16451;;;ASH_COATED_OSMIUM;XIRECS;10003.0;6
16863;;;ASH_COATED_OSMIUM;XIRECS;9989.0;4
17813;;;INTARIAN_PEPPER_ROOT;XIRECS;27007.0;4
18289;;;ASH_COATED_OSMIUM;XIRECS;10000.0;4
19776;;;INTARIAN_PEPPER_ROOT;XIRECS;27014.0;6
20173;;;INTARIAN_PEPPER_ROOT;XIRECS;27031.0;3
20238;;;ASH_COATED_OSMIUM;XIRECS;10001.0;10
23247;;;ASH_COATED_OSMIUM;XIRECS;9987.0;7
26383;;;INTARIAN_PEPPER_ROOT;XIRECS;27028.0;6
27221;;;INTARIAN_PEPPER_ROOT;XIRECS;27016.0;7
27945;;;ASH_COATED_OSMIUM;XIRECS;9997.0;5
28039;;;ASH_COATED_OSMIUM;XIRECS;10009.0;3
28158;;;INTARIAN_PEPPER_ROOT;XIRECS;27023.0;7
30316;;;ASH_COATED_OSMIUM;XIRECS;9999.0;4
30572;;;INTARIAN_PEPPER_ROOT;XIRECS;27041.0;5
31243;;;ASH_COATED_OSMIUM;XIRECS;10009.0;6
33383;;;ASH_COATED_OSMIUM;XIRECS;10006.0;10
33600;;;INTARIAN_PEPPER_ROOT;XIRECS;27041.0;4
34008;;;ASH_COATED_OSMIUM;XIRECS;10006.0;4
35683;;;ASH_COATED_OSMIUM;XIRECS;9984.0;2
36602;;;ASH_COATED_OSMIUM;XIRECS;9992.0;3
36751;;;INTARIAN_PEPPER_ROOT;XIRECS;27043.0;6
42299;;;ASH_COATED_OSMIUM;XIRECS;9991.0;9
42685;;;ASH_COATED_OSMIUM;XIRECS;9985.0;2
42756;;;ASH_COATED_OSMIUM;XIRECS;10005.0;5
43476;;;ASH_COATED_OSMIUM;XIRECS;10003.0;4
44539;;;ASH_COATED_OSMIUM;XIRECS;10008.0;7
44682;;;INTARIAN_PEPPER_ROOT;XIRECS;27043.0;8
45821;;;ASH_COATED_OSMIUM;XIRECS;9987.0;3
45985;;;ASH_COATED_OSMIUM;XIRECS;10010.0;3
46929;;;INTARIAN_PEPPER_ROOT;XIRECS;27053.0;8
50312;;;ASH_COATED_OSMIUM;XIRECS;10004.0;2
51358;;;INTARIAN_PEPPER_ROOT;XIRECS;27046.0;5
52501;;;INTARIAN_PEPPER_ROOT;XIRECS;27062.0;3
55640;;;ASH_COATED_OSMIUM;XIRECS;10008.0;6
56724;;;ASH_COATED_OSMIUM;XIRECS;10003.0;9
57872;;;ASH_COATED_OSMIUM;XIRECS;9985.0;4
59257;;;ASH_COATED_OSMIUM;XIRECS;10008.0;8
60446;;;ASH_COATED_OSMIUM;XIRECS;10002.0;5
61362;;;ASH_COATED_OSMIUM;XIRECS;10009.0;9
65908;;;INTARIAN_PEPPER_ROOT;XIRECS;27073.0;6
66928;;;INTARIAN_PEPPER_ROOT;XIRECS;27056.0;8
67569;;;ASH_COATED_OSMIUM;XIRECS;10003.0;4
68338;;;INTARIAN_PEPPER_ROOT;XIRECS;27078.0;3
68688;;;ASH_COATED_OSMIUM;XIRECS;9985.0;3
68853;;;ASH_COATED_OSMIUM;XIRECS;10002.0;3
72414;;;INTARIAN_PEPPER_ROOT;XIRECS;27071.0;6
73755;;;INTARIAN_PEPPER_ROOT;XIRECS;27079.0;3
73973;;;INTARIAN_PEPPER_ROOT;XIRECS;27077.0;3
74659;;;ASH_COATED_OSMIUM;XIRECS;10004.0;6
74705;;;INTARIAN_PEPPER_ROOT;XIRECS;27066.0;5
75172;;;ASH_COATED_OSMIUM;XIRECS;9995.0;9
76596;;;INTARIAN_PEPPER_ROOT;XIRECS;27081.0;7
77042;;;INTARIAN_PEPPER_ROOT;XIRECS;27070.0;6
78568;;;INTARIAN_PEPPER_ROOT;XIRECS;27076.0;6
79611;;;INTARIAN_PEPPER_ROOT;XIRECS;27072.0;6
79840;;;INTARIAN_PEPPER_ROOT;XIRECS;27086.0;3
83773;;;ASH_COATED_OSMIUM;XIRECS;9993.0;6
85126;;;ASH_COATED_OSMIUM;XIRECS;10014.0;5
86184;;;INTARIAN_PEPPER_ROOT;XIRECS;27090.0;3
88957;;;ASH_COATED_OSMIUM;XIRECS;10012.0;7
89416;;;INTARIAN_PEPPER_ROOT;XIRECS;27085.0;6
91851;;;ASH_COATED_OSMIUM;XIRECS;10013.0;7
95053;;;ASH_COATED_OSMIUM;XIRECS;9995.0;4
95912;;;ASH_COATED_OSMIUM;XIRECS;9998.0;4
98095;;;INTARIAN_PEPPER_ROOT;XIRECS;27089.0;3
99456;;;ASH_COATED_OSMIUM;XIRECS;10013.0;3
100723;;;ASH_COATED_OSMIUM;XIRECS;9988.0;3
100908;;;ASH_COATED_OSMIUM;XIRECS;9989.0;2
101120;;;INTARIAN_PEPPER_ROOT;XIRECS;27095.0;3
104074;;;INTARIAN_PEPPER_ROOT;XIRECS;27111.0;3
105842;;;INTARIAN_PEPPER_ROOT;XIRECS;27101.0;6
105916;;;INTARIAN_PEPPER_ROOT;XIRECS;27111.0;7
107229;;;ASH_COATED_OSMIUM;XIRECS;10010.0;9
108994;;;INTARIAN_PEPPER_ROOT;XIRECS;27101.0;5
109487;;;INTARIAN_PEPPER_ROOT;XIRECS;27109.0;7
113287;;;ASH_COATED_OSMIUM;XIRECS;10011.0;5
114839;;;ASH_COATED_OSMIUM;XIRECS;10001.0;4
115503;;;ASH_COATED_OSMIUM;XIRECS;10015.0;6
115596;;;ASH_COATED_OSMIUM;XIRECS;10015.0;5
116513;;;ASH_COATED_OSMIUM;XIRECS;10012.0;6
118306;;;ASH_COATED_OSMIUM;XIRECS;10015.0;9
120195;;;INTARIAN_PEPPER_ROOT;XIRECS;27132.0;3
120827;;;ASH_COATED_OSMIUM;XIRECS;10012.0;4
121574;;;ASH_COATED_OSMIUM;XIRECS;10011.0;8
121928;;;ASH_COATED_OSMIUM;XIRECS;10015.0;5
122321;;;INTARIAN_PEPPER_ROOT;XIRECS;27118.0;6
122781;;;INTARIAN_PEPPER_ROOT;XIRECS;27109.0;3
124027;;;ASH_COATED_OSMIUM;XIRECS;10016.0;6
124930;;;INTARIAN_PEPPER_ROOT;XIRECS;27114.0;3
125154;;;INTARIAN_PEPPER_ROOT;XIRECS;27131.0;3
126956;;;INTARIAN_PEPPER_ROOT;XIRECS;27120.0;4
127363;;;ASH_COATED_OSMIUM;XIRECS;10008.0;6
127837;;;INTARIAN_PEPPER_ROOT;XIRECS;27121.0;6
127990;;;INTARIAN_PEPPER_ROOT;XIRECS;27121.0;3
128679;;;ASH_COATED_OSMIUM;XIRECS;9996.0;3
129022;;;ASH_COATED_OSMIUM;XIRECS;10007.0;4
131972;;;INTARIAN_PEPPER_ROOT;XIRECS;27124.0;4
132180;;;ASH_COATED_OSMIUM;XIRECS;10016.0;8
132945;;;ASH_COATED_OSMIUM;XIRECS;9994.0;6
134214;;;ASH_COATED_OSMIUM;XIRECS;9994.0;6
134605;;;ASH_COATED_OSMIUM;XIRECS;10011.0;6
136142;;;ASH_COATED_OSMIUM;XIRECS;9999.0;3
137640;;;INTARIAN_PEPPER_ROOT;XIRECS;27133.0;4
139212;;;INTARIAN_PEPPER_ROOT;XIRECS;27132.0;7
139826;;;INTARIAN_PEPPER_ROOT;XIRECS;27134.0;4
142366;;;ASH_COATED_OSMIUM;XIRECS;10013.0;6
143560;;;INTARIAN_PEPPER_ROOT;XIRECS;27149.0;6
143646;;;ASH_COATED_OSMIUM;XIRECS;10000.0;6
151160;;;INTARIAN_PEPPER_ROOT;XIRECS;27141.0;4
151201;;;INTARIAN_PEPPER_ROOT;XIRECS;27143.0;3
151578;;;ASH_COATED_OSMIUM;XIRECS;9990.0;4
153296;;;ASH_COATED_OSMIUM;XIRECS;9998.0;3
153472;;;ASH_COATED_OSMIUM;XIRECS;10010.0;4
154399;;;INTARIAN_PEPPER_ROOT;XIRECS;27161.0;6
157451;;;ASH_COATED_OSMIUM;XIRECS;10010.0;10
158560;;;ASH_COATED_OSMIUM;XIRECS;10016.0;10
159194;;;ASH_COATED_OSMIUM;XIRECS;10004.0;4
159223;;;INTARIAN_PEPPER_ROOT;XIRECS;27159.0;6
163127;;;ASH_COATED_OSMIUM;XIRECS;9993.0;8
163172;;;ASH_COATED_OSMIUM;XIRECS;10009.0;4
163731;;;INTARIAN_PEPPER_ROOT;XIRECS;27158.0;3
165316;;;INTARIAN_PEPPER_ROOT;XIRECS;27153.0;7
166147;;;INTARIAN_PEPPER_ROOT;XIRECS;27158.0;5
166744;;;INTARIAN_PEPPER_ROOT;XIRECS;27161.0;7
166844;;;INTARIAN_PEPPER_ROOT;XIRECS;27158.0;3
168576;;;INTARIAN_PEPPER_ROOT;XIRECS;27164.0;7
169064;;;INTARIAN_PEPPER_ROOT;XIRECS;27181.0;3
169479;;;ASH_COATED_OSMIUM;XIRECS;9995.0;9
169715;;;INTARIAN_PEPPER_ROOT;XIRECS;27159.0;6
172684;;;ASH_COATED_OSMIUM;XIRECS;10015.0;8
173154;;;ASH_COATED_OSMIUM;XIRECS;9995.0;4
173321;;;ASH_COATED_OSMIUM;XIRECS;10013.0;9
177578;;;INTARIAN_PEPPER_ROOT;XIRECS;27183.0;7
178188;;;ASH_COATED_OSMIUM;XIRECS;10016.0;6
180230;;;ASH_COATED_OSMIUM;XIRECS;9999.0;6
180466;;;ASH_COATED_OSMIUM;XIRECS;9998.0;9
180576;;;INTARIAN_PEPPER_ROOT;XIRECS;27173.0;5
182676;;;INTARIAN_PEPPER_ROOT;XIRECS;27192.0;4
184255;;;INTARIAN_PEPPER_ROOT;XIRECS;27192.0;5
185321;;;ASH_COATED_OSMIUM;XIRECS;9996.0;5
195833;;;INTARIAN_PEPPER_ROOT;XIRECS;27200.0;6
196218;;;INTARIAN_PEPPER_ROOT;XIRECS;27182.0;6
197195;;;ASH_COATED_OSMIUM;XIRECS;9985.0;6
198251;;;ASH_COATED_OSMIUM;XIRECS;10008.0;4
199190;;;INTARIAN_PEPPER_ROOT;XIRECS;27208.0;5
201182;;;INTARIAN_PEPPER_ROOT;XIRECS;27194.0;5
203364;;;ASH_COATED_OSMIUM;XIRECS;9997.0;5
206203;;;INTARIAN_PEPPER_ROOT;XIRECS;27216.0;7
207808;;;ASH_COATED_OSMIUM;XIRECS;10011.0;9
207848;;;INTARIAN_PEPPER_ROOT;XIRECS;27201.0;7
209057;;;INTARIAN_PEPPER_ROOT;XIRECS;27216.0;7
210148;;;ASH_COATED_OSMIUM;XIRECS;9990.0;2
210195;;;ASH_COATED_OSMIUM;XIRECS;9990.0;4
210336;;;ASH_COATED_OSMIUM;XIRECS;9987.0;6
211077;;;ASH_COATED_OSMIUM;XIRECS;10001.0;6
211197;;;INTARIAN_PEPPER_ROOT;XIRECS;27205.0;4
211738;;;INTARIAN_PEPPER_ROOT;XIRECS;27216.0;3
211917;;;ASH_COATED_OSMIUM;XIRECS;10006.0;7
212238;;;INTARIAN_PEPPER_ROOT;XIRECS;27219.0;3
212933;;;ASH_COATED_OSMIUM;XIRECS;9985.0;2
214380;;;INTARIAN_PEPPER_ROOT;XIRECS;27207.0;3
216020;;;ASH_COATED_OSMIUM;XIRECS;9989.0;2
217387;;;INTARIAN_PEPPER_ROOT;XIRECS;27222.0;3
217650;;;INTARIAN_PEPPER_ROOT;XIRECS;27223.0;6
220223;;;INTARIAN_PEPPER_ROOT;XIRECS;27210.0;6
222244;;;INTARIAN_PEPPER_ROOT;XIRECS;27230.0;6
222748;;;INTARIAN_PEPPER_ROOT;XIRECS;27216.0;7
223735;;;ASH_COATED_OSMIUM;XIRECS;9995.0;3
226000;;;ASH_COATED_OSMIUM;XIRECS;10014.0;10
229775;;;ASH_COATED_OSMIUM;XIRECS;9997.0;2
229950;;;INTARIAN_PEPPER_ROOT;XIRECS;27237.0;7
230614;;;INTARIAN_PEPPER_ROOT;XIRECS;27236.0;4
232945;;;ASH_COATED_OSMIUM;XIRECS;9987.0;9
233742;;;ASH_COATED_OSMIUM;XIRECS;9992.0;5
236187;;;ASH_COATED_OSMIUM;XIRECS;10004.0;3
236572;;;ASH_COATED_OSMIUM;XIRECS;10004.0;2
237991;;;INTARIAN_PEPPER_ROOT;XIRECS;27245.0;5
239754;;;ASH_COATED_OSMIUM;XIRECS;9995.0;6
241540;;;ASH_COATED_OSMIUM;XIRECS;10000.0;4
242458;;;INTARIAN_PEPPER_ROOT;XIRECS;27235.0;5
243099;;;ASH_COATED_OSMIUM;XIRECS;10005.0;5
243260;;;ASH_COATED_OSMIUM;XIRECS;9985.0;2
245415;;;ASH_COATED_OSMIUM;XIRECS;10004.0;6
248429;;;ASH_COATED_OSMIUM;XIRECS;10007.0;5
248586;;;ASH_COATED_OSMIUM;XIRECS;9992.0;5
249457;;;INTARIAN_PEPPER_ROOT;XIRECS;27256.0;6
250625;;;ASH_COATED_OSMIUM;XIRECS;10015.0;8
253571;;;INTARIAN_PEPPER_ROOT;XIRECS;27245.0;5
254605;;;INTARIAN_PEPPER_ROOT;XIRECS;27260.0;8
254785;;;ASH_COATED_OSMIUM;XIRECS;10016.0;2
255581;;;ASH_COATED_OSMIUM;XIRECS;10016.0;6
255601;;;ASH_COATED_OSMIUM;XIRECS;9995.0;4
256018;;;INTARIAN_PEPPER_ROOT;XIRECS;27254.0;6
256520;;;ASH_COATED_OSMIUM;XIRECS;10016.0;5
256528;;;INTARIAN_PEPPER_ROOT;XIRECS;27254.0;5
256778;;;ASH_COATED_OSMIUM;XIRECS;10009.0;8
256934;;;ASH_COATED_OSMIUM;XIRECS;9998.0;2
262977;;;INTARIAN_PEPPER_ROOT;XIRECS;27268.0;6
263358;;;INTARIAN_PEPPER_ROOT;XIRECS;27254.0;6
263433;;;ASH_COATED_OSMIUM;XIRECS;9989.0;4
264982;;;ASH_COATED_OSMIUM;XIRECS;9992.0;6
266607;;;ASH_COATED_OSMIUM;XIRECS;9990.0;3
266872;;;ASH_COATED_OSMIUM;XIRECS;9997.0;5
270215;;;INTARIAN_PEPPER_ROOT;XIRECS;27262.0;5
278588;;;INTARIAN_PEPPER_ROOT;XIRECS;27277.0;3
279495;;;INTARIAN_PEPPER_ROOT;XIRECS;27289.0;4
279647;;;INTARIAN_PEPPER_ROOT;XIRECS;27285.0;4
279891;;;ASH_COATED_OSMIUM;XIRECS;10006.0;2
281229;;;ASH_COATED_OSMIUM;XIRECS;10008.0;8
282127;;;ASH_COATED_OSMIUM;XIRECS;9985.0;5
283380;;;ASH_COATED_OSMIUM;XIRECS;10001.0;4
284109;;;INTARIAN_PEPPER_ROOT;XIRECS;27286.0;7
285237;;;INTARIAN_PEPPER_ROOT;XIRECS;27293.0;7
285329;;;ASH_COATED_OSMIUM;XIRECS;10006.0;8
286767;;;ASH_COATED_OSMIUM;XIRECS;10005.0;10
288057;;;ASH_COATED_OSMIUM;XIRECS;9982.0;2
291094;;;ASH_COATED_OSMIUM;XIRECS;10000.0;7
292290;;;INTARIAN_PEPPER_ROOT;XIRECS;27296.0;6
294737;;;INTARIAN_PEPPER_ROOT;XIRECS;27301.0;3
295256;;;INTARIAN_PEPPER_ROOT;XIRECS;27289.0;7
295425;;;INTARIAN_PEPPER_ROOT;XIRECS;27304.0;5
296016;;;ASH_COATED_OSMIUM;XIRECS;10009.0;6
296935;;;ASH_COATED_OSMIUM;XIRECS;9989.0;5
297792;;;ASH_COATED_OSMIUM;XIRECS;9991.0;5
299067;;;ASH_COATED_OSMIUM;XIRECS;10007.0;7
303698;;;ASH_COATED_OSMIUM;XIRECS;9998.0;6
308336;;;ASH_COATED_OSMIUM;XIRECS;10002.0;5
309267;;;INTARIAN_PEPPER_ROOT;XIRECS;27313.0;5
312252;;;ASH_COATED_OSMIUM;XIRECS;9999.0;3
312602;;;ASH_COATED_OSMIUM;XIRECS;10009.0;2
316095;;;ASH_COATED_OSMIUM;XIRECS;9993.0;5
320257;;;INTARIAN_PEPPER_ROOT;XIRECS;27312.0;4
321952;;;ASH_COATED_OSMIUM;XIRECS;9996.0;3
322067;;;ASH_COATED_OSMIUM;XIRECS;10009.0;3
322402;;;ASH_COATED_OSMIUM;XIRECS;9996.0;2
323223;;;INTARIAN_PEPPER_ROOT;XIRECS;27311.0;3
324083;;;INTARIAN_PEPPER_ROOT;XIRECS;27314.0;5
324247;;;INTARIAN_PEPPER_ROOT;XIRECS;27319.0;5
324778;;;ASH_COATED_OSMIUM;XIRECS;10009.0;5
326116;;;ASH_COATED_OSMIUM;XIRECS;10005.0;5
328222;;;ASH_COATED_OSMIUM;XIRECS;9994.0;3
328920;;;ASH_COATED_OSMIUM;XIRECS;9989.0;9
329555;;;ASH_COATED_OSMIUM;XIRECS;10007.0;2
329802;;;INTARIAN_PEPPER_ROOT;XIRECS;27320.0;5
330996;;;INTARIAN_PEPPER_ROOT;XIRECS;27323.0;3
332169;;;INTARIAN_PEPPER_ROOT;XIRECS;27340.0;6
334261;;;INTARIAN_PEPPER_ROOT;XIRECS;27342.0;6
334313;;;INTARIAN_PEPPER_ROOT;XIRECS;27344.0;6
337371;;;ASH_COATED_OSMIUM;XIRECS;10009.0;5
337460;;;INTARIAN_PEPPER_ROOT;XIRECS;27346.0;5
339004;;;ASH_COATED_OSMIUM;XIRECS;10007.0;10
341574;;;INTARIAN_PEPPER_ROOT;XIRECS;27335.0;7
342123;;;INTARIAN_PEPPER_ROOT;XIRECS;27347.0;6
343821;;;INTARIAN_PEPPER_ROOT;XIRECS;27347.0;4
346785;;;INTARIAN_PEPPER_ROOT;XIRECS;27353.0;7
347320;;;ASH_COATED_OSMIUM;XIRECS;9992.0;5
348524;;;ASH_COATED_OSMIUM;XIRECS;9997.0;10
348536;;;ASH_COATED_OSMIUM;XIRECS;10018.0;3
349314;;;INTARIAN_PEPPER_ROOT;XIRECS;27344.0;3
349948;;;ASH_COATED_OSMIUM;XIRECS;10000.0;5
353150;;;ASH_COATED_OSMIUM;XIRECS;9996.0;6
355383;;;ASH_COATED_OSMIUM;XIRECS;10016.0;2
356306;;;ASH_COATED_OSMIUM;XIRECS;10002.0;3
357158;;;ASH_COATED_OSMIUM;XIRECS;10012.0;7
358336;;;ASH_COATED_OSMIUM;XIRECS;10020.0;6
358870;;;ASH_COATED_OSMIUM;XIRECS;10001.0;10
361099;;;ASH_COATED_OSMIUM;XIRECS;10019.0;6
361918;;;INTARIAN_PEPPER_ROOT;XIRECS;27367.0;6
365905;;;INTARIAN_PEPPER_ROOT;XIRECS;27363.0;5
368272;;;ASH_COATED_OSMIUM;XIRECS;10016.0;4
368884;;;ASH_COATED_OSMIUM;XIRECS;10017.0;4
374767;;;ASH_COATED_OSMIUM;XIRECS;10010.0;3
374782;;;ASH_COATED_OSMIUM;XIRECS;9992.0;3
376784;;;ASH_COATED_OSMIUM;XIRECS;9993.0;7
377087;;;ASH_COATED_OSMIUM;XIRECS;10010.0;10
379185;;;INTARIAN_PEPPER_ROOT;XIRECS;27378.0;6
380623;;;INTARIAN_PEPPER_ROOT;XIRECS;27379.0;4
380639;;;INTARIAN_PEPPER_ROOT;XIRECS;27391.0;7
385980;;;INTARIAN_PEPPER_ROOT;XIRECS;27378.0;7
387778;;;ASH_COATED_OSMIUM;XIRECS;9993.0;6
389829;;;ASH_COATED_OSMIUM;XIRECS;10015.0;2
394989;;;INTARIAN_PEPPER_ROOT;XIRECS;27410.0;3
396516;;;INTARIAN_PEPPER_ROOT;XIRECS;27389.0;5
397973;;;ASH_COATED_OSMIUM;XIRECS;10008.0;2
400327;;;ASH_COATED_OSMIUM;XIRECS;9997.0;2
402312;;;ASH_COATED_OSMIUM;XIRECS;10008.0;4
404316;;;ASH_COATED_OSMIUM;XIRECS;10003.0;5
404610;;;ASH_COATED_OSMIUM;XIRECS;9986.0;4
407356;;;INTARIAN_PEPPER_ROOT;XIRECS;27408.0;5
407537;;;ASH_COATED_OSMIUM;XIRECS;9983.0;3
409454;;;INTARIAN_PEPPER_ROOT;XIRECS;27401.0;3
411019;;;ASH_COATED_OSMIUM;XIRECS;10009.0;8
413713;;;ASH_COATED_OSMIUM;XIRECS;10002.0;3
414614;;;INTARIAN_PEPPER_ROOT;XIRECS;27407.0;4
415185;;;ASH_COATED_OSMIUM;XIRECS;9991.0;5
418113;;;ASH_COATED_OSMIUM;XIRECS;9984.0;7
418543;;;ASH_COATED_OSMIUM;XIRECS;9990.0;5
419318;;;INTARIAN_PEPPER_ROOT;XIRECS;27414.0;5
419343;;;ASH_COATED_OSMIUM;XIRECS;9990.0;6
421557;;;ASH_COATED_OSMIUM;XIRECS;9993.0;3
423509;;;INTARIAN_PEPPER_ROOT;XIRECS;27429.0;4
423816;;;ASH_COATED_OSMIUM;XIRECS;10011.0;5
425832;;;ASH_COATED_OSMIUM;XIRECS;10010.0;3
427961;;;ASH_COATED_OSMIUM;XIRECS;10008.0;3
429141;;;ASH_COATED_OSMIUM;XIRECS;9988.0;3
429308;;;ASH_COATED_OSMIUM;XIRECS;10004.0;6
429843;;;INTARIAN_PEPPER_ROOT;XIRECS;27422.0;7
430680;;;ASH_COATED_OSMIUM;XIRECS;10003.0;6
431948;;;ASH_COATED_OSMIUM;XIRECS;9991.0;6
436409;;;INTARIAN_PEPPER_ROOT;XIRECS;27449.0;7
436916;;;ASH_COATED_OSMIUM;XIRECS;10003.0;2
437094;;;ASH_COATED_OSMIUM;XIRECS;9986.0;9
437851;;;INTARIAN_PEPPER_ROOT;XIRECS;27433.0;6
438198;;;INTARIAN_PEPPER_ROOT;XIRECS;27445.0;6
438339;;;ASH_COATED_OSMIUM;XIRECS;9986.0;5
439158;;;INTARIAN_PEPPER_ROOT;XIRECS;27433.0;7
439862;;;INTARIAN_PEPPER_ROOT;XIRECS;27430.0;6
440274;;;ASH_COATED_OSMIUM;XIRECS;10004.0;3
440520;;;ASH_COATED_OSMIUM;XIRECS;9989.0;4
440603;;;ASH_COATED_OSMIUM;XIRECS;10006.0;6
441410;;;ASH_COATED_OSMIUM;XIRECS;10012.0;5
442156;;;ASH_COATED_OSMIUM;XIRECS;10006.0;6
446481;;;ASH_COATED_OSMIUM;XIRECS;10009.0;3
446783;;;INTARIAN_PEPPER_ROOT;XIRECS;27449.0;3
448249;;;ASH_COATED_OSMIUM;XIRECS;9991.0;3
448595;;;ASH_COATED_OSMIUM;XIRECS;9994.0;8
449534;;;ASH_COATED_OSMIUM;XIRECS;9987.0;6
449748;;;INTARIAN_PEPPER_ROOT;XIRECS;27452.0;5
450241;;;ASH_COATED_OSMIUM;XIRECS;10009.0;4
452867;;;ASH_COATED_OSMIUM;XIRECS;9992.0;4
454081;;;ASH_COATED_OSMIUM;XIRECS;9989.0;3
455332;;;INTARIAN_PEPPER_ROOT;XIRECS;27455.0;6
455452;;;ASH_COATED_OSMIUM;XIRECS;9992.0;6
458996;;;ASH_COATED_OSMIUM;XIRECS;10005.0;6
461233;;;ASH_COATED_OSMIUM;XIRECS;10012.0;2
462102;;;ASH_COATED_OSMIUM;XIRECS;10008.0;8
465312;;;INTARIAN_PEPPER_ROOT;XIRECS;27457.0;5
471910;;;INTARIAN_PEPPER_ROOT;XIRECS;27477.0;3
472939;;;ASH_COATED_OSMIUM;XIRECS;10010.0;4
473211;;;ASH_COATED_OSMIUM;XIRECS;9991.0;2
474014;;;ASH_COATED_OSMIUM;XIRECS;9992.0;7
474210;;;INTARIAN_PEPPER_ROOT;XIRECS;27480.0;7
474577;;;ASH_COATED_OSMIUM;XIRECS;9985.0;5
475955;;;ASH_COATED_OSMIUM;XIRECS;10002.0;9
479089;;;INTARIAN_PEPPER_ROOT;XIRECS;27491.0;4
479332;;;ASH_COATED_OSMIUM;XIRECS;9986.0;3
481159;;;ASH_COATED_OSMIUM;XIRECS;9988.0;4
481479;;;ASH_COATED_OSMIUM;XIRECS;9987.0;4
482941;;;INTARIAN_PEPPER_ROOT;XIRECS;27474.0;3
483041;;;INTARIAN_PEPPER_ROOT;XIRECS;27488.0;7
484046;;;INTARIAN_PEPPER_ROOT;XIRECS;27478.0;6
484123;;;INTARIAN_PEPPER_ROOT;XIRECS;27489.0;3
486001;;;INTARIAN_PEPPER_ROOT;XIRECS;27478.0;7
488226;;;INTARIAN_PEPPER_ROOT;XIRECS;27482.0;8
488279;;;INTARIAN_PEPPER_ROOT;XIRECS;27496.0;4
489494;;;ASH_COATED_OSMIUM;XIRECS;10007.0;2
489764;;;INTARIAN_PEPPER_ROOT;XIRECS;27497.0;6
490530;;;INTARIAN_PEPPER_ROOT;XIRECS;27486.0;6
491457;;;INTARIAN_PEPPER_ROOT;XIRECS;27492.0;3
495036;;;ASH_COATED_OSMIUM;XIRECS;9992.0;5
495868;;;INTARIAN_PEPPER_ROOT;XIRECS;27487.0;7
496117;;;ASH_COATED_OSMIUM;XIRECS;10001.0;9
496488;;;ASH_COATED_OSMIUM;XIRECS;10009.0;5
497632;;;INTARIAN_PEPPER_ROOT;XIRECS;27490.0;3
499421;;;INTARIAN_PEPPER_ROOT;XIRECS;27490.0;7
500146;;;ASH_COATED_OSMIUM;XIRECS;10009.0;3
500383;;;INTARIAN_PEPPER_ROOT;XIRECS;27489.0;7
507083;;;INTARIAN_PEPPER_ROOT;XIRECS;27513.0;6
508682;;;INTARIAN_PEPPER_ROOT;XIRECS;27515.0;4
511875;;;INTARIAN_PEPPER_ROOT;XIRECS;27516.0;4
512920;;;INTARIAN_PEPPER_ROOT;XIRECS;27502.0;5
516496;;;INTARIAN_PEPPER_ROOT;XIRECS;27511.0;6
516584;;;ASH_COATED_OSMIUM;XIRECS;9983.0;6
517664;;;INTARIAN_PEPPER_ROOT;XIRECS;27512.0;6
518471;;;ASH_COATED_OSMIUM;XIRECS;10000.0;5
519853;;;INTARIAN_PEPPER_ROOT;XIRECS;27521.0;7
520712;;;ASH_COATED_OSMIUM;XIRECS;10000.0;4
520871;;;INTARIAN_PEPPER_ROOT;XIRECS;27527.0;4
522807;;;INTARIAN_PEPPER_ROOT;XIRECS;27529.0;6
523497;;;ASH_COATED_OSMIUM;XIRECS;9991.0;2
523713;;;ASH_COATED_OSMIUM;XIRECS;10008.0;6
523884;;;INTARIAN_PEPPER_ROOT;XIRECS;27515.0;5
524274;;;ASH_COATED_OSMIUM;XIRECS;10002.0;2
525808;;;INTARIAN_PEPPER_ROOT;XIRECS;27522.0;7
525899;;;INTARIAN_PEPPER_ROOT;XIRECS;27535.0;3
526484;;;ASH_COATED_OSMIUM;XIRECS;10006.0;2
527392;;;INTARIAN_PEPPER_ROOT;XIRECS;27520.0;4
530424;;;ASH_COATED_OSMIUM;XIRECS;10009.0;7
530786;;;INTARIAN_PEPPER_ROOT;XIRECS;27539.0;5
531660;;;ASH_COATED_OSMIUM;XIRECS;9986.0;8
532325;;;ASH_COATED_OSMIUM;XIRECS;10007.0;6
534032;;;ASH_COATED_OSMIUM;XIRECS;9992.0;2
534662;;;ASH_COATED_OSMIUM;XIRECS;9993.0;5
535430;;;ASH_COATED_OSMIUM;XIRECS;9984.0;2
537767;;;INTARIAN_PEPPER_ROOT;XIRECS;27545.0;6
537978;;;INTARIAN_PEPPER_ROOT;XIRECS;27530.0;4
538011;;;INTARIAN_PEPPER_ROOT;XIRECS;27533.0;5
538449;;;INTARIAN_PEPPER_ROOT;XIRECS;27533.0;4
539120;;;ASH_COATED_OSMIUM;XIRECS;9984.0;6
540207;;;ASH_COATED_OSMIUM;XIRECS;9989.0;6
540647;;;INTARIAN_PEPPER_ROOT;XIRECS;27535.0;4
540766;;;ASH_COATED_OSMIUM;XIRECS;9990.0;6
541349;;;INTARIAN_PEPPER_ROOT;XIRECS;27548.0;6
541371;;;ASH_COATED_OSMIUM;XIRECS;9984.0;6
542094;;;ASH_COATED_OSMIUM;XIRECS;10007.0;2
542617;;;ASH_COATED_OSMIUM;XIRECS;10008.0;3
543126;;;ASH_COATED_OSMIUM;XIRECS;10004.0;5
543474;;;ASH_COATED_OSMIUM;XIRECS;10011.0;8
544722;;;ASH_COATED_OSMIUM;XIRECS;9986.0;5
545227;;;INTARIAN_PEPPER_ROOT;XIRECS;27552.0;7
546301;;;INTARIAN_PEPPER_ROOT;XIRECS;27539.0;3
546806;;;INTARIAN_PEPPER_ROOT;XIRECS;27543.0;7
546869;;;INTARIAN_PEPPER_ROOT;XIRECS;27555.0;4
548392;;;ASH_COATED_OSMIUM;XIRECS;9998.0;10
548601;;;INTARIAN_PEPPER_ROOT;XIRECS;27544.0;8
549016;;;INTARIAN_PEPPER_ROOT;XIRECS;27540.0;6
550036;;;INTARIAN_PEPPER_ROOT;XIRECS;27560.0;4
551854;;;ASH_COATED_OSMIUM;XIRECS;10012.0;6
552061;;;ASH_COATED_OSMIUM;XIRECS;9996.0;9
552447;;;INTARIAN_PEPPER_ROOT;XIRECS;27559.0;3
555322;;;INTARIAN_PEPPER_ROOT;XIRECS;27549.0;3
555580;;;ASH_COATED_OSMIUM;XIRECS;10000.0;2
556113;;;INTARIAN_PEPPER_ROOT;XIRECS;27569.0;6
556372;;;ASH_COATED_OSMIUM;XIRECS;10012.0;6
557834;;;ASH_COATED_OSMIUM;XIRECS;9998.0;4
561462;;;INTARIAN_PEPPER_ROOT;XIRECS;27553.0;3
562363;;;INTARIAN_PEPPER_ROOT;XIRECS;27570.0;3
562682;;;ASH_COATED_OSMIUM;XIRECS;9992.0;10
563456;;;ASH_COATED_OSMIUM;XIRECS;10008.0;9
564049;;;INTARIAN_PEPPER_ROOT;XIRECS;27573.0;6
565067;;;INTARIAN_PEPPER_ROOT;XIRECS;27557.0;5
565253;;;INTARIAN_PEPPER_ROOT;XIRECS;27574.0;6
565859;;;ASH_COATED_OSMIUM;XIRECS;10008.0;10
566391;;;INTARIAN_PEPPER_ROOT;XIRECS;27581.0;4
566645;;;ASH_COATED_OSMIUM;XIRECS;10013.0;7
567236;;;INTARIAN_PEPPER_ROOT;XIRECS;27577.0;3
567851;;;ASH_COATED_OSMIUM;XIRECS;9997.0;2
568994;;;ASH_COATED_OSMIUM;XIRECS;9991.0;2
569223;;;ASH_COATED_OSMIUM;XIRECS;10007.0;5
571501;;;INTARIAN_PEPPER_ROOT;XIRECS;27566.0;6
574007;;;ASH_COATED_OSMIUM;XIRECS;9995.0;6
574834;;;ASH_COATED_OSMIUM;XIRECS;10011.0;5
575332;;;ASH_COATED_OSMIUM;XIRECS;10014.0;9
578576;;;INTARIAN_PEPPER_ROOT;XIRECS;27575.0;6
580935;;;ASH_COATED_OSMIUM;XIRECS;9995.0;7
581927;;;ASH_COATED_OSMIUM;XIRECS;10006.0;9
582372;;;INTARIAN_PEPPER_ROOT;XIRECS;27592.0;3
583544;;;INTARIAN_PEPPER_ROOT;XIRECS;27592.0;3
584005;;;ASH_COATED_OSMIUM;XIRECS;9990.0;3
586310;;;INTARIAN_PEPPER_ROOT;XIRECS;27580.0;5
586942;;;ASH_COATED_OSMIUM;XIRECS;10010.0;5
587301;;;INTARIAN_PEPPER_ROOT;XIRECS;27583.0;6
587562;;;INTARIAN_PEPPER_ROOT;XIRECS;27580.0;7
592288;;;INTARIAN_PEPPER_ROOT;XIRECS;27596.0;7
593036;;;ASH_COATED_OSMIUM;XIRECS;10002.0;3
595067;;;INTARIAN_PEPPER_ROOT;XIRECS;27593.0;6
595481;;;INTARIAN_PEPPER_ROOT;XIRECS;27588.0;3
596076;;;ASH_COATED_OSMIUM;XIRECS;10007.0;4
596431;;;ASH_COATED_OSMIUM;XIRECS;10008.0;5
603777;;;ASH_COATED_OSMIUM;XIRECS;9994.0;3
604096;;;INTARIAN_PEPPER_ROOT;XIRECS;27607.0;3
605602;;;ASH_COATED_OSMIUM;XIRECS;9990.0;9
605995;;;ASH_COATED_OSMIUM;XIRECS;9995.0;6
607142;;;INTARIAN_PEPPER_ROOT;XIRECS;27600.0;6
607623;;;INTARIAN_PEPPER_ROOT;XIRECS;27617.0;3
608306;;;ASH_COATED_OSMIUM;XIRECS;10004.0;4
609375;;;ASH_COATED_OSMIUM;XIRECS;10009.0;8
609885;;;ASH_COATED_OSMIUM;XIRECS;10007.0;3
611530;;;INTARIAN_PEPPER_ROOT;XIRECS;27604.0;5
612711;;;ASH_COATED_OSMIUM;XIRECS;9993.0;4
612797;;;ASH_COATED_OSMIUM;XIRECS;10009.0;3
613537;;;INTARIAN_PEPPER_ROOT;XIRECS;27608.0;6
615507;;;INTARIAN_PEPPER_ROOT;XIRECS;27623.0;4
618641;;;INTARIAN_PEPPER_ROOT;XIRECS;27629.0;5
618834;;;ASH_COATED_OSMIUM;XIRECS;9987.0;3
619272;;;ASH_COATED_OSMIUM;XIRECS;10003.0;5
619860;;;ASH_COATED_OSMIUM;XIRECS;9989.0;4
620869;;;ASH_COATED_OSMIUM;XIRECS;10006.0;6
620912;;;ASH_COATED_OSMIUM;XIRECS;10011.0;2
623018;;;INTARIAN_PEPPER_ROOT;XIRECS;27629.0;4
624006;;;INTARIAN_PEPPER_ROOT;XIRECS;27620.0;4
626653;;;INTARIAN_PEPPER_ROOT;XIRECS;27615.0;6
627858;;;ASH_COATED_OSMIUM;XIRECS;9993.0;8
628813;;;INTARIAN_PEPPER_ROOT;XIRECS;27616.0;6
629121;;;INTARIAN_PEPPER_ROOT;XIRECS;27635.0;5
629319;;;ASH_COATED_OSMIUM;XIRECS;9997.0;8
629578;;;ASH_COATED_OSMIUM;XIRECS;9996.0;5
632533;;;INTARIAN_PEPPER_ROOT;XIRECS;27624.0;8
633084;;;INTARIAN_PEPPER_ROOT;XIRECS;27640.0;4
636552;;;ASH_COATED_OSMIUM;XIRECS;10008.0;6
636687;;;ASH_COATED_OSMIUM;XIRECS;10005.0;3
637824;;;ASH_COATED_OSMIUM;XIRECS;10007.0;4
642903;;;INTARIAN_PEPPER_ROOT;XIRECS;27648.0;5
642958;;;INTARIAN_PEPPER_ROOT;XIRECS;27634.0;3
643767;;;INTARIAN_PEPPER_ROOT;XIRECS;27650.0;3
650473;;;INTARIAN_PEPPER_ROOT;XIRECS;27644.0;3
650591;;;ASH_COATED_OSMIUM;XIRECS;9992.0;4
651737;;;ASH_COATED_OSMIUM;XIRECS;10011.0;6
652128;;;ASH_COATED_OSMIUM;XIRECS;9995.0;4
652324;;;ASH_COATED_OSMIUM;XIRECS;10008.0;2
653135;;;INTARIAN_PEPPER_ROOT;XIRECS;27659.0;6
654391;;;INTARIAN_PEPPER_ROOT;XIRECS;27664.0;3
657603;;;ASH_COATED_OSMIUM;XIRECS;10007.0;10
658896;;;INTARIAN_PEPPER_ROOT;XIRECS;27667.0;4
661446;;;INTARIAN_PEPPER_ROOT;XIRECS;27667.0;3
662537;;;INTARIAN_PEPPER_ROOT;XIRECS;27671.0;5
663202;;;ASH_COATED_OSMIUM;XIRECS;9992.0;2
663598;;;ASH_COATED_OSMIUM;XIRECS;10013.0;3
663804;;;INTARIAN_PEPPER_ROOT;XIRECS;27670.0;5
664202;;;INTARIAN_PEPPER_ROOT;XIRECS;27659.0;6
665539;;;INTARIAN_PEPPER_ROOT;XIRECS;27667.0;5
666415;;;INTARIAN_PEPPER_ROOT;XIRECS;27661.0;3
666465;;;ASH_COATED_OSMIUM;XIRECS;10003.0;6
666867;;;ASH_COATED_OSMIUM;XIRECS;10009.0;10
667848;;;ASH_COATED_OSMIUM;XIRECS;10014.0;6
668110;;;ASH_COATED_OSMIUM;XIRECS;9993.0;5
668613;;;INTARIAN_PEPPER_ROOT;XIRECS;27676.0;7
669089;;;INTARIAN_PEPPER_ROOT;XIRECS;27664.0;7
670267;;;INTARIAN_PEPPER_ROOT;XIRECS;27673.0;3
672610;;;ASH_COATED_OSMIUM;XIRECS;10006.0;9
672703;;;INTARIAN_PEPPER_ROOT;XIRECS;27667.0;6
673434;;;ASH_COATED_OSMIUM;XIRECS;9997.0;2
674096;;;INTARIAN_PEPPER_ROOT;XIRECS;27680.0;5
674973;;;ASH_COATED_OSMIUM;XIRECS;10004.0;7
676679;;;INTARIAN_PEPPER_ROOT;XIRECS;27685.0;3
681373;;;INTARIAN_PEPPER_ROOT;XIRECS;27674.0;5
681629;;;ASH_COATED_OSMIUM;XIRECS;9994.0;3
685995;;;ASH_COATED_OSMIUM;XIRECS;9987.0;6
686801;;;ASH_COATED_OSMIUM;XIRECS;9988.0;2
688070;;;INTARIAN_PEPPER_ROOT;XIRECS;27684.0;3
688340;;;ASH_COATED_OSMIUM;XIRECS;9986.0;2
690856;;;INTARIAN_PEPPER_ROOT;XIRECS;27697.0;6
693215;;;ASH_COATED_OSMIUM;XIRECS;9993.0;3
694911;;;INTARIAN_PEPPER_ROOT;XIRECS;27687.0;8
695652;;;INTARIAN_PEPPER_ROOT;XIRECS;27682.0;4
695720;;;ASH_COATED_OSMIUM;XIRECS;9993.0;9
696056;;;ASH_COATED_OSMIUM;XIRECS;10005.0;7
696277;;;INTARIAN_PEPPER_ROOT;XIRECS;27701.0;6
696976;;;INTARIAN_PEPPER_ROOT;XIRECS;27701.0;5
704207;;;INTARIAN_PEPPER_ROOT;XIRECS;27709.0;5
705618;;;ASH_COATED_OSMIUM;XIRECS;9988.0;5
705725;;;INTARIAN_PEPPER_ROOT;XIRECS;27712.0;7
705851;;;ASH_COATED_OSMIUM;XIRECS;10004.0;9
705961;;;ASH_COATED_OSMIUM;XIRECS;9993.0;3
706102;;;ASH_COATED_OSMIUM;XIRECS;9991.0;4
707319;;;INTARIAN_PEPPER_ROOT;XIRECS;27701.0;6
708084;;;INTARIAN_PEPPER_ROOT;XIRECS;27696.0;5
710374;;;INTARIAN_PEPPER_ROOT;XIRECS;27718.0;7
713664;;;ASH_COATED_OSMIUM;XIRECS;9985.0;4
714033;;;ASH_COATED_OSMIUM;XIRECS;10002.0;4
716130;;;ASH_COATED_OSMIUM;XIRECS;9986.0;8
716677;;;ASH_COATED_OSMIUM;XIRECS;10009.0;5
717458;;;ASH_COATED_OSMIUM;XIRECS;10009.0;5
718585;;;INTARIAN_PEPPER_ROOT;XIRECS;27718.0;7
720026;;;INTARIAN_PEPPER_ROOT;XIRECS;27730.0;5
720092;;;INTARIAN_PEPPER_ROOT;XIRECS;27730.0;6
720806;;;ASH_COATED_OSMIUM;XIRECS;9988.0;5
721636;;;INTARIAN_PEPPER_ROOT;XIRECS;27713.0;4
721860;;;ASH_COATED_OSMIUM;XIRECS;10009.0;4
722524;;;INTARIAN_PEPPER_ROOT;XIRECS;27729.0;5
723803;;;ASH_COATED_OSMIUM;XIRECS;10007.0;2
724752;;;ASH_COATED_OSMIUM;XIRECS;10008.0;4
725557;;;INTARIAN_PEPPER_ROOT;XIRECS;27719.0;4
725571;;;INTARIAN_PEPPER_ROOT;XIRECS;27719.0;6
725608;;;ASH_COATED_OSMIUM;XIRECS;10001.0;5
726375;;;INTARIAN_PEPPER_ROOT;XIRECS;27728.0;3
730076;;;ASH_COATED_OSMIUM;XIRECS;9987.0;3
730164;;;ASH_COATED_OSMIUM;XIRECS;10005.0;3
731728;;;ASH_COATED_OSMIUM;XIRECS;10001.0;5
732094;;;INTARIAN_PEPPER_ROOT;XIRECS;27723.0;7
732257;;;ASH_COATED_OSMIUM;XIRECS;9998.0;7
733760;;;ASH_COATED_OSMIUM;XIRECS;10002.0;5
735889;;;ASH_COATED_OSMIUM;XIRECS;9988.0;2
737574;;;INTARIAN_PEPPER_ROOT;XIRECS;27729.0;3
737670;;;ASH_COATED_OSMIUM;XIRECS;10002.0;4
737826;;;ASH_COATED_OSMIUM;XIRECS;10002.0;3
741197;;;ASH_COATED_OSMIUM;XIRECS;9986.0;7
742009;;;ASH_COATED_OSMIUM;XIRECS;10006.0;3
742412;;;ASH_COATED_OSMIUM;XIRECS;9990.0;5
744581;;;ASH_COATED_OSMIUM;XIRECS;10003.0;7
747404;;;INTARIAN_PEPPER_ROOT;XIRECS;27737.0;3
748436;;;INTARIAN_PEPPER_ROOT;XIRECS;27744.0;7
750500;;;ASH_COATED_OSMIUM;XIRECS;9986.0;8
751160;;;ASH_COATED_OSMIUM;XIRECS;9980.0;2
753619;;;INTARIAN_PEPPER_ROOT;XIRECS;27749.0;6
760052;;;ASH_COATED_OSMIUM;XIRECS;9998.0;4
761405;;;INTARIAN_PEPPER_ROOT;XIRECS;27763.0;3
761640;;;INTARIAN_PEPPER_ROOT;XIRECS;27768.0;5
762685;;;INTARIAN_PEPPER_ROOT;XIRECS;27766.0;5
764228;;;INTARIAN_PEPPER_ROOT;XIRECS;27755.0;3
767677;;;INTARIAN_PEPPER_ROOT;XIRECS;27775.0;7
769457;;;ASH_COATED_OSMIUM;XIRECS;9978.0;4
769762;;;ASH_COATED_OSMIUM;XIRECS;9982.0;5
771807;;;INTARIAN_PEPPER_ROOT;XIRECS;27776.0;7
773948;;;INTARIAN_PEPPER_ROOT;XIRECS;27766.0;5
775971;;;ASH_COATED_OSMIUM;XIRECS;10007.0;4
777234;;;INTARIAN_PEPPER_ROOT;XIRECS;27775.0;3
777288;;;INTARIAN_PEPPER_ROOT;XIRECS;27775.0;7
778531;;;INTARIAN_PEPPER_ROOT;XIRECS;27782.0;4
778704;;;ASH_COATED_OSMIUM;XIRECS;9991.0;2
779261;;;INTARIAN_PEPPER_ROOT;XIRECS;27780.0;4
780675;;;ASH_COATED_OSMIUM;XIRECS;10002.0;5
781255;;;INTARIAN_PEPPER_ROOT;XIRECS;27786.0;8
783541;;;ASH_COATED_OSMIUM;XIRECS;10004.0;2
785426;;;ASH_COATED_OSMIUM;XIRECS;10002.0;3
785658;;;ASH_COATED_OSMIUM;XIRECS;10001.0;2
789335;;;ASH_COATED_OSMIUM;XIRECS;10001.0;7
790681;;;INTARIAN_PEPPER_ROOT;XIRECS;27787.0;6
791109;;;INTARIAN_PEPPER_ROOT;XIRECS;27800.0;3
791365;;;INTARIAN_PEPPER_ROOT;XIRECS;27799.0;4
791379;;;ASH_COATED_OSMIUM;XIRECS;10008.0;5
791993;;;ASH_COATED_OSMIUM;XIRECS;10007.0;4
794047;;;INTARIAN_PEPPER_ROOT;XIRECS;27792.0;6
794232;;;INTARIAN_PEPPER_ROOT;XIRECS;27799.0;7
795116;;;INTARIAN_PEPPER_ROOT;XIRECS;27788.0;7
795426;;;INTARIAN_PEPPER_ROOT;XIRECS;27785.0;7
795768;;;INTARIAN_PEPPER_ROOT;XIRECS;27803.0;5
797569;;;INTARIAN_PEPPER_ROOT;XIRECS;27805.0;3
798526;;;ASH_COATED_OSMIUM;XIRECS;10005.0;6
798578;;;INTARIAN_PEPPER_ROOT;XIRECS;27794.0;5
800366;;;ASH_COATED_OSMIUM;XIRECS;10003.0;2
800558;;;INTARIAN_PEPPER_ROOT;XIRECS;27804.0;4
800652;;;INTARIAN_PEPPER_ROOT;XIRECS;27794.0;5
803589;;;ASH_COATED_OSMIUM;XIRECS;10009.0;4
803645;;;INTARIAN_PEPPER_ROOT;XIRECS;27791.0;3
803809;;;ASH_COATED_OSMIUM;XIRECS;9998.0;8
804542;;;INTARIAN_PEPPER_ROOT;XIRECS;27798.0;7
805394;;;ASH_COATED_OSMIUM;XIRECS;9996.0;4
806243;;;INTARIAN_PEPPER_ROOT;XIRECS;27798.0;6
809023;;;INTARIAN_PEPPER_ROOT;XIRECS;27804.0;6
809272;;;ASH_COATED_OSMIUM;XIRECS;10014.0;8
809985;;;ASH_COATED_OSMIUM;XIRECS;9991.0;3
811691;;;ASH_COATED_OSMIUM;XIRECS;10007.0;4
813671;;;INTARIAN_PEPPER_ROOT;XIRECS;27809.0;3
814433;;;INTARIAN_PEPPER_ROOT;XIRECS;27810.0;3
817014;;;INTARIAN_PEPPER_ROOT;XIRECS;27823.0;7
818462;;;ASH_COATED_OSMIUM;XIRECS;9993.0;9
820061;;;INTARIAN_PEPPER_ROOT;XIRECS;27817.0;3
823078;;;INTARIAN_PEPPER_ROOT;XIRECS;27827.0;6
823360;;;ASH_COATED_OSMIUM;XIRECS;9990.0;5
823625;;;ASH_COATED_OSMIUM;XIRECS;9996.0;3
824198;;;ASH_COATED_OSMIUM;XIRECS;9998.0;3
825909;;;ASH_COATED_OSMIUM;XIRECS;10005.0;4
830749;;;INTARIAN_PEPPER_ROOT;XIRECS;27826.0;3
832632;;;ASH_COATED_OSMIUM;XIRECS;9993.0;5
833742;;;INTARIAN_PEPPER_ROOT;XIRECS;27825.0;7
836174;;;ASH_COATED_OSMIUM;XIRECS;10001.0;5
837925;;;ASH_COATED_OSMIUM;XIRECS;9987.0;6
838987;;;ASH_COATED_OSMIUM;XIRECS;9990.0;7
839586;;;ASH_COATED_OSMIUM;XIRECS;9990.0;6
840221;;;INTARIAN_PEPPER_ROOT;XIRECS;27832.0;7
840989;;;INTARIAN_PEPPER_ROOT;XIRECS;27847.0;5
841655;;;INTARIAN_PEPPER_ROOT;XIRECS;27835.0;3
843120;;;ASH_COATED_OSMIUM;XIRECS;10002.0;4
844566;;;ASH_COATED_OSMIUM;XIRECS;10009.0;10
846830;;;ASH_COATED_OSMIUM;XIRECS;9999.0;2
848611;;;INTARIAN_PEPPER_ROOT;XIRECS;27846.0;7
849055;;;ASH_COATED_OSMIUM;XIRECS;9993.0;7
849508;;;ASH_COATED_OSMIUM;XIRECS;9994.0;8
849908;;;INTARIAN_PEPPER_ROOT;XIRECS;27857.0;5
850147;;;ASH_COATED_OSMIUM;XIRECS;9991.0;4
851436;;;ASH_COATED_OSMIUM;XIRECS;10005.0;10
853420;;;ASH_COATED_OSMIUM;XIRECS;10004.0;9
856023;;;ASH_COATED_OSMIUM;XIRECS;10007.0;5
857310;;;ASH_COATED_OSMIUM;XIRECS;9992.0;2
858180;;;ASH_COATED_OSMIUM;XIRECS;9988.0;9
859340;;;INTARIAN_PEPPER_ROOT;XIRECS;27852.0;5
860075;;;ASH_COATED_OSMIUM;XIRECS;10006.0;3
865490;;;ASH_COATED_OSMIUM;XIRECS;10011.0;9
867934;;;ASH_COATED_OSMIUM;XIRECS;10005.0;6
869770;;;ASH_COATED_OSMIUM;XIRECS;10004.0;4
871311;;;INTARIAN_PEPPER_ROOT;XIRECS;27859.0;6
873178;;;ASH_COATED_OSMIUM;XIRECS;9994.0;4
873191;;;ASH_COATED_OSMIUM;XIRECS;9994.0;10
873258;;;INTARIAN_PEPPER_ROOT;XIRECS;27877.0;7
874757;;;ASH_COATED_OSMIUM;XIRECS;10010.0;6
883067;;;INTARIAN_PEPPER_ROOT;XIRECS;27881.0;4
884163;;;ASH_COATED_OSMIUM;XIRECS;9995.0;5
884286;;;INTARIAN_PEPPER_ROOT;XIRECS;27889.0;2
887877;;;INTARIAN_PEPPER_ROOT;XIRECS;27891.0;5
889596;;;ASH_COATED_OSMIUM;XIRECS;10006.0;4
889879;;;INTARIAN_PEPPER_ROOT;XIRECS;27880.0;4
890725;;;ASH_COATED_OSMIUM;XIRECS;9990.0;9
890823;;;ASH_COATED_OSMIUM;XIRECS;9985.0;5
894016;;;ASH_COATED_OSMIUM;XIRECS;9987.0;4
894627;;;ASH_COATED_OSMIUM;XIRECS;10003.0;9
896754;;;ASH_COATED_OSMIUM;XIRECS;9987.0;9
897500;;;ASH_COATED_OSMIUM;XIRECS;9986.0;6
897672;;;ASH_COATED_OSMIUM;XIRECS;10003.0;6
898982;;;INTARIAN_PEPPER_ROOT;XIRECS;27892.0;7
899143;;;INTARIAN_PEPPER_ROOT;XIRECS;27892.0;6
900529;;;ASH_COATED_OSMIUM;XIRECS;10009.0;10
900550;;;INTARIAN_PEPPER_ROOT;XIRECS;27897.0;5
901287;;;INTARIAN_PEPPER_ROOT;XIRECS;27904.0;6
901723;;;ASH_COATED_OSMIUM;XIRECS;9988.0;2
902560;;;ASH_COATED_OSMIUM;XIRECS;9993.0;5
904487;;;ASH_COATED_OSMIUM;XIRECS;9988.0;3
906297;;;ASH_COATED_OSMIUM;XIRECS;10011.0;3
906782;;;ASH_COATED_OSMIUM;XIRECS;9993.0;5
909636;;;ASH_COATED_OSMIUM;XIRECS;9992.0;5
911525;;;ASH_COATED_OSMIUM;XIRECS;10010.0;5
913065;;;ASH_COATED_OSMIUM;XIRECS;10013.0;8
914943;;;ASH_COATED_OSMIUM;XIRECS;9997.0;2
916832;;;ASH_COATED_OSMIUM;XIRECS;9996.0;4
917478;;;ASH_COATED_OSMIUM;XIRECS;10014.0;7
918692;;;INTARIAN_PEPPER_ROOT;XIRECS;27925.0;6
919692;;;INTARIAN_PEPPER_ROOT;XIRECS;27925.0;7
920351;;;INTARIAN_PEPPER_ROOT;XIRECS;27919.0;4
920858;;;ASH_COATED_OSMIUM;XIRECS;9996.0;7
923597;;;ASH_COATED_OSMIUM;XIRECS;10018.0;6
925830;;;ASH_COATED_OSMIUM;XIRECS;10009.0;4
927781;;;INTARIAN_PEPPER_ROOT;XIRECS;27931.0;6
927976;;;ASH_COATED_OSMIUM;XIRECS;9994.0;5
929367;;;ASH_COATED_OSMIUM;XIRECS;10014.0;4
930800;;;ASH_COATED_OSMIUM;XIRECS;10005.0;2
931709;;;INTARIAN_PEPPER_ROOT;XIRECS;27923.0;6
931984;;;ASH_COATED_OSMIUM;XIRECS;9996.0;9
935116;;;INTARIAN_PEPPER_ROOT;XIRECS;27944.0;5
936938;;;ASH_COATED_OSMIUM;XIRECS;9993.0;5
938422;;;ASH_COATED_OSMIUM;XIRECS;10010.0;6
940103;;;ASH_COATED_OSMIUM;XIRECS;10013.0;3
941619;;;INTARIAN_PEPPER_ROOT;XIRECS;27949.0;7
944998;;;INTARIAN_PEPPER_ROOT;XIRECS;27946.0;5
946984;;;ASH_COATED_OSMIUM;XIRECS;9990.0;9
950005;;;INTARIAN_PEPPER_ROOT;XIRECS;27941.0;5
950282;;;ASH_COATED_OSMIUM;XIRECS;9993.0;4
950969;;;INTARIAN_PEPPER_ROOT;XIRECS;27946.0;5
951015;;;INTARIAN_PEPPER_ROOT;XIRECS;27955.0;4
953489;;;ASH_COATED_OSMIUM;XIRECS;9998.0;5
954271;;;INTARIAN_PEPPER_ROOT;XIRECS;27960.0;7
955829;;;ASH_COATED_OSMIUM;XIRECS;10008.0;6
956828;;;ASH_COATED_OSMIUM;XIRECS;10007.0;5
957367;;;ASH_COATED_OSMIUM;XIRECS;9997.0;4
957768;;;ASH_COATED_OSMIUM;XIRECS;9994.0;6
963215;;;INTARIAN_PEPPER_ROOT;XIRECS;27955.0;5
963583;;;ASH_COATED_OSMIUM;XIRECS;9996.0;6
964821;;;INTARIAN_PEPPER_ROOT;XIRECS;27956.0;6
967008;;;INTARIAN_PEPPER_ROOT;XIRECS;27962.0;3
967238;;;ASH_COATED_OSMIUM;XIRECS;10010.0;7
968102;;;INTARIAN_PEPPER_ROOT;XIRECS;27962.0;7
968163;;;ASH_COATED_OSMIUM;XIRECS;9997.0;6
968677;;;INTARIAN_PEPPER_ROOT;XIRECS;27977.0;5
968772;;;INTARIAN_PEPPER_ROOT;XIRECS;27971.0;5
973405;;;INTARIAN_PEPPER_ROOT;XIRECS;27979.0;4
975500;;;INTARIAN_PEPPER_ROOT;XIRECS;27984.0;6
978800;;;INTARIAN_PEPPER_ROOT;XIRECS;27984.0;3
979254;;;ASH_COATED_OSMIUM;XIRECS;10009.0;4
979436;;;INTARIAN_PEPPER_ROOT;XIRECS;27974.0;6
981828;;;ASH_COATED_OSMIUM;XIRECS;9999.0;3
984058;;;INTARIAN_PEPPER_ROOT;XIRECS;27991.0;7
986561;;;INTARIAN_PEPPER_ROOT;XIRECS;27995.0;7
987301;;;INTARIAN_PEPPER_ROOT;XIRECS;27985.0;6
988936;;;INTARIAN_PEPPER_ROOT;XIRECS;27991.0;4
988992;;;ASH_COATED_OSMIUM;XIRECS;9998.0;3
989449;;;ASH_COATED_OSMIUM;XIRECS;9998.0;3
990739;;;INTARIAN_PEPPER_ROOT;XIRECS;27996.0;4
992179;;;INTARIAN_PEPPER_ROOT;XIRECS;27984.0;7
995065;;;INTARIAN_PEPPER_ROOT;XIRECS;28002.0;3
996397;;;INTARIAN_PEPPER_ROOT;XIRECS;27989.0;3
998444;;;ASH_COATED_OSMIUM;XIRECS;9992.0;5