timestamp;buyer;seller;symbol;currency;price;quantity
101;;;INTARIAN_PEPPER_ROOT;XIRECS;55992.0;5
1840;;;ASH_COATED_OSMIUM;XIRECS;9989.0;5
2098;;;ASH_COATED_OSMIUM;XIRECS;9989.0;3
2159;;;ASH_COATED_OSMIUM;XIRECS;10007.0;8
2590;;;INTARIAN_PEPPER_ROOT;XIRECS;56010.0;3
2644;;;ASH_COATED_OSMIUM;XIRECS;10002.0;3
3687;;;ASH_COATED_OSMIUM;XIRECS;10008.0;6
6787;;;INTARIAN_PEPPER_ROOT;XIRECS;56016.0;4
6919;;;ASH_COATED_OSMIUM;XIRECS;9995.0;4
7333;;;ASH_COATED_OSMIUM;XIRECS;9991.0;4
8655;;;ASH_COATED_OSMIUM;XIRECS;10011.0;5
11753;;;INTARIAN_PEPPER_ROOT;XIRECS;56019.0;3
14334;;;INTARIAN_PEPPER_ROOT;XIRECS;56009.0;3
15692;;;ASH_COATED_OSMIUM;XIRECS;9991.0;8
15936;;;INTARIAN_PEPPER_ROOT;XIRECS;56023.0;5
16821;;;ASH_COATED_OSMIUM;XIRECS;10013.0;4
17743;;;ASH_COATED_OSMIUM;XIRECS;9993.0;7
18626;;;INTARIAN_PEPPER_ROOT;XIRECS;56007.0;5
19783;;;ASH_COATED_OSMIUM;XIRECS;9996.0;8
21780;;;INTARIAN_PEPPER_ROOT;XIRECS;56024.0;4
22309;;;INTARIAN_PEPPER_ROOT;XIRECS;56018.0;3
22772;;;INTARIAN_PEPPER_ROOT;XIRECS;56030.0;5
23372;;;ASH_COATED_OSMIUM;XIRECS;9995.0;2
26902;;;INTARIAN_PEPPER_ROOT;XIRECS;56029.0;4
27018;;;ASH_COATED_OSMIUM;XIRECS;10003.0;5
28145;;;ASH_COATED_OSMIUM;XIRECS;9999.0;3
28551;;;INTARIAN_PEPPER_ROOT;XIRECS;56020.0;8
28902;;;ASH_COATED_OSMIUM;XIRECS;10009.0;4
29145;;;INTARIAN_PEPPER_ROOT;XIRECS;56033.0;7
30450;;;INTARIAN_PEPPER_ROOT;XIRECS;56021.0;3
33390;;;ASH_COATED_OSMIUM;XIRECS;10001.0;4
33711;;;INTARIAN_PEPPER_ROOT;XIRECS;56043.0;3
35268;;;ASH_COATED_OSMIUM;XIRECS;10002.0;5
36292;;;INTARIAN_PEPPER_ROOT;XIRECS;56041.0;5
38306;;;ASH_COATED_OSMIUM;XIRECS;9980.0;10
39549;;;ASH_COATED_OSMIUM;XIRECS;10009.0;6
40721;;;ASH_COATED_OSMIUM;XIRECS;9983.0;3
42468;;;ASH_COATED_OSMIUM;XIRECS;9987.0;4
42532;;;ASH_COATED_OSMIUM;XIRECS;9993.0;6
42952;;;ASH_COATED_OSMIUM;XIRECS;9979.0;5
44273;;;INTARIAN_PEPPER_ROOT;XIRECS;56036.0;7
45006;;;INTARIAN_PEPPER_ROOT;XIRECS;56052.0;7
45659;;;ASH_COATED_OSMIUM;XIRECS;10002.0;3
45729;;;ASH_COATED_OSMIUM;XIRECS;10002.0;2
46825;;;INTARIAN_PEPPER_ROOT;XIRECS;56053.0;7
46925;;;INTARIAN_PEPPER_ROOT;XIRECS;56051.0;5
49676;;;ASH_COATED_OSMIUM;XIRECS;10000.0;7
49995;;;ASH_COATED_OSMIUM;XIRECS;9985.0;5
53193;;;INTARIAN_PEPPER_ROOT;XIRECS;56060.0;6
53310;;;INTARIAN_PEPPER_ROOT;XIRECS;56044.0;7
54024;;;INTARIAN_PEPPER_ROOT;XIRECS;56051.0;4
57239;;;INTARIAN_PEPPER_ROOT;XIRECS;56060.0;4
58454;;;ASH_COATED_OSMIUM;XIRECS;10007.0;3
59273;;;INTARIAN_PEPPER_ROOT;XIRECS;56051.0;8
60263;;;ASH_COATED_OSMIUM;XIRECS;10015.0;6
63982;;;INTARIAN_PEPPER_ROOT;XIRECS;56059.0;6
64104;;;ASH_COATED_OSMIUM;XIRECS;10000.0;5
65787;;;INTARIAN_PEPPER_ROOT;XIRECS;56071.0;7
66604;;;ASH_COATED_OSMIUM;XIRECS;9994.0;4
68074;;;ASH_COATED_OSMIUM;XIRECS;10002.0;4
74472;;;INTARIAN_PEPPER_ROOT;XIRECS;56062.0;3
75565;;;INTARIAN_PEPPER_ROOT;XIRECS;56081.0;3
76124;;;ASH_COATED_OSMIUM;XIRECS;10010.0;2
77043;;;INTARIAN_PEPPER_ROOT;XIRECS;56071.0;3
79670;;;INTARIAN_PEPPER_ROOT;XIRECS;56082.0;6
80961;;;ASH_COATED_OSMIUM;XIRECS;9997.0;6
82105;;;ASH_COATED_OSMIUM;XIRECS;9999.0;2
83061;;;ASH_COATED_OSMIUM;XIRECS;9991.0;6
87502;;;ASH_COATED_OSMIUM;XIRECS;9987.0;6
88878;;;ASH_COATED_OSMIUM;XIRECS;9998.0;10
89166;;;INTARIAN_PEPPER_ROOT;XIRECS;56096.0;3
91615;;;INTARIAN_PEPPER_ROOT;XIRECS;56085.0;4
91774;;;INTARIAN_PEPPER_ROOT;XIRECS;56088.0;7
93606;;;ASH_COATED_OSMIUM;XIRECS;10007.0;8
97862;;;ASH_COATED_OSMIUM;XIRECS;9996.0;4
99567;;;ASH_COATED_OSMIUM;XIRECS;9999.0;3
99929;;;ASH_COATED_OSMIUM;XIRECS;9989.0;9
100744;;;INTARIAN_PEPPER_ROOT;XIRECS;56099.0;6
102083;;;ASH_COATED_OSMIUM;XIRECS;9994.0;3
105589;;;INTARIAN_PEPPER_ROOT;XIRECS;56097.0;4
106976;;;INTARIAN_PEPPER_ROOT;XIRECS;56100.0;5
107684;;;INTARIAN_PEPPER_ROOT;XIRECS;56113.0;4
108348;;;INTARIAN_PEPPER_ROOT;XIRECS;56105.0;6
111168;;;ASH_COATED_OSMIUM;XIRECS;9998.0;3
111628;;;ASH_COATED_OSMIUM;XIRECS;9991.0;3
115455;;;ASH_COATED_OSMIUM;XIRECS;10005.0;9
116485;;;INTARIAN_PEPPER_ROOT;XIRECS;56125.0;6
119470;;;ASH_COATED_OSMIUM;XIRECS;10008.0;3
119939;;;ASH_COATED_OSMIUM;XIRECS;10004.0;5
120204;;;ASH_COATED_OSMIUM;XIRECS;10005.0;6
120935;;;ASH_COATED_OSMIUM;XIRECS;9994.0;9
123331;;;ASH_COATED_OSMIUM;XIRECS;10011.0;10
123356;;;ASH_COATED_OSMIUM;XIRECS;10011.0;6
124182;;;ASH_COATED_OSMIUM;XIRECS;10006.0;6
126778;;;INTARIAN_PEPPER_ROOT;XIRECS;56137.0;3
126911;;;ASH_COATED_OSMIUM;XIRECS;9989.0;3
130316;;;INTARIAN_PEPPER_ROOT;XIRECS;56124.0;7
130769;;;INTARIAN_PEPPER_ROOT;XIRECS;56136.0;8
130988;;;ASH_COATED_OSMIUM;XIRECS;9988.0;5
133304;;;INTARIAN_PEPPER_ROOT;XIRECS;56141.0;8
134226;;;INTARIAN_PEPPER_ROOT;XIRECS;56142.0;7
134756;;;INTARIAN_PEPPER_ROOT;XIRECS;56142.0;5
136014;;;INTARIAN_PEPPER_ROOT;XIRECS;56142.0;6
136650;;;INTARIAN_PEPPER_ROOT;XIRECS;56128.0;3
136793;;;INTARIAN_PEPPER_ROOT;XIRECS;56140.0;3
137753;;;ASH_COATED_OSMIUM;XIRECS;9989.0;5
146209;;;INTARIAN_PEPPER_ROOT;XIRECS;56153.0;5
148231;;;ASH_COATED_OSMIUM;XIRECS;9994.0;6
148236;;;ASH_COATED_OSMIUM;XIRECS;10007.0;5
148240;;;ASH_COATED_OSMIUM;XIRECS;10007.0;7
148468;;;INTARIAN_PEPPER_ROOT;XIRECS;56142.0;4
150972;;;INTARIAN_PEPPER_ROOT;XIRECS;56141.0;7
151548;;;ASH_COATED_OSMIUM;XIRECS;9992.0;3
152352;;;ASH_COATED_OSMIUM;XIRECS;9992.0;6
153297;;;INTARIAN_PEPPER_ROOT;XIRECS;56148.0;7
154919;;;ASH_COATED_OSMIUM;XIRECS;10005.0;4
155866;;;INTARIAN_PEPPER_ROOT;XIRECS;56148.0;3
155875;;;ASH_COATED_OSMIUM;XIRECS;10010.0;7
156410;;;INTARIAN_PEPPER_ROOT;XIRECS;56159.0;5
158475;;;ASH_COATED_OSMIUM;XIRECS;10002.0;3
158629;;;INTARIAN_PEPPER_ROOT;XIRECS;56150.0;5
160911;;;ASH_COATED_OSMIUM;XIRECS;10005.0;7
161922;;;ASH_COATED_OSMIUM;XIRECS;9990.0;5
162095;;;INTARIAN_PEPPER_ROOT;XIRECS;56153.0;4
162578;;;INTARIAN_PEPPER_ROOT;XIRECS;56171.0;7
163929;;;ASH_COATED_OSMIUM;XIRECS;10011.0;6
165643;;;ASH_COATED_OSMIUM;XIRECS;9988.0;3
166754;;;ASH_COATED_OSMIUM;XIRECS;10007.0;3
167086;;;INTARIAN_PEPPER_ROOT;XIRECS;56161.0;6
170259;;;INTARIAN_PEPPER_ROOT;XIRECS;56159.0;7
173550;;;ASH_COATED_OSMIUM;XIRECS;9985.0;2
176575;;;ASH_COATED_OSMIUM;XIRECS;10019.0;3
177269;;;ASH_COATED_OSMIUM;XIRECS;10012.0;10
179440;;;INTARIAN_PEPPER_ROOT;XIRECS;56185.0;5
179515;;;INTARIAN_PEPPER_ROOT;XIRECS;56168.0;5
182835;;;INTARIAN_PEPPER_ROOT;XIRECS;56180.0;4
184279;;;ASH_COATED_OSMIUM;XIRECS;10011.0;9
185191;;;INTARIAN_PEPPER_ROOT;XIRECS;56189.0;7
185382;;;INTARIAN_PEPPER_ROOT;XIRECS;56177.0;3
187556;;;ASH_COATED_OSMIUM;XIRECS;10017.0;5
188310;;;ASH_COATED_OSMIUM;XIRECS;9996.0;6
191862;;;ASH_COATED_OSMIUM;XIRECS;9996.0;2
191999;;;INTARIAN_PEPPER_ROOT;XIRECS;56198.0;6
192799;;;INTARIAN_PEPPER_ROOT;XIRECS;56190.0;4
193859;;;INTARIAN_PEPPER_ROOT;XIRECS;56198.0;7
194931;;;ASH_COATED_OSMIUM;XIRECS;10010.0;2
195638;;;ASH_COATED_OSMIUM;XIRECS;10013.0;3
197604;;;ASH_COATED_OSMIUM;XIRECS;9997.0;9
197930;;;ASH_COATED_OSMIUM;XIRECS;10008.0;5
198282;;;ASH_COATED_OSMIUM;XIRECS;9993.0;8
199625;;;INTARIAN_PEPPER_ROOT;XIRECS;56194.0;6
201036;;;INTARIAN_PEPPER_ROOT;XIRECS;56195.0;4
201279;;;INTARIAN_PEPPER_ROOT;XIRECS;56196.0;4
202058;;;INTARIAN_PEPPER_ROOT;XIRECS;56194.0;3
203373;;;ASH_COATED_OSMIUM;XIRECS;9999.0;6
203531;;;ASH_COATED_OSMIUM;XIRECS;10004.0;5
203670;;;ASH_COATED_OSMIUM;XIRECS;10000.0;7
203685;;;ASH_COATED_OSMIUM;XIRECS;9991.0;3
203863;;;ASH_COATED_OSMIUM;XIRECS;10000.0;4
204148;;;INTARIAN_PEPPER_ROOT;XIRECS;56211.0;5
204387;;;ASH_COATED_OSMIUM;XIRECS;9993.0;7
205402;;;INTARIAN_PEPPER_ROOT;XIRECS;56213.0;5
207598;;;ASH_COATED_OSMIUM;XIRECS;10005.0;9
208241;;;ASH_COATED_OSMIUM;XIRECS;9986.0;3
208783;;;INTARIAN_PEPPER_ROOT;XIRECS;56216.0;7
208825;;;INTARIAN_PEPPER_ROOT;XIRECS;56199.0;3
212189;;;ASH_COATED_OSMIUM;XIRECS;10001.0;9
212214;;;ASH_COATED_OSMIUM;XIRECS;10011.0;3
214175;;;ASH_COATED_OSMIUM;XIRECS;9994.0;9
215650;;;INTARIAN_PEPPER_ROOT;XIRECS;56220.0;7
216052;;;ASH_COATED_OSMIUM;XIRECS;9990.0;8
218926;;;INTARIAN_PEPPER_ROOT;XIRECS;56223.0;6
219791;;;ASH_COATED_OSMIUM;XIRECS;10009.0;5
220811;;;INTARIAN_PEPPER_ROOT;XIRECS;56233.0;3
223185;;;ASH_COATED_OSMIUM;XIRECS;9987.0;8
224280;;;ASH_COATED_OSMIUM;XIRECS;9985.0;6
225939;;;INTARIAN_PEPPER_ROOT;XIRECS;56230.0;6
233669;;;INTARIAN_PEPPER_ROOT;XIRECS;56241.0;3
235772;;;INTARIAN_PEPPER_ROOT;XIRECS;56232.0;7
235786;;;INTARIAN_PEPPER_ROOT;XIRECS;56232.0;7
236163;;;INTARIAN_PEPPER_ROOT;XIRECS;56246.0;8
237080;;;ASH_COATED_OSMIUM;XIRECS;10016.0;2
237668;;;INTARIAN_PEPPER_ROOT;XIRECS;56246.0;3
239557;;;INTARIAN_PEPPER_ROOT;XIRECS;56231.0;7
240066;;;INTARIAN_PEPPER_ROOT;XIRECS;56233.0;4
241374;;;INTARIAN_PEPPER_ROOT;XIRECS;56232.0;5
243995;;;ASH_COATED_OSMIUM;XIRECS;9999.0;10
245512;;;INTARIAN_PEPPER_ROOT;XIRECS;56249.0;8
245721;;;INTARIAN_PEPPER_ROOT;XIRECS;56255.0;3
247893;;;ASH_COATED_OSMIUM;XIRECS;10004.0;4
248549;;;ASH_COATED_OSMIUM;XIRECS;9993.0;3
250489;;;INTARIAN_PEPPER_ROOT;XIRECS;56256.0;5
251416;;;INTARIAN_PEPPER_ROOT;XIRECS;56246.0;4
253123;;;INTARIAN_PEPPER_ROOT;XIRECS;56248.0;4
253226;;;INTARIAN_PEPPER_ROOT;XIRECS;56259.0;4
254674;;;ASH_COATED_OSMIUM;XIRECS;10006.0;3
255711;;;ASH_COATED_OSMIUM;XIRECS;9984.0;3
259015;;;INTARIAN_PEPPER_ROOT;XIRECS;56265.0;3
260386;;;INTARIAN_PEPPER_ROOT;XIRECS;56252.0;6
260829;;;INTARIAN_PEPPER_ROOT;XIRECS;56255.0;4
261407;;;ASH_COATED_OSMIUM;XIRECS;10014.0;9
263023;;;INTARIAN_PEPPER_ROOT;XIRECS;56265.0;8
263662;;;ASH_COATED_OSMIUM;XIRECS;9997.0;4
264450;;;INTARIAN_PEPPER_ROOT;XIRECS;56257.0;6
266155;;;ASH_COATED_OSMIUM;XIRECS;10014.0;9
266518;;;ASH_COATED_OSMIUM;XIRECS;10006.0;2
267111;;;INTARIAN_PEPPER_ROOT;XIRECS;56262.0;3
268881;;;INTARIAN_PEPPER_ROOT;XIRECS;56263.0;4
269531;;;ASH_COATED_OSMIUM;XIRECS;9991.0;2
270132;;;INTARIAN_PEPPER_ROOT;XIRECS;56281.0;7
271886;;;ASH_COATED_OSMIUM;XIRECS;10000.0;4
272645;;;ASH_COATED_OSMIUM;XIRECS;10007.0;8
273545;;;ASH_COATED_OSMIUM;XIRECS;9998.0;6
273871;;;INTARIAN_PEPPER_ROOT;XIRECS;56263.0;5
274487;;;ASH_COATED_OSMIUM;XIRECS;9990.0;7
277872;;;INTARIAN_PEPPER_ROOT;XIRECS;56283.0;5
279430;;;ASH_COATED_OSMIUM;XIRECS;10007.0;9
279654;;;ASH_COATED_OSMIUM;XIRECS;10009.0;4
281533;;;ASH_COATED_OSMIUM;XIRECS;10013.0;9
281696;;;INTARIAN_PEPPER_ROOT;XIRECS;56275.0;4
282346;;;INTARIAN_PEPPER_ROOT;XIRECS;56273.0;5
284836;;;INTARIAN_PEPPER_ROOT;XIRECS;56278.0;5
285406;;;INTARIAN_PEPPER_ROOT;XIRECS;56278.0;6
286534;;;INTARIAN_PEPPER_ROOT;XIRECS;56280.0;7
286994;;;ASH_COATED_OSMIUM;XIRECS;9986.0;10
288914;;;INTARIAN_PEPPER_ROOT;XIRECS;56282.0;5
289092;;;ASH_COATED_OSMIUM;XIRECS;9981.0;6
294027;;;INTARIAN_PEPPER_ROOT;XIRECS;56301.0;6
303595;;;ASH_COATED_OSMIUM;XIRECS;10017.0;5
304588;;;ASH_COATED_OSMIUM;XIRECS;9992.0;6
305277;;;ASH_COATED_OSMIUM;XIRECS;9994.0;3
305585;;;ASH_COATED_OSMIUM;XIRECS;10000.0;6
307563;;;INTARIAN_PEPPER_ROOT;XIRECS;56299.0;6
311401;;;ASH_COATED_OSMIUM;XIRECS;10011.0;2
312703;;;ASH_COATED_OSMIUM;XIRECS;9994.0;9
312976;;;ASH_COATED_OSMIUM;XIRECS;10013.0;9
317510;;;ASH_COATED_OSMIUM;XIRECS;9991.0;5
317921;;;ASH_COATED_OSMIUM;XIRECS;10005.0;5
320899;;;ASH_COATED_OSMIUM;XIRECS;9991.0;3
326789;;;INTARIAN_PEPPER_ROOT;XIRECS;56333.0;6
326828;;;ASH_COATED_OSMIUM;XIRECS;10003.0;4
327092;;;INTARIAN_PEPPER_ROOT;XIRECS;56333.0;4
327690;;;ASH_COATED_OSMIUM;XIRECS;10005.0;10
329999;;;INTARIAN_PEPPER_ROOT;XIRECS;56335.0;4
330000;;;ASH_COATED_OSMIUM;XIRECS;9991.0;5
330929;;;ASH_COATED_OSMIUM;XIRECS;10010.0;10
331182;;;INTARIAN_PEPPER_ROOT;XIRECS;56340.0;8
331822;;;ASH_COATED_OSMIUM;XIRECS;9993.0;10
333549;;;ASH_COATED_OSMIUM;XIRECS;9995.0;6
334452;;;INTARIAN_PEPPER_ROOT;XIRECS;56330.0;3
334873;;;ASH_COATED_OSMIUM;XIRECS;10008.0;5
335536;;;INTARIAN_PEPPER_ROOT;XIRECS;56327.0;4
336130;;;INTARIAN_PEPPER_ROOT;XIRECS;56332.0;4
337093;;;ASH_COATED_OSMIUM;XIRECS;9995.0;4
338010;;;INTARIAN_PEPPER_ROOT;XIRECS;56349.0;6
339110;;;INTARIAN_PEPPER_ROOT;XIRECS;56344.0;3
341345;;;INTARIAN_PEPPER_ROOT;XIRECS;56350.0;7
345396;;;INTARIAN_PEPPER_ROOT;XIRECS;56338.0;7
346344;;;INTARIAN_PEPPER_ROOT;XIRECS;56353.0;7
346453;;;ASH_COATED_OSMIUM;XIRECS;10018.0;6
346490;;;INTARIAN_PEPPER_ROOT;XIRECS;56337.0;3
349692;;;ASH_COATED_OSMIUM;XIRECS;10002.0;2
351442;;;INTARIAN_PEPPER_ROOT;XIRECS;56344.0;3
351616;;;ASH_COATED_OSMIUM;XIRECS;9986.0;6
351809;;;INTARIAN_PEPPER_ROOT;XIRECS;56361.0;4
352634;;;ASH_COATED_OSMIUM;XIRECS;9994.0;10
353105;;;INTARIAN_PEPPER_ROOT;XIRECS;56361.0;4
353626;;;ASH_COATED_OSMIUM;XIRECS;10016.0;6
354426;;;ASH_COATED_OSMIUM;XIRECS;10009.0;5
357318;;;ASH_COATED_OSMIUM;XIRECS;9994.0;5
357320;;;INTARIAN_PEPPER_ROOT;XIRECS;56363.0;3
359954;;;INTARIAN_PEPPER_ROOT;XIRECS;56364.0;3
360948;;;INTARIAN_PEPPER_ROOT;XIRECS;56364.0;5
361488;;;INTARIAN_PEPPER_ROOT;XIRECS;56367.0;5
361982;;;ASH_COATED_OSMIUM;XIRECS;9999.0;6
364523;;;ASH_COATED_OSMIUM;XIRECS;10012.0;8
365340;;;INTARIAN_PEPPER_ROOT;XIRECS;56371.0;4
366621;;;ASH_COATED_OSMIUM;XIRECS;9992.0;2
367442;;;ASH_COATED_OSMIUM;XIRECS;10012.0;4
367835;;;ASH_COATED_OSMIUM;XIRECS;10004.0;2
367958;;;ASH_COATED_OSMIUM;XIRECS;9991.0;5
371373;;;ASH_COATED_OSMIUM;XIRECS;10009.0;2
373618;;;ASH_COATED_OSMIUM;XIRECS;10001.0;4
374121;;;INTARIAN_PEPPER_ROOT;XIRECS;56370.0;5
375004;;;INTARIAN_PEPPER_ROOT;XIRECS;56369.0;6
375355;;;INTARIAN_PEPPER_ROOT;XIRECS;56380.0;4
378715;;;ASH_COATED_OSMIUM;XIRECS;10007.0;6
378842;;;ASH_COATED_OSMIUM;XIRECS;10010.0;8
383493;;;INTARIAN_PEPPER_ROOT;XIRECS;56388.0;6
385404;;;INTARIAN_PEPPER_ROOT;XIRECS;56391.0;7
386055;;;INTARIAN_PEPPER_ROOT;XIRECS;56377.0;7
386068;;;ASH_COATED_OSMIUM;XIRECS;10004.0;6
386581;;;ASH_COATED_OSMIUM;XIRECS;9986.0;7
387502;;;INTARIAN_PEPPER_ROOT;XIRECS;56381.0;3
390050;;;ASH_COATED_OSMIUM;XIRECS;10003.0;7
391250;;;INTARIAN_PEPPER_ROOT;XIRECS;56387.0;6
391508;;;INTARIAN_PEPPER_ROOT;XIRECS;56401.0;6
391570;;;ASH_COATED_OSMIUM;XIRECS;10007.0;5
393097;;;ASH_COATED_OSMIUM;XIRECS;10008.0;5
393570;;;ASH_COATED_OSMIUM;XIRECS;9989.0;3
394172;;;INTARIAN_PEPPER_ROOT;XIRECS;56405.0;7
395601;;;INTARIAN_PEPPER_ROOT;XIRECS;56383.0;4
395656;;;INTARIAN_PEPPER_ROOT;XIRECS;56383.0;6
397035;;;INTARIAN_PEPPER_ROOT;XIRECS;56405.0;6
397472;;;INTARIAN_PEPPER_ROOT;XIRECS;56402.0;3
399209;;;ASH_COATED_OSMIUM;XIRECS;9983.0;6
400883;;;ASH_COATED_OSMIUM;XIRECS;10003.0;3
401059;;;ASH_COATED_OSMIUM;XIRECS;10020.0;6
403204;;;INTARIAN_PEPPER_ROOT;XIRECS;56400.0;5
403995;;;INTARIAN_PEPPER_ROOT;XIRECS;56415.0;5
405239;;;ASH_COATED_OSMIUM;XIRECS;9988.0;6
405721;;;INTARIAN_PEPPER_ROOT;XIRECS;56396.0;5
406858;;;ASH_COATED_OSMIUM;XIRECS;10010.0;7
406879;;;ASH_COATED_OSMIUM;XIRECS;9994.0;6
407461;;;ASH_COATED_OSMIUM;XIRECS;9991.0;7
411493;;;ASH_COATED_OSMIUM;XIRECS;9987.0;7
412152;;;ASH_COATED_OSMIUM;XIRECS;10002.0;8
413344;;;ASH_COATED_OSMIUM;XIRECS;10011.0;4
414005;;;INTARIAN_PEPPER_ROOT;XIRECS;56419.0;7
414500;;;ASH_COATED_OSMIUM;XIRECS;10010.0;10
414968;;;ASH_COATED_OSMIUM;XIRECS;10002.0;6
417309;;;ASH_COATED_OSMIUM;XIRECS;10013.0;6
417783;;;ASH_COATED_OSMIUM;XIRECS;10009.0;5
419694;;;ASH_COATED_OSMIUM;XIRECS;9992.0;7
419960;;;INTARIAN_PEPPER_ROOT;XIRECS;56430.0;7
423123;;;ASH_COATED_OSMIUM;XIRECS;10006.0;4
424394;;;ASH_COATED_OSMIUM;XIRECS;9988.0;2
424566;;;INTARIAN_PEPPER_ROOT;XIRECS;56416.0;6
425140;;;INTARIAN_PEPPER_ROOT;XIRECS;56417.0;6
425329;;;ASH_COATED_OSMIUM;XIRECS;10008.0;6
428250;;;ASH_COATED_OSMIUM;XIRECS;10001.0;8
428295;;;INTARIAN_PEPPER_ROOT;XIRECS;56433.0;6
428384;;;INTARIAN_PEPPER_ROOT;XIRECS;56433.0;7
430221;;;ASH_COATED_OSMIUM;XIRECS;10000.0;3
431043;;;INTARIAN_PEPPER_ROOT;XIRECS;56436.0;7
433132;;;ASH_COATED_OSMIUM;XIRECS;9993.0;8
433586;;;INTARIAN_PEPPER_ROOT;XIRECS;56428.0;6
433810;;;ASH_COATED_OSMIUM;XIRECS;10011.0;2
434711;;;INTARIAN_PEPPER_ROOT;XIRECS;56435.0;6
434916;;;ASH_COATED_OSMIUM;XIRECS;10002.0;7
435196;;;ASH_COATED_OSMIUM;XIRECS;9993.0;5
435651;;;ASH_COATED_OSMIUM;XIRECS;9991.0;9
436756;;;ASH_COATED_OSMIUM;XIRECS;9984.0;4
437682;;;ASH_COATED_OSMIUM;XIRECS;9990.0;4
437828;;;ASH_COATED_OSMIUM;XIRECS;9992.0;7
438204;;;ASH_COATED_OSMIUM;XIRECS;10007.0;3
438388;;;INTARIAN_PEPPER_ROOT;XIRECS;56443.0;6
439094;;;ASH_COATED_OSMIUM;XIRECS;9998.0;3
443871;;;ASH_COATED_OSMIUM;XIRECS;9993.0;2
444445;;;INTARIAN_PEPPER_ROOT;XIRECS;56453.0;4
444772;;;ASH_COATED_OSMIUM;XIRECS;9985.0;3
445114;;;INTARIAN_PEPPER_ROOT;XIRECS;56452.0;6
447615;;;ASH_COATED_OSMIUM;XIRECS;10002.0;6
449114;;;INTARIAN_PEPPER_ROOT;XIRECS;56445.0;5
450220;;;ASH_COATED_OSMIUM;XIRECS;9990.0;4
450266;;;ASH_COATED_OSMIUM;XIRECS;10006.0;9
451192;;;ASH_COATED_OSMIUM;XIRECS;10015.0;4
451791;;;ASH_COATED_OSMIUM;XIRECS;10007.0;5
452260;;;ASH_COATED_OSMIUM;XIRECS;9990.0;3
453781;;;INTARIAN_PEPPER_ROOT;XIRECS;56462.0;3
454945;;;INTARIAN_PEPPER_ROOT;XIRECS;56458.0;4
455767;;;INTARIAN_PEPPER_ROOT;XIRECS;56453.0;7
458049;;;ASH_COATED_OSMIUM;XIRECS;9992.0;4
460088;;;ASH_COATED_OSMIUM;XIRECS;9994.0;6
462496;;;INTARIAN_PEPPER_ROOT;XIRECS;56463.0;7
464653;;;ASH_COATED_OSMIUM;XIRECS;10011.0;3
464786;;;INTARIAN_PEPPER_ROOT;XIRECS;56473.0;7
470259;;;ASH_COATED_OSMIUM;XIRECS;9995.0;3
470882;;;ASH_COATED_OSMIUM;XIRECS;10012.0;4
473375;;;INTARIAN_PEPPER_ROOT;XIRECS;56466.0;5
474284;;;ASH_COATED_OSMIUM;XIRECS;10002.0;8
475272;;;ASH_COATED_OSMIUM;XIRECS;10014.0;5
476154;;;ASH_COATED_OSMIUM;XIRECS;9996.0;5
476271;;;ASH_COATED_OSMIUM;XIRECS;10013.0;9
476643;;;INTARIAN_PEPPER_ROOT;XIRECS;56485.0;6
478757;;;ASH_COATED_OSMIUM;XIRECS;9992.0;10
480794;;;ASH_COATED_OSMIUM;XIRECS;9998.0;3
482456;;;INTARIAN_PEPPER_ROOT;XIRECS;56479.0;4
486722;;;ASH_COATED_OSMIUM;XIRECS;9989.0;10
489988;;;ASH_COATED_OSMIUM;XIRECS;9989.0;10
491751;;;INTARIAN_PEPPER_ROOT;XIRECS;56497.0;7
495641;;;ASH_COATED_OSMIUM;XIRECS;10015.0;6
496304;;;INTARIAN_PEPPER_ROOT;XIRECS;56492.0;4
497138;;;ASH_COATED_OSMIUM;XIRECS;9993.0;6
498903;;;ASH_COATED_OSMIUM;XIRECS;9996.0;5
499623;;;ASH_COATED_OSMIUM;XIRECS;9994.0;5
500953;;;INTARIAN_PEPPER_ROOT;XIRECS;56509.0;6
500980;;;ASH_COATED_OSMIUM;XIRECS;10004.0;8
502189;;;INTARIAN_PEPPER_ROOT;XIRECS;56502.0;7
508857;;;INTARIAN_PEPPER_ROOT;XIRECS;56504.0;6
512849;;;ASH_COATED_OSMIUM;XIRECS;9995.0;7
513075;;;INTARIAN_PEPPER_ROOT;XIRECS;56507.0;7
514705;;;ASH_COATED_OSMIUM;XIRECS;9991.0;4
514935;;;INTARIAN_PEPPER_ROOT;XIRECS;56524.0;5
515380;;;INTARIAN_PEPPER_ROOT;XIRECS;56508.0;8
517139;;;INTARIAN_PEPPER_ROOT;XIRECS;56521.0;3
517917;;;INTARIAN_PEPPER_ROOT;XIRECS;56514.0;6
518188;;;INTARIAN_PEPPER_ROOT;XIRECS;56522.0;6
522293;;;ASH_COATED_OSMIUM;XIRECS;9983.0;9
522457;;;INTARIAN_PEPPER_ROOT;XIRECS;56519.0;7
523750;;;ASH_COATED_OSMIUM;XIRECS;9987.0;2
526436;;;ASH_COATED_OSMIUM;XIRECS;9990.0;4
527139;;;ASH_COATED_OSMIUM;XIRECS;9998.0;2
529213;;;INTARIAN_PEPPER_ROOT;XIRECS;56536.0;4
529869;;;ASH_COATED_OSMIUM;XIRECS;9981.0;3
531008;;;INTARIAN_PEPPER_ROOT;XIRECS;56538.0;8
532429;;;INTARIAN_PEPPER_ROOT;XIRECS;56537.0;4
534409;;;ASH_COATED_OSMIUM;XIRECS;9991.0;10
534867;;;ASH_COATED_OSMIUM;XIRECS;10010.0;9
536262;;;INTARIAN_PEPPER_ROOT;XIRECS;56528.0;6
538024;;;INTARIAN_PEPPER_ROOT;XIRECS;56544.0;6
540616;;;ASH_COATED_OSMIUM;XIRECS;10005.0;3
542745;;;ASH_COATED_OSMIUM;XIRECS;10004.0;2
544516;;;INTARIAN_PEPPER_ROOT;XIRECS;56537.0;7
548879;;;INTARIAN_PEPPER_ROOT;XIRECS;56558.0;3
550147;;;ASH_COATED_OSMIUM;XIRECS;9990.0;5
550296;;;ASH_COATED_OSMIUM;XIRECS;9988.0;5
551395;;;ASH_COATED_OSMIUM;XIRECS;10007.0;6
552042;;;ASH_COATED_OSMIUM;XIRECS;9999.0;5
552667;;;ASH_COATED_OSMIUM;XIRECS;9988.0;4
553291;;;ASH_COATED_OSMIUM;XIRECS;10002.0;4
553375;;;ASH_COATED_OSMIUM;XIRECS;9999.0;3
553839;;;ASH_COATED_OSMIUM;XIRECS;10005.0;5
554174;;;ASH_COATED_OSMIUM;XIRECS;9996.0;4
558061;;;ASH_COATED_OSMIUM;XIRECS;10017.0;6
560940;;;ASH_COATED_OSMIUM;XIRECS;9994.0;2
561159;;;INTARIAN_PEPPER_ROOT;XIRECS;56553.0;7
561972;;;INTARIAN_PEPPER_ROOT;XIRECS;56559.0;4
562469;;;ASH_COATED_OSMIUM;XIRECS;9993.0;9
564642;;;INTARIAN_PEPPER_ROOT;XIRECS;56568.0;4
565521;;;ASH_COATED_OSMIUM;XIRECS;10005.0;10
566500;;;INTARIAN_PEPPER_ROOT;XIRECS;56574.0;3
567699;;;INTARIAN_PEPPER_ROOT;XIRECS;56561.0;6
567773;;;ASH_COATED_OSMIUM;XIRECS;9991.0;6
568003;;;ASH_COATED_OSMIUM;XIRECS;9981.0;2
568012;;;ASH_COATED_OSMIUM;XIRECS;9981.0;5
568947;;;INTARIAN_PEPPER_ROOT;XIRECS;56564.0;5
569808;;;ASH_COATED_OSMIUM;XIRECS;10007.0;7
570331;;;INTARIAN_PEPPER_ROOT;XIRECS;56559.0;7
570558;;;INTARIAN_PEPPER_ROOT;XIRECS;56567.0;4
570802;;;INTARIAN_PEPPER_ROOT;XIRECS;56577.0;4
571840;;;INTARIAN_PEPPER_ROOT;XIRECS;56575.0;8
572449;;;INTARIAN_PEPPER_ROOT;XIRECS;56582.0;5
573385;;;ASH_COATED_OSMIUM;XIRECS;10011.0;6
574696;;;ASH_COATED_OSMIUM;XIRECS;10014.0;5
576409;;;INTARIAN_PEPPER_ROOT;XIRECS;56582.0;5
576708;;;ASH_COATED_OSMIUM;XIRECS;10002.0;8
579129;;;INTARIAN_PEPPER_ROOT;XIRECS;56587.0;3
580217;;;ASH_COATED_OSMIUM;XIRECS;9988.0;6
580529;;;ASH_COATED_OSMIUM;XIRECS;9993.0;5
582143;;;INTARIAN_PEPPER_ROOT;XIRECS;56575.0;6
582967;;;INTARIAN_PEPPER_ROOT;XIRECS;56576.0;3
584717;;;INTARIAN_PEPPER_ROOT;XIRECS;56591.0;8
585001;;;INTARIAN_PEPPER_ROOT;XIRECS;56578.0;7
585960;;;ASH_COATED_OSMIUM;XIRECS;10002.0;8
588190;;;ASH_COATED_OSMIUM;XIRECS;9990.0;2
588580;;;INTARIAN_PEPPER_ROOT;XIRECS;56582.0;3
588887;;;ASH_COATED_OSMIUM;XIRECS;10006.0;5
590799;;;INTARIAN_PEPPER_ROOT;XIRECS;56588.0;3
591027;;;ASH_COATED_OSMIUM;XIRECS;9994.0;10
591364;;;INTARIAN_PEPPER_ROOT;XIRECS;56597.0;5
591808;;;INTARIAN_PEPPER_ROOT;XIRECS;56599.0;6
596812;;;ASH_COATED_OSMIUM;XIRECS;9979.0;2
599722;;;ASH_COATED_OSMIUM;XIRECS;9999.0;6
600338;;;INTARIAN_PEPPER_ROOT;XIRECS;56599.0;6
601225;;;INTARIAN_PEPPER_ROOT;XIRECS;56609.0;5
601987;;;INTARIAN_PEPPER_ROOT;XIRECS;56613.0;8
602249;;;INTARIAN_PEPPER_ROOT;XIRECS;56612.0;4
602472;;;INTARIAN_PEPPER_ROOT;XIRECS;56611.0;3
603402;;;INTARIAN_PEPPER_ROOT;XIRECS;56594.0;3
605442;;;ASH_COATED_OSMIUM;XIRECS;9990.0;2
607483;;;ASH_COATED_OSMIUM;XIRECS;10010.0;6
609220;;;ASH_COATED_OSMIUM;XIRECS;9986.0;2
609622;;;INTARIAN_PEPPER_ROOT;XIRECS;56599.0;8
612003;;;INTARIAN_PEPPER_ROOT;XIRECS;56622.0;8
612146;;;ASH_COATED_OSMIUM;XIRECS;10006.0;6
612683;;;INTARIAN_PEPPER_ROOT;XIRECS;56605.0;4
614863;;;ASH_COATED_OSMIUM;XIRECS;10004.0;2
617260;;;INTARIAN_PEPPER_ROOT;XIRECS;56612.0;3
618081;;;INTARIAN_PEPPER_ROOT;XIRECS;56628.0;8
618271;;;ASH_COATED_OSMIUM;XIRECS;9991.0;9
618951;;;INTARIAN_PEPPER_ROOT;XIRECS;56630.0;8
623329;;;INTARIAN_PEPPER_ROOT;XIRECS;56617.0;7
626529;;;ASH_COATED_OSMIUM;XIRECS;9988.0;6
626842;;;ASH_COATED_OSMIUM;XIRECS;10011.0;5
627256;;;ASH_COATED_OSMIUM;XIRECS;9991.0;5
630854;;;INTARIAN_PEPPER_ROOT;XIRECS;56625.0;7
633592;;;ASH_COATED_OSMIUM;XIRECS;10006.0;5
634206;;;INTARIAN_PEPPER_ROOT;XIRECS;56625.0;6
636162;;;INTARIAN_PEPPER_ROOT;XIRECS;56631.0;4
639438;;;ASH_COATED_OSMIUM;XIRECS;9994.0;2
641349;;;ASH_COATED_OSMIUM;XIRECS;9989.0;2
643358;;;INTARIAN_PEPPER_ROOT;XIRECS;56637.0;3
644722;;;ASH_COATED_OSMIUM;XIRECS;9987.0;2
644943;;;ASH_COATED_OSMIUM;XIRECS;10008.0;5
645198;;;ASH_COATED_OSMIUM;XIRECS;10001.0;6
645756;;;ASH_COATED_OSMIUM;XIRECS;10009.0;5
646486;;;ASH_COATED_OSMIUM;XIRECS;10013.0;5
646620;;;INTARIAN_PEPPER_ROOT;XIRECS;56638.0;5
646631;;;ASH_COATED_OSMIUM;XIRECS;10011.0;6
659561;;;ASH_COATED_OSMIUM;XIRECS;10005.0;5
662123;;;INTARIAN_PEPPER_ROOT;XIRECS;56667.0;5
662793;;;INTARIAN_PEPPER_ROOT;XIRECS;56667.0;7
663077;;;INTARIAN_PEPPER_ROOT;XIRECS;56656.0;3
663169;;;INTARIAN_PEPPER_ROOT;XIRECS;56670.0;6
664057;;;INTARIAN_PEPPER_ROOT;XIRECS;56658.0;5
668639;;;INTARIAN_PEPPER_ROOT;XIRECS;56662.0;4
669222;;;ASH_COATED_OSMIUM;XIRECS;9998.0;5
671225;;;ASH_COATED_OSMIUM;XIRECS;9993.0;10
673607;;;INTARIAN_PEPPER_ROOT;XIRECS;56676.0;6
674938;;;ASH_COATED_OSMIUM;XIRECS;10011.0;5
676663;;;ASH_COATED_OSMIUM;XIRECS;10014.0;10
676739;;;ASH_COATED_OSMIUM;XIRECS;9996.0;10
677662;;;ASH_COATED_OSMIUM;XIRECS;9982.0;5
678605;;;ASH_COATED_OSMIUM;XIRECS;9987.0;9
679221;;;ASH_COATED_OSMIUM;XIRECS;10008.0;8
679257;;;INTARIAN_PEPPER_ROOT;XIRECS;56669.0;5
679819;;;INTARIAN_PEPPER_ROOT;XIRECS;56677.0;4
681050;;;ASH_COATED_OSMIUM;XIRECS;9995.0;4
682554;;;ASH_COATED_OSMIUM;XIRECS;9997.0;2
683147;;;ASH_COATED_OSMIUM;XIRECS;10006.0;2
685029;;;INTARIAN_PEPPER_ROOT;XIRECS;56680.0;4
687557;;;INTARIAN_PEPPER_ROOT;XIRECS;56682.0;6
689599;;;INTARIAN_PEPPER_ROOT;XIRECS;56698.0;3
689908;;;ASH_COATED_OSMIUM;XIRECS;10018.0;10
690825;;;INTARIAN_PEPPER_ROOT;XIRECS;56700.0;5
691730;;;ASH_COATED_OSMIUM;XIRECS;9991.0;3
694222;;;ASH_COATED_OSMIUM;XIRECS;9999.0;2
694873;;;ASH_COATED_OSMIUM;XIRECS;10003.0;4
695621;;;ASH_COATED_OSMIUM;XIRECS;9992.0;6
698056;;;ASH_COATED_OSMIUM;XIRECS;10001.0;3
699679;;;INTARIAN_PEPPER_ROOT;XIRECS;56691.0;6
700333;;;INTARIAN_PEPPER_ROOT;XIRECS;56707.0;7
702023;;;INTARIAN_PEPPER_ROOT;XIRECS;56708.0;3
703102;;;INTARIAN_PEPPER_ROOT;XIRECS;56712.0;6
705369;;;ASH_COATED_OSMIUM;XIRECS;10003.0;4
706104;;;INTARIAN_PEPPER_ROOT;XIRECS;56698.0;7
706283;;;ASH_COATED_OSMIUM;XIRECS;10006.0;9
706889;;;INTARIAN_PEPPER_ROOT;XIRECS;56706.0;5
707545;;;INTARIAN_PEPPER_ROOT;XIRECS;56702.0;4
707869;;;INTARIAN_PEPPER_ROOT;XIRECS;56704.0;7
708967;;;INTARIAN_PEPPER_ROOT;XIRECS;56712.0;6
709655;;;ASH_COATED_OSMIUM;XIRECS;9993.0;5
710560;;;INTARIAN_PEPPER_ROOT;XIRECS;56719.0;3
711516;;;ASH_COATED_OSMIUM;XIRECS;9988.0;5
713495;;;ASH_COATED_OSMIUM;XIRECS;9990.0;10
714550;;;ASH_COATED_OSMIUM;XIRECS;9995.0;3
717685;;;ASH_COATED_OSMIUM;XIRECS;9996.0;2
718468;;;ASH_COATED_OSMIUM;XIRECS;9991.0;10
722225;;;ASH_COATED_OSMIUM;XIRECS;9994.0;5
722437;;;ASH_COATED_OSMIUM;XIRECS;10012.0;6
722905;;;ASH_COATED_OSMIUM;XIRECS;10017.0;4
724296;;;INTARIAN_PEPPER_ROOT;XIRECS;56718.0;8
726606;;;INTARIAN_PEPPER_ROOT;XIRECS;56715.0;7
726776;;;INTARIAN_PEPPER_ROOT;XIRECS;56735.0;6
727015;;;ASH_COATED_OSMIUM;XIRECS;10001.0;5
729127;;;ASH_COATED_OSMIUM;XIRECS;10015.0;3
732725;;;INTARIAN_PEPPER_ROOT;XIRECS;56728.0;5
733482;;;ASH_COATED_OSMIUM;XIRECS;10012.0;5
733757;;;INTARIAN_PEPPER_ROOT;XIRECS;56740.0;4
737933;;;INTARIAN_PEPPER_ROOT;XIRECS;56732.0;5
739357;;;INTARIAN_PEPPER_ROOT;XIRECS;56733.0;5
741442;;;INTARIAN_PEPPER_ROOT;XIRECS;56745.0;5
743086;;;ASH_COATED_OSMIUM;XIRECS;9989.0;4
743318;;;ASH_COATED_OSMIUM;XIRECS;10000.0;9
746254;;;ASH_COATED_OSMIUM;XIRECS;10003.0;4
750835;;;ASH_COATED_OSMIUM;XIRECS;9994.0;9
751765;;;ASH_COATED_OSMIUM;XIRECS;9979.0;4
751950;;;ASH_COATED_OSMIUM;XIRECS;10001.0;6
751951;;;ASH_COATED_OSMIUM;XIRECS;10001.0;6
753316;;;ASH_COATED_OSMIUM;XIRECS;10009.0;4
754708;;;ASH_COATED_OSMIUM;XIRECS;9994.0;2
756849;;;INTARIAN_PEPPER_ROOT;XIRECS;56765.0;7
757468;;;ASH_COATED_OSMIUM;XIRECS;9996.0;7
758472;;;ASH_COATED_OSMIUM;XIRECS;9985.0;4
758826;;;ASH_COATED_OSMIUM;XIRECS;9984.0;5
760707;;;ASH_COATED_OSMIUM;XIRECS;10020.0;5
763155;;;INTARIAN_PEPPER_ROOT;XIRECS;56769.0;6
763668;;;INTARIAN_PEPPER_ROOT;XIRECS;56756.0;5
764377;;;INTARIAN_PEPPER_ROOT;XIRECS;56769.0;6
768491;;;INTARIAN_PEPPER_ROOT;XIRECS;56783.0;7
769578;;;INTARIAN_PEPPER_ROOT;XIRECS;56759.0;6
769833;;;ASH_COATED_OSMIUM;XIRECS;9994.0;8
773730;;;ASH_COATED_OSMIUM;XIRECS;10003.0;5
774519;;;ASH_COATED_OSMIUM;XIRECS;10009.0;6
776308;;;ASH_COATED_OSMIUM;XIRECS;10007.0;5
776814;;;ASH_COATED_OSMIUM;XIRECS;9998.0;7
781910;;;INTARIAN_PEPPER_ROOT;XIRECS;56777.0;5
782191;;;INTARIAN_PEPPER_ROOT;XIRECS;56779.0;4
782757;;;INTARIAN_PEPPER_ROOT;XIRECS;56776.0;4
783188;;;ASH_COATED_OSMIUM;XIRECS;10018.0;2
783475;;;INTARIAN_PEPPER_ROOT;XIRECS;56788.0;7
784183;;;ASH_COATED_OSMIUM;XIRECS;10009.0;10
785902;;;ASH_COATED_OSMIUM;XIRECS;10006.0;7
786475;;;ASH_COATED_OSMIUM;XIRECS;10005.0;4
787555;;;ASH_COATED_OSMIUM;XIRECS;9992.0;3
788485;;;INTARIAN_PEPPER_ROOT;XIRECS;56778.0;7
789002;;;INTARIAN_PEPPER_ROOT;XIRECS;56784.0;5
789624;;;ASH_COATED_OSMIUM;XIRECS;10007.0;5
789902;;;ASH_COATED_OSMIUM;XIRECS;10011.0;5
791141;;;ASH_COATED_OSMIUM;XIRECS;10004.0;5
791969;;;INTARIAN_PEPPER_ROOT;XIRECS;56795.0;4
793271;;;INTARIAN_PEPPER_ROOT;XIRECS;56796.0;7
793343;;;INTARIAN_PEPPER_ROOT;XIRECS;56802.0;7
794362;;;INTARIAN_PEPPER_ROOT;XIRECS;56802.0;5
795304;;;INTARIAN_PEPPER_ROOT;XIRECS;56801.0;7
796345;;;INTARIAN_PEPPER_ROOT;XIRECS;56785.0;5
796955;;;ASH_COATED_OSMIUM;XIRECS;10008.0;6
798555;;;ASH_COATED_OSMIUM;XIRECS;9989.0;2
798996;;;INTARIAN_PEPPER_ROOT;XIRECS;56793.0;5
799247;;;ASH_COATED_OSMIUM;XIRECS;10004.0;9
801241;;;ASH_COATED_OSMIUM;XIRECS;9992.0;4
801999;;;INTARIAN_PEPPER_ROOT;XIRECS;56811.0;3
802445;;;ASH_COATED_OSMIUM;XIRECS;9993.0;6
802447;;;ASH_COATED_OSMIUM;XIRECS;9993.0;5
802991;;;INTARIAN_PEPPER_ROOT;XIRECS;56809.0;4
803251;;;ASH_COATED_OSMIUM;XIRECS;10002.0;3
803360;;;ASH_COATED_OSMIUM;XIRECS;9991.0;9
804239;;;INTARIAN_PEPPER_ROOT;XIRECS;56798.0;5
805193;;;INTARIAN_PEPPER_ROOT;XIRECS;56805.0;6
805722;;;INTARIAN_PEPPER_ROOT;XIRECS;56800.0;5
807008;;;INTARIAN_PEPPER_ROOT;XIRECS;56799.0;7
807621;;;ASH_COATED_OSMIUM;XIRECS;10006.0;5
808168;;;INTARIAN_PEPPER_ROOT;XIRECS;56814.0;5
808608;;;ASH_COATED_OSMIUM;XIRECS;9984.0;3
809745;;;ASH_COATED_OSMIUM;XIRECS;10005.0;5
810439;;;INTARIAN_PEPPER_ROOT;XIRECS;56809.0;4
811781;;;ASH_COATED_OSMIUM;XIRECS;9990.0;3
812718;;;ASH_COATED_OSMIUM;XIRECS;10009.0;9
814451;;;ASH_COATED_OSMIUM;XIRECS;9997.0;3
814454;;;ASH_COATED_OSMIUM;XIRECS;9997.0;7
814474;;;ASH_COATED_OSMIUM;XIRECS;10010.0;3
814500;;;INTARIAN_PEPPER_ROOT;XIRECS;56810.0;3
817137;;;ASH_COATED_OSMIUM;XIRECS;10001.0;5
817895;;;INTARIAN_PEPPER_ROOT;XIRECS;56810.0;4
818444;;;INTARIAN_PEPPER_ROOT;XIRECS;56826.0;6
819419;;;ASH_COATED_OSMIUM;XIRECS;9982.0;3
820596;;;ASH_COATED_OSMIUM;XIRECS;9993.0;4
823357;;;INTARIAN_PEPPER_ROOT;XIRECS;56814.0;3
827314;;;ASH_COATED_OSMIUM;XIRECS;10010.0;3
829307;;;ASH_COATED_OSMIUM;XIRECS;10015.0;6
831007;;;INTARIAN_PEPPER_ROOT;XIRECS;56825.0;5
831070;;;INTARIAN_PEPPER_ROOT;XIRECS;56842.0;6
834899;;;ASH_COATED_OSMIUM;XIRECS;9993.0;8
834968;;;ASH_COATED_OSMIUM;XIRECS;10009.0;7
835446;;;ASH_COATED_OSMIUM;XIRECS;10008.0;6
838001;;;INTARIAN_PEPPER_ROOT;XIRECS;56842.0;3
838247;;;ASH_COATED_OSMIUM;XIRECS;10013.0;3
840117;;;INTARIAN_PEPPER_ROOT;XIRECS;56833.0;7
840254;;;ASH_COATED_OSMIUM;XIRECS;9984.0;10
843442;;;INTARIAN_PEPPER_ROOT;XIRECS;56838.0;5
845151;;;ASH_COATED_OSMIUM;XIRECS;10010.0;10
845904;;;INTARIAN_PEPPER_ROOT;XIRECS;56854.0;4
846271;;;ASH_COATED_OSMIUM;XIRECS;9998.0;10
851651;;;ASH_COATED_OSMIUM;XIRECS;9982.0;7
852490;;;INTARIAN_PEPPER_ROOT;XIRECS;56846.0;4
853057;;;INTARIAN_PEPPER_ROOT;XIRECS;56860.0;4
854747;;;INTARIAN_PEPPER_ROOT;XIRECS;56848.0;6
855867;;;INTARIAN_PEPPER_ROOT;XIRECS;56859.0;5
858480;;;ASH_COATED_OSMIUM;XIRECS;9993.0;8
861663;;;INTARIAN_PEPPER_ROOT;XIRECS;56856.0;8
861909;;;INTARIAN_PEPPER_ROOT;XIRECS;56856.0;8
862340;;;ASH_COATED_OSMIUM;XIRECS;9991.0;2
862921;;;ASH_COATED_OSMIUM;XIRECS;10019.0;5
863507;;;ASH_COATED_OSMIUM;XIRECS;10001.0;4
864344;;;INTARIAN_PEPPER_ROOT;XIRECS;56870.0;6
864431;;;INTARIAN_PEPPER_ROOT;XIRECS;56869.0;4
865596;;;ASH_COATED_OSMIUM;XIRECS;10002.0;6
868964;;;ASH_COATED_OSMIUM;XIRECS;9986.0;4
869482;;;ASH_COATED_OSMIUM;XIRECS;10006.0;2
869947;;;INTARIAN_PEPPER_ROOT;XIRECS;56866.0;6
870349;;;ASH_COATED_OSMIUM;XIRECS;9989.0;5
872029;;;INTARIAN_PEPPER_ROOT;XIRECS;56863.0;6
872414;;;ASH_COATED_OSMIUM;XIRECS;10011.0;5
873495;;;INTARIAN_PEPPER_ROOT;XIRECS;56885.0;3
873736;;;ASH_COATED_OSMIUM;XIRECS;10000.0;5
875599;;;ASH_COATED_OSMIUM;XIRECS;10009.0;3
879244;;;INTARIAN_PEPPER_ROOT;XIRECS;56886.0;3
879777;;;ASH_COATED_OSMIUM;XIRECS;10013.0;6
880247;;;INTARIAN_PEPPER_ROOT;XIRECS;56891.0;5
880655;;;ASH_COATED_OSMIUM;XIRECS;9989.0;2
880953;;;INTARIAN_PEPPER_ROOT;XIRECS;56877.0;7
882785;;;ASH_COATED_OSMIUM;XIRECS;10011.0;6
883385;;;ASH_COATED_OSMIUM;XIRECS;10006.0;9
883421;;;INTARIAN_PEPPER_ROOT;XIRECS;56888.0;3
884783;;;INTARIAN_PEPPER_ROOT;XIRECS;56879.0;4
889942;;;INTARIAN_PEPPER_ROOT;XIRECS;56886.0;6
890265;;;INTARIAN_PEPPER_ROOT;XIRECS;56885.0;6
891192;;;INTARIAN_PEPPER_ROOT;XIRECS;56889.0;3
892923;;;INTARIAN_PEPPER_ROOT;XIRECS;56900.0;5
894331;;;ASH_COATED_OSMIUM;XIRECS;9995.0;5
895147;;;INTARIAN_PEPPER_ROOT;XIRECS;56885.0;6
896381;;;INTARIAN_PEPPER_ROOT;XIRECS;56884.0;4
896851;;;INTARIAN_PEPPER_ROOT;XIRECS;56901.0;5
898425;;;ASH_COATED_OSMIUM;XIRECS;9995.0;8
899241;;;ASH_COATED_OSMIUM;XIRECS;10014.0;3
899799;;;ASH_COATED_OSMIUM;XIRECS;9985.0;4
900669;;;ASH_COATED_OSMIUM;XIRECS;10013.0;2
901498;;;INTARIAN_PEPPER_ROOT;XIRECS;56907.0;8
902034;;;INTARIAN_PEPPER_ROOT;XIRECS;56909.0;3
902652;;;ASH_COATED_OSMIUM;XIRECS;10005.0;2
904305;;;ASH_COATED_OSMIUM;XIRECS;10007.0;5
906244;;;ASH_COATED_OSMIUM;XIRECS;9993.0;5
906897;;;INTARIAN_PEPPER_ROOT;XIRECS;56914.0;4
907756;;;INTARIAN_PEPPER_ROOT;XIRECS;56917.0;7
910652;;;ASH_COATED_OSMIUM;XIRECS;9995.0;2
911845;;;INTARIAN_PEPPER_ROOT;XIRECS;56905.0;4
914647;;;INTARIAN_PEPPER_ROOT;XIRECS;56925.0;6
915106;;;ASH_COATED_OSMIUM;XIRECS;10016.0;6
917754;;;INTARIAN_PEPPER_ROOT;XIRECS;56924.0;3
919339;;;ASH_COATED_OSMIUM;XIRECS;10000.0;2
919824;;;INTARIAN_PEPPER_ROOT;XIRECS;56928.0;6
921224;;;ASH_COATED_OSMIUM;XIRECS;9984.0;5
925164;;;INTARIAN_PEPPER_ROOT;XIRECS;56929.0;4
925305;;;INTARIAN_PEPPER_ROOT;XIRECS;56932.0;6
925308;;;INTARIAN_PEPPER_ROOT;XIRECS;56919.0;5
927510;;;ASH_COATED_OSMIUM;XIRECS;9983.0;6
928488;;;ASH_COATED_OSMIUM;XIRECS;9993.0;3
928618;;;ASH_COATED_OSMIUM;XIRECS;9996.0;5
929925;;;INTARIAN_PEPPER_ROOT;XIRECS;56939.0;3
933186;;;ASH_COATED_OSMIUM;XIRECS;9984.0;4
934090;;;ASH_COATED_OSMIUM;XIRECS;10006.0;3
937584;;;ASH_COATED_OSMIUM;XIRECS;9986.0;5
938084;;;INTARIAN_PEPPER_ROOT;XIRECS;56927.0;5
939632;;;ASH_COATED_OSMIUM;XIRECS;9982.0;5
941319;;;ASH_COATED_OSMIUM;XIRECS;9985.0;8
945412;;;INTARIAN_PEPPER_ROOT;XIRECS;56939.0;3
946631;;;INTARIAN_PEPPER_ROOT;XIRECS;56955.0;7
948391;;;INTARIAN_PEPPER_ROOT;XIRECS;56939.0;4
949122;;;ASH_COATED_OSMIUM;XIRECS;9988.0;5
949277;;;ASH_COATED_OSMIUM;XIRECS;10007.0;5
949466;;;ASH_COATED_OSMIUM;XIRECS;10016.0;3
949881;;;ASH_COATED_OSMIUM;XIRECS;10020.0;10
951655;;;ASH_COATED_OSMIUM;XIRECS;9999.0;3
953324;;;ASH_COATED_OSMIUM;XIRECS;9990.0;5
954915;;;ASH_COATED_OSMIUM;XIRECS;9991.0;5
959318;;;ASH_COATED_OSMIUM;XIRECS;10014.0;9
960369;;;ASH_COATED_OSMIUM;XIRECS;9991.0;8
961797;;;INTARIAN_PEPPER_ROOT;XIRECS;56965.0;5
963315;;;INTARIAN_PEPPER_ROOT;XIRECS;56973.0;6
963428;;;ASH_COATED_OSMIUM;XIRECS;9988.0;2
963591;;;INTARIAN_PEPPER_ROOT;XIRECS;56970.0;3
963729;;;INTARIAN_PEPPER_ROOT;XIRECS;56957.0;3
965316;;;ASH_COATED_OSMIUM;XIRECS;9989.0;6
965393;;;ASH_COATED_OSMIUM;XIRECS;10008.0;10
965545;;;INTARIAN_PEPPER_ROOT;XIRECS;56974.0;7
967219;;;ASH_COATED_OSMIUM;XIRECS;9983.0;9
972165;;;ASH_COATED_OSMIUM;XIRECS;10017.0;4
972339;;;INTARIAN_PEPPER_ROOT;XIRECS;56979.0;7
972467;;;INTARIAN_PEPPER_ROOT;XIRECS;56967.0;6
973401;;;INTARIAN_PEPPER_ROOT;XIRECS;56966.0;6
973407;;;ASH_COATED_OSMIUM;XIRECS;10009.0;6
973647;;;ASH_COATED_OSMIUM;XIRECS;10003.0;8
974661;;;INTARIAN_PEPPER_ROOT;XIRECS;56982.0;6
974684;;;INTARIAN_PEPPER_ROOT;XIRECS;56982.0;8
976396;;;INTARIAN_PEPPER_ROOT;XIRECS;56968.0;8
977413;;;INTARIAN_PEPPER_ROOT;XIRECS;56981.0;3
979046;;;ASH_COATED_OSMIUM;XIRECS;10013.0;4
981224;;;INTARIAN_PEPPER_ROOT;XIRECS;56990.0;6
981775;;;ASH_COATED_OSMIUM;XIRECS;10002.0;4
982724;;;INTARIAN_PEPPER_ROOT;XIRECS;56987.0;7
984611;;;INTARIAN_PEPPER_ROOT;XIRECS;56979.0;4
985164;;;ASH_COATED_OSMIUM;XIRECS;10001.0;9
985391;;;ASH_COATED_OSMIUM;XIRECS;9987.0;6
986304;;;ASH_COATED_OSMIUM;XIRECS;9998.0;9
986733;;;INTARIAN_PEPPER_ROOT;XIRECS;56990.0;5
987417;;;ASH_COATED_OSMIUM;XIRECS;9999.0;5
988569;;;INTARIAN_PEPPER_ROOT;XIRECS;56984.0;4
988703;;;INTARIAN_PEPPER_ROOT;XIRECS;56982.0;3
996385;;;ASH_COATED_OSMIUM;XIRECS;9992.0;10
997068;;;ASH_COATED_OSMIUM;XIRECS;10009.0;2
998389;;;ASH_COATED_OSMIUM;XIRECS;9999.0;2
999037;;;INTARIAN_PEPPER_ROOT;XIRECS;57006.0;4
999480;;;ASH_COATED_OSMIUM;XIRECS;10008.0;4
999903;;;INTARIAN_PEPPER_ROOT;XIRECS;56992.0;5