timestamp;buyer;seller;symbol;currency;price;quantity
3196;;;INTARIAN_PEPPER_ROOT;XIRECS;24000.0;7
3314;;;INTARIAN_PEPPER_ROOT;XIRECS;24000.0;3
4366;;;INTARIAN_PEPPER_ROOT;XIRECS;24009.0;4
5046;;;ASH_COATED_OSMIUM;XIRECS;9987.0;7
6554;;;ASH_COATED_OSMIUM;XIRECS;10008.0;3
12881;;;INTARIAN_PEPPER_ROOT;XIRECS;24014.0;4
13226;;;ASH_COATED_OSMIUM;XIRECS;9985.0;6
13952;;;INTARIAN_PEPPER_ROOT;XIRECS;24018.0;6
14133;;;ASH_COATED_OSMIUM;XIRECS;10001.0;6
14322;;;INTARIAN_PEPPER_ROOT;XIRECS;24023.0;8
14763;;;INTARIAN_PEPPER_ROOT;XIRECS;24009.0;3
15658;;;INTARIAN_PEPPER_ROOT;XIRECS;24021.0;8
17105;;;ASH_COATED_OSMIUM;XIRECS;10003.0;7
17116;;;INTARIAN_PEPPER_ROOT;XIRECS;24022.0;4
17427;;;INTARIAN_PEPPER_ROOT;XIRECS;24025.0;3
17562;;;ASH_COATED_OSMIUM;XIRECS;9984.0;10
20576;;;ASH_COATED_OSMIUM;XIRECS;10010.0;4
22510;;;ASH_COATED_OSMIUM;XIRECS;10008.0;10
22804;;;INTARIAN_PEPPER_ROOT;XIRECS;24014.0;8
24606;;;ASH_COATED_OSMIUM;XIRECS;9990.0;5
26053;;;INTARIAN_PEPPER_ROOT;XIRECS;24031.0;5
26078;;;ASH_COATED_OSMIUM;XIRECS;10006.0;5
27979;;;INTARIAN_PEPPER_ROOT;XIRECS;24025.0;3
28074;;;INTARIAN_PEPPER_ROOT;XIRECS;24035.0;6
28481;;;INTARIAN_PEPPER_ROOT;XIRECS;24033.0;7
29028;;;ASH_COATED_OSMIUM;XIRECS;10011.0;8
31828;;;INTARIAN_PEPPER_ROOT;XIRECS;24039.0;3
31993;;;INTARIAN_PEPPER_ROOT;XIRECS;24027.0;7
32365;;;ASH_COATED_OSMIUM;XIRECS;9989.0;10
32703;;;INTARIAN_PEPPER_ROOT;XIRECS;24037.0;5
40595;;;INTARIAN_PEPPER_ROOT;XIRECS;24048.0;5
40912;;;ASH_COATED_OSMIUM;XIRECS;9988.0;4
41511;;;INTARIAN_PEPPER_ROOT;XIRECS;24036.0;5
42926;;;INTARIAN_PEPPER_ROOT;XIRECS;24036.0;6
44278;;;INTARIAN_PEPPER_ROOT;XIRECS;24037.0;7
44629;;;ASH_COATED_OSMIUM;XIRECS;9992.0;8
47272;;;ASH_COATED_OSMIUM;XIRECS;9986.0;10
48750;;;ASH_COATED_OSMIUM;XIRECS;9990.0;3
49282;;;INTARIAN_PEPPER_ROOT;XIRECS;24060.0;4
50322;;;INTARIAN_PEPPER_ROOT;XIRECS;24045.0;5
51380;;;INTARIAN_PEPPER_ROOT;XIRECS;24045.0;3
52968;;;ASH_COATED_OSMIUM;XIRECS;10007.0;9
53389;;;ASH_COATED_OSMIUM;XIRECS;10012.0;2
53949;;;ASH_COATED_OSMIUM;XIRECS;10014.0;2
54234;;;INTARIAN_PEPPER_ROOT;XIRECS;24052.0;6
56378;;;INTARIAN_PEPPER_ROOT;XIRECS;24050.0;5
58530;;;INTARIAN_PEPPER_ROOT;XIRECS;24057.0;7
58665;;;ASH_COATED_OSMIUM;XIRECS;9989.0;7
58777;;;INTARIAN_PEPPER_ROOT;XIRECS;24062.0;5
64801;;;ASH_COATED_OSMIUM;XIRECS;9989.0;6
65651;;;ASH_COATED_OSMIUM;XIRECS;9991.0;3
67508;;;ASH_COATED_OSMIUM;XIRECS;9984.0;2
69933;;;ASH_COATED_OSMIUM;XIRECS;10000.0;4
70092;;;ASH_COATED_OSMIUM;XIRECS;9989.0;5
71111;;;INTARIAN_PEPPER_ROOT;XIRECS;24083.0;3
71449;;;ASH_COATED_OSMIUM;XIRECS;10002.0;2
71934;;;INTARIAN_PEPPER_ROOT;XIRECS;24079.0;6
72308;;;INTARIAN_PEPPER_ROOT;XIRECS;24077.0;5
72778;;;INTARIAN_PEPPER_ROOT;XIRECS;24067.0;3
75545;;;ASH_COATED_OSMIUM;XIRECS;10001.0;6
75770;;;INTARIAN_PEPPER_ROOT;XIRECS;24081.0;7
76474;;;INTARIAN_PEPPER_ROOT;XIRECS;24069.0;7
78450;;;ASH_COATED_OSMIUM;XIRECS;10008.0;5
78826;;;ASH_COATED_OSMIUM;XIRECS;10003.0;6
79852;;;INTARIAN_PEPPER_ROOT;XIRECS;24074.0;4
80829;;;ASH_COATED_OSMIUM;XIRECS;9986.0;4
81562;;;ASH_COATED_OSMIUM;XIRECS;10002.0;8
84104;;;INTARIAN_PEPPER_ROOT;XIRECS;24076.0;3
84767;;;INTARIAN_PEPPER_ROOT;XIRECS;24080.0;5
87481;;;ASH_COATED_OSMIUM;XIRECS;9986.0;2
87678;;;ASH_COATED_OSMIUM;XIRECS;10003.0;4
89798;;;INTARIAN_PEPPER_ROOT;XIRECS;24084.0;3
90767;;;INTARIAN_PEPPER_ROOT;XIRECS;24095.0;5
92262;;;ASH_COATED_OSMIUM;XIRECS;10005.0;10
92811;;;ASH_COATED_OSMIUM;XIRECS;10000.0;5
97888;;;ASH_COATED_OSMIUM;XIRECS;9989.0;10
99797;;;INTARIAN_PEPPER_ROOT;XIRECS;24106.0;7
100842;;;INTARIAN_PEPPER_ROOT;XIRECS;24110.0;5
100994;;;INTARIAN_PEPPER_ROOT;XIRECS;24097.0;4
102591;;;ASH_COATED_OSMIUM;XIRECS;10012.0;6
107915;;;INTARIAN_PEPPER_ROOT;XIRECS;24111.0;4
108963;;;INTARIAN_PEPPER_ROOT;XIRECS;24117.0;4
108966;;;INTARIAN_PEPPER_ROOT;XIRECS;24103.0;5
114599;;;ASH_COATED_OSMIUM;XIRECS;9986.0;6
115007;;;ASH_COATED_OSMIUM;XIRECS;10009.0;6
118730;;;INTARIAN_PEPPER_ROOT;XIRECS;24110.0;3
119106;;;ASH_COATED_OSMIUM;XIRECS;10010.0;3
119276;;;INTARIAN_PEPPER_ROOT;XIRECS;24112.0;6
120187;;;INTARIAN_PEPPER_ROOT;XIRECS;24111.0;3
120603;;;ASH_COATED_OSMIUM;XIRECS;10012.0;10
124875;;;ASH_COATED_OSMIUM;XIRECS;10010.0;6
125326;;;INTARIAN_PEPPER_ROOT;XIRECS;24124.0;6
126845;;;INTARIAN_PEPPER_ROOT;XIRECS;24119.0;6
131220;;;INTARIAN_PEPPER_ROOT;XIRECS;24138.0;6
131867;;;INTARIAN_PEPPER_ROOT;XIRECS;24129.0;4
136067;;;INTARIAN_PEPPER_ROOT;XIRECS;24129.0;3
136629;;;ASH_COATED_OSMIUM;XIRECS;9997.0;8
137030;;;ASH_COATED_OSMIUM;XIRECS;10001.0;7
137746;;;ASH_COATED_OSMIUM;XIRECS;9991.0;3
140171;;;INTARIAN_PEPPER_ROOT;XIRECS;24148.0;4
140746;;;ASH_COATED_OSMIUM;XIRECS;10007.0;6
141533;;;ASH_COATED_OSMIUM;XIRECS;9995.0;7
142955;;;ASH_COATED_OSMIUM;XIRECS;10015.0;2
143000;;;ASH_COATED_OSMIUM;XIRECS;9992.0;5
143092;;;ASH_COATED_OSMIUM;XIRECS;10011.0;7
143949;;;ASH_COATED_OSMIUM;XIRECS;10005.0;6
144026;;;INTARIAN_PEPPER_ROOT;XIRECS;24146.0;5
145215;;;ASH_COATED_OSMIUM;XIRECS;9996.0;5
146357;;;INTARIAN_PEPPER_ROOT;XIRECS;24139.0;4
146406;;;ASH_COATED_OSMIUM;XIRECS;9990.0;6
146873;;;INTARIAN_PEPPER_ROOT;XIRECS;24153.0;4
149961;;;INTARIAN_PEPPER_ROOT;XIRECS;24156.0;3
150563;;;ASH_COATED_OSMIUM;XIRECS;9990.0;2
154207;;;ASH_COATED_OSMIUM;XIRECS;9987.0;5
158853;;;INTARIAN_PEPPER_ROOT;XIRECS;24150.0;5
159134;;;INTARIAN_PEPPER_ROOT;XIRECS;24151.0;7
159593;;;INTARIAN_PEPPER_ROOT;XIRECS;24165.0;3
160125;;;ASH_COATED_OSMIUM;XIRECS;10010.0;8
160215;;;INTARIAN_PEPPER_ROOT;XIRECS;24166.0;4
160287;;;ASH_COATED_OSMIUM;XIRECS;9986.0;4
163046;;;ASH_COATED_OSMIUM;XIRECS;10005.0;6
163761;;;ASH_COATED_OSMIUM;XIRECS;9998.0;6
164887;;;ASH_COATED_OSMIUM;XIRECS;10008.0;9
165339;;;INTARIAN_PEPPER_ROOT;XIRECS;24170.0;6
165606;;;INTARIAN_PEPPER_ROOT;XIRECS;24160.0;4
165875;;;INTARIAN_PEPPER_ROOT;XIRECS;24173.0;6
168842;;;INTARIAN_PEPPER_ROOT;XIRECS;24163.0;3
169500;;;ASH_COATED_OSMIUM;XIRECS;10010.0;5
174878;;;INTARIAN_PEPPER_ROOT;XIRECS;24168.0;3
174911;;;INTARIAN_PEPPER_ROOT;XIRECS;24180.0;4
175842;;;ASH_COATED_OSMIUM;XIRECS;10009.0;4
175863;;;ASH_COATED_OSMIUM;XIRECS;10009.0;3
176625;;;INTARIAN_PEPPER_ROOT;XIRECS;24168.0;3
179472;;;INTARIAN_PEPPER_ROOT;XIRECS;24172.0;5
183706;;;ASH_COATED_OSMIUM;XIRECS;10007.0;6
185573;;;ASH_COATED_OSMIUM;XIRECS;9995.0;5
186225;;;ASH_COATED_OSMIUM;XIRECS;10012.0;3
186476;;;ASH_COATED_OSMIUM;XIRECS;9996.0;6
188623;;;INTARIAN_PEPPER_ROOT;XIRECS;24196.0;4
190395;;;ASH_COATED_OSMIUM;XIRECS;9996.0;2
191542;;;INTARIAN_PEPPER_ROOT;XIRECS;24185.0;3
192585;;;INTARIAN_PEPPER_ROOT;XIRECS;24185.0;3
193995;;;ASH_COATED_OSMIUM;XIRECS;9995.0;8
196942;;;INTARIAN_PEPPER_ROOT;XIRECS;24203.0;5
197412;;;ASH_COATED_OSMIUM;XIRECS;10000.0;4
198379;;;ASH_COATED_OSMIUM;XIRECS;9999.0;9
199411;;;INTARIAN_PEPPER_ROOT;XIRECS;24211.0;6
199796;;;ASH_COATED_OSMIUM;XIRECS;9996.0;5
200416;;;ASH_COATED_OSMIUM;XIRECS;10013.0;5
200840;;;INTARIAN_PEPPER_ROOT;XIRECS;24206.0;6
202531;;;ASH_COATED_OSMIUM;XIRECS;10009.0;10
204665;;;ASH_COATED_OSMIUM;XIRECS;9999.0;9
211870;;;INTARIAN_PEPPER_ROOT;XIRECS;24204.0;5
212322;;;INTARIAN_PEPPER_ROOT;XIRECS;24218.0;7
212513;;;ASH_COATED_OSMIUM;XIRECS;10000.0;2
213190;;;ASH_COATED_OSMIUM;XIRECS;10018.0;9
213979;;;ASH_COATED_OSMIUM;XIRECS;9998.0;5
214248;;;INTARIAN_PEPPER_ROOT;XIRECS;24206.0;6
214819;;;INTARIAN_PEPPER_ROOT;XIRECS;24223.0;7
217680;;;ASH_COATED_OSMIUM;XIRECS;10014.0;7
218159;;;INTARIAN_PEPPER_ROOT;XIRECS;24214.0;6
223004;;;INTARIAN_PEPPER_ROOT;XIRECS;24231.0;5
224630;;;INTARIAN_PEPPER_ROOT;XIRECS;24217.0;6
225340;;;INTARIAN_PEPPER_ROOT;XIRECS;24232.0;5
226510;;;ASH_COATED_OSMIUM;XIRECS;10011.0;2
226735;;;ASH_COATED_OSMIUM;XIRECS;9994.0;4
227632;;;ASH_COATED_OSMIUM;XIRECS;9991.0;5
228446;;;ASH_COATED_OSMIUM;XIRECS;9995.0;6
228676;;;INTARIAN_PEPPER_ROOT;XIRECS;24224.0;6
230225;;;ASH_COATED_OSMIUM;XIRECS;10013.0;10
230562;;;ASH_COATED_OSMIUM;XIRECS;10006.0;4
231047;;;ASH_COATED_OSMIUM;XIRECS;9998.0;6
231327;;;ASH_COATED_OSMIUM;XIRECS;9997.0;2
231527;;;ASH_COATED_OSMIUM;XIRECS;9994.0;5
232075;;;INTARIAN_PEPPER_ROOT;XIRECS;24224.0;6
232888;;;ASH_COATED_OSMIUM;XIRECS;10008.0;9
235140;;;ASH_COATED_OSMIUM;XIRECS;9998.0;4
235191;;;INTARIAN_PEPPER_ROOT;XIRECS;24241.0;5
235463;;;ASH_COATED_OSMIUM;XIRECS;10014.0;3
236179;;;ASH_COATED_OSMIUM;XIRECS;10009.0;3
236749;;;ASH_COATED_OSMIUM;XIRECS;9993.0;8
237522;;;INTARIAN_PEPPER_ROOT;XIRECS;24231.0;6
237571;;;INTARIAN_PEPPER_ROOT;XIRECS;24231.0;7
240610;;;ASH_COATED_OSMIUM;XIRECS;9991.0;2
241212;;;INTARIAN_PEPPER_ROOT;XIRECS;24247.0;4
243278;;;INTARIAN_PEPPER_ROOT;XIRECS;24248.0;7
246667;;;ASH_COATED_OSMIUM;XIRECS;9991.0;5
248460;;;ASH_COATED_OSMIUM;XIRECS;10015.0;4
249922;;;ASH_COATED_OSMIUM;XIRECS;9990.0;10
250090;;;ASH_COATED_OSMIUM;XIRECS;10011.0;9
251462;;;INTARIAN_PEPPER_ROOT;XIRECS;24258.0;6
252509;;;ASH_COATED_OSMIUM;XIRECS;10011.0;6
253386;;;INTARIAN_PEPPER_ROOT;XIRECS;24246.0;5
253715;;;ASH_COATED_OSMIUM;XIRECS;10007.0;3
254905;;;ASH_COATED_OSMIUM;XIRECS;10015.0;2
257347;;;ASH_COATED_OSMIUM;XIRECS;10006.0;4
261297;;;INTARIAN_PEPPER_ROOT;XIRECS;24269.0;4
263095;;;ASH_COATED_OSMIUM;XIRECS;10012.0;3
264167;;;INTARIAN_PEPPER_ROOT;XIRECS;24267.0;5
265050;;;INTARIAN_PEPPER_ROOT;XIRECS;24265.0;3
265721;;;ASH_COATED_OSMIUM;XIRECS;10013.0;2
266487;;;ASH_COATED_OSMIUM;XIRECS;10012.0;6
266607;;;INTARIAN_PEPPER_ROOT;XIRECS;24270.0;5
267895;;;ASH_COATED_OSMIUM;XIRECS;9996.0;10
268055;;;ASH_COATED_OSMIUM;XIRECS;9990.0;4
268605;;;INTARIAN_PEPPER_ROOT;XIRECS;24276.0;7
268882;;;ASH_COATED_OSMIUM;XIRECS;9989.0;2
272088;;;INTARIAN_PEPPER_ROOT;XIRECS;24277.0;5
275161;;;ASH_COATED_OSMIUM;XIRECS;9992.0;5
275275;;;INTARIAN_PEPPER_ROOT;XIRECS;24269.0;6
275897;;;ASH_COATED_OSMIUM;XIRECS;9993.0;3
276124;;;ASH_COATED_OSMIUM;XIRECS;9992.0;6
278827;;;ASH_COATED_OSMIUM;XIRECS;10007.0;9
279413;;;ASH_COATED_OSMIUM;XIRECS;10006.0;6
282390;;;INTARIAN_PEPPER_ROOT;XIRECS;24281.0;8
282728;;;ASH_COATED_OSMIUM;XIRECS;9990.0;6
282895;;;ASH_COATED_OSMIUM;XIRECS;10010.0;10
283446;;;ASH_COATED_OSMIUM;XIRECS;9996.0;6
286625;;;ASH_COATED_OSMIUM;XIRECS;10013.0;3
287099;;;INTARIAN_PEPPER_ROOT;XIRECS;24279.0;7
290127;;;ASH_COATED_OSMIUM;XIRECS;9989.0;5
290369;;;ASH_COATED_OSMIUM;XIRECS;9990.0;4
293885;;;ASH_COATED_OSMIUM;XIRECS;9984.0;5
294488;;;INTARIAN_PEPPER_ROOT;XIRECS;24297.0;4
294860;;;INTARIAN_PEPPER_ROOT;XIRECS;24301.0;5
295312;;;ASH_COATED_OSMIUM;XIRECS;10003.0;8
297128;;;INTARIAN_PEPPER_ROOT;XIRECS;24303.0;5
298049;;;INTARIAN_PEPPER_ROOT;XIRECS;24287.0;4
299111;;;ASH_COATED_OSMIUM;XIRECS;10011.0;5
299236;;;ASH_COATED_OSMIUM;XIRECS;10011.0;4
300464;;;INTARIAN_PEPPER_ROOT;XIRECS;24307.0;6
300618;;;ASH_COATED_OSMIUM;XIRECS;9988.0;3
301458;;;ASH_COATED_OSMIUM;XIRECS;10010.0;7
302545;;;ASH_COATED_OSMIUM;XIRECS;10011.0;4
305235;;;INTARIAN_PEPPER_ROOT;XIRECS;24296.0;7
306740;;;INTARIAN_PEPPER_ROOT;XIRECS;24317.0;4
308179;;;ASH_COATED_OSMIUM;XIRECS;10008.0;5
308255;;;ASH_COATED_OSMIUM;XIRECS;10008.0;4
308362;;;ASH_COATED_OSMIUM;XIRECS;10013.0;5
310272;;;INTARIAN_PEPPER_ROOT;XIRECS;24319.0;6
310594;;;INTARIAN_PEPPER_ROOT;XIRECS;24302.0;5
311708;;;ASH_COATED_OSMIUM;XIRECS;9993.0;6
311906;;;ASH_COATED_OSMIUM;XIRECS;9994.0;5
312400;;;INTARIAN_PEPPER_ROOT;XIRECS;24307.0;4
313105;;;INTARIAN_PEPPER_ROOT;XIRECS;24306.0;4
316483;;;INTARIAN_PEPPER_ROOT;XIRECS;24311.0;3
317503;;;ASH_COATED_OSMIUM;XIRECS;10011.0;3
317716;;;INTARIAN_PEPPER_ROOT;XIRECS;24326.0;3
318743;;;ASH_COATED_OSMIUM;XIRECS;10012.0;2
319635;;;ASH_COATED_OSMIUM;XIRECS;10018.0;4
320201;;;INTARIAN_PEPPER_ROOT;XIRECS;24311.0;6
320386;;;ASH_COATED_OSMIUM;XIRECS;9994.0;6
321104;;;ASH_COATED_OSMIUM;XIRECS;9996.0;2
321409;;;ASH_COATED_OSMIUM;XIRECS;9996.0;3
321555;;;ASH_COATED_OSMIUM;XIRECS;10013.0;2
321852;;;INTARIAN_PEPPER_ROOT;XIRECS;24314.0;4
322501;;;ASH_COATED_OSMIUM;XIRECS;10018.0;8
323034;;;ASH_COATED_OSMIUM;XIRECS;9996.0;6
325924;;;ASH_COATED_OSMIUM;XIRECS;10004.0;8
326207;;;INTARIAN_PEPPER_ROOT;XIRECS;24319.0;6
327641;;;ASH_COATED_OSMIUM;XIRECS;10019.0;2
328071;;;INTARIAN_PEPPER_ROOT;XIRECS;24318.0;4
328714;;;INTARIAN_PEPPER_ROOT;XIRECS;24321.0;6
329093;;;INTARIAN_PEPPER_ROOT;XIRECS;24332.0;7
329879;;;ASH_COATED_OSMIUM;XIRECS;10002.0;3
330633;;;INTARIAN_PEPPER_ROOT;XIRECS;24323.0;6
330799;;;ASH_COATED_OSMIUM;XIRECS;10013.0;8
331117;;;ASH_COATED_OSMIUM;XIRECS;9997.0;6
331880;;;INTARIAN_PEPPER_ROOT;XIRECS;24322.0;6
333611;;;ASH_COATED_OSMIUM;XIRECS;10005.0;2
334821;;;INTARIAN_PEPPER_ROOT;XIRECS;24339.0;5
339554;;;INTARIAN_PEPPER_ROOT;XIRECS;24332.0;8
341446;;;ASH_COATED_OSMIUM;XIRECS;10002.0;6
344009;;;INTARIAN_PEPPER_ROOT;XIRECS;24338.0;5
344436;;;ASH_COATED_OSMIUM;XIRECS;10000.0;6
346157;;;ASH_COATED_OSMIUM;XIRECS;9999.0;9
349297;;;ASH_COATED_OSMIUM;XIRECS;9996.0;2
350421;;;ASH_COATED_OSMIUM;XIRECS;9999.0;3
351489;;;ASH_COATED_OSMIUM;XIRECS;10015.0;9
353691;;;ASH_COATED_OSMIUM;XIRECS;10000.0;7
355014;;;ASH_COATED_OSMIUM;XIRECS;9992.0;5
357527;;;INTARIAN_PEPPER_ROOT;XIRECS;24364.0;6
358318;;;INTARIAN_PEPPER_ROOT;XIRECS;24352.0;3
358596;;;INTARIAN_PEPPER_ROOT;XIRECS;24353.0;5
358972;;;INTARIAN_PEPPER_ROOT;XIRECS;24351.0;6
359516;;;INTARIAN_PEPPER_ROOT;XIRECS;24364.0;5
362860;;;INTARIAN_PEPPER_ROOT;XIRECS;24356.0;3
366853;;;INTARIAN_PEPPER_ROOT;XIRECS;24359.0;4
366883;;;ASH_COATED_OSMIUM;XIRECS;9993.0;5
368300;;;ASH_COATED_OSMIUM;XIRECS;9993.0;8
368460;;;ASH_COATED_OSMIUM;XIRECS;10010.0;5
369100;;;ASH_COATED_OSMIUM;XIRECS;10009.0;5
370638;;;ASH_COATED_OSMIUM;XIRECS;10010.0;5
374802;;;ASH_COATED_OSMIUM;XIRECS;10008.0;3
375356;;;INTARIAN_PEPPER_ROOT;XIRECS;24381.0;7
379498;;;INTARIAN_PEPPER_ROOT;XIRECS;24390.0;7
379674;;;INTARIAN_PEPPER_ROOT;XIRECS;24392.0;6
380774;;;ASH_COATED_OSMIUM;XIRECS;10013.0;4
381435;;;ASH_COATED_OSMIUM;XIRECS;10009.0;3
381515;;;ASH_COATED_OSMIUM;XIRECS;9996.0;5
381871;;;ASH_COATED_OSMIUM;XIRECS;10015.0;2
383658;;;INTARIAN_PEPPER_ROOT;XIRECS;24389.0;5
385956;;;ASH_COATED_OSMIUM;XIRECS;10005.0;5
387897;;;ASH_COATED_OSMIUM;XIRECS;9991.0;2
394207;;;ASH_COATED_OSMIUM;XIRECS;10010.0;8
394353;;;INTARIAN_PEPPER_ROOT;XIRECS;24388.0;5
394566;;;INTARIAN_PEPPER_ROOT;XIRECS;24389.0;7
394992;;;INTARIAN_PEPPER_ROOT;XIRECS;24382.0;7
395022;;;INTARIAN_PEPPER_ROOT;XIRECS;24387.0;6
397370;;;INTARIAN_PEPPER_ROOT;XIRECS;24409.0;7
397802;;;INTARIAN_PEPPER_ROOT;XIRECS;24391.0;5
397998;;;ASH_COATED_OSMIUM;XIRECS;9992.0;6
399563;;;INTARIAN_PEPPER_ROOT;XIRECS;24392.0;3
402116;;;INTARIAN_PEPPER_ROOT;XIRECS;24407.0;3
405762;;;ASH_COATED_OSMIUM;XIRECS;9992.0;6
408629;;;INTARIAN_PEPPER_ROOT;XIRECS;24417.0;7
411226;;;INTARIAN_PEPPER_ROOT;XIRECS;24404.0;7
412187;;;INTARIAN_PEPPER_ROOT;XIRECS;24417.0;5
413409;;;ASH_COATED_OSMIUM;XIRECS;10010.0;8
413652;;;ASH_COATED_OSMIUM;XIRECS;10009.0;5
414387;;;ASH_COATED_OSMIUM;XIRECS;10015.0;5
415801;;;INTARIAN_PEPPER_ROOT;XIRECS;24407.0;4
420077;;;INTARIAN_PEPPER_ROOT;XIRECS;24424.0;7
421012;;;INTARIAN_PEPPER_ROOT;XIRECS;24416.0;6
421473;;;ASH_COATED_OSMIUM;XIRECS;10001.0;6
422095;;;ASH_COATED_OSMIUM;XIRECS;9997.0;3
422316;;;ASH_COATED_OSMIUM;XIRECS;9995.0;4
424014;;;INTARIAN_PEPPER_ROOT;XIRECS;24417.0;4
427314;;;ASH_COATED_OSMIUM;XIRECS;10019.0;10
428879;;;ASH_COATED_OSMIUM;XIRECS;10018.0;10
430643;;;INTARIAN_PEPPER_ROOT;XIRECS;24436.0;7
432242;;;INTARIAN_PEPPER_ROOT;XIRECS;24430.0;5
432579;;;INTARIAN_PEPPER_ROOT;XIRECS;24437.0;3
432796;;;INTARIAN_PEPPER_ROOT;XIRECS;24427.0;3
433685;;;ASH_COATED_OSMIUM;XIRECS;10016.0;5
434189;;;ASH_COATED_OSMIUM;XIRECS;9993.0;6
435938;;;ASH_COATED_OSMIUM;XIRECS;10008.0;2
436540;;;INTARIAN_PEPPER_ROOT;XIRECS;24446.0;5
436653;;;ASH_COATED_OSMIUM;XIRECS;9992.0;5
437362;;;INTARIAN_PEPPER_ROOT;XIRECS;24433.0;3
437935;;;INTARIAN_PEPPER_ROOT;XIRECS;24448.0;7
438591;;;ASH_COATED_OSMIUM;XIRECS;9996.0;5
440955;;;INTARIAN_PEPPER_ROOT;XIRECS;24447.0;3
444257;;;INTARIAN_PEPPER_ROOT;XIRECS;24440.0;5
444653;;;ASH_COATED_OSMIUM;XIRECS;10019.0;5
444713;;;ASH_COATED_OSMIUM;XIRECS;10004.0;3
445839;;;ASH_COATED_OSMIUM;XIRECS;9999.0;10
446486;;;INTARIAN_PEPPER_ROOT;XIRECS;24441.0;5
449266;;;ASH_COATED_OSMIUM;XIRECS;10015.0;6
450614;;;ASH_COATED_OSMIUM;XIRECS;9996.0;2
451481;;;INTARIAN_PEPPER_ROOT;XIRECS;24445.0;4
453241;;;ASH_COATED_OSMIUM;XIRECS;10013.0;6
453645;;;INTARIAN_PEPPER_ROOT;XIRECS;24449.0;6
458305;;;INTARIAN_PEPPER_ROOT;XIRECS;24452.0;6
459470;;;ASH_COATED_OSMIUM;XIRECS;9999.0;7
459889;;;ASH_COATED_OSMIUM;XIRECS;10001.0;5
461186;;;ASH_COATED_OSMIUM;XIRECS;10019.0;9
463557;;;ASH_COATED_OSMIUM;XIRECS;10019.0;5
463589;;;INTARIAN_PEPPER_ROOT;XIRECS;24471.0;5
463990;;;INTARIAN_PEPPER_ROOT;XIRECS;24469.0;7
464231;;;INTARIAN_PEPPER_ROOT;XIRECS;24453.0;7
465886;;;ASH_COATED_OSMIUM;XIRECS;10005.0;6
466032;;;INTARIAN_PEPPER_ROOT;XIRECS;24463.0;6
469911;;;INTARIAN_PEPPER_ROOT;XIRECS;24475.0;5
470350;;;ASH_COATED_OSMIUM;XIRECS;9997.0;5
471287;;;INTARIAN_PEPPER_ROOT;XIRECS;24466.0;4
472791;;;INTARIAN_PEPPER_ROOT;XIRECS;24469.0;8
472814;;;INTARIAN_PEPPER_ROOT;XIRECS;24482.0;7
474410;;;INTARIAN_PEPPER_ROOT;XIRECS;24467.0;3
474425;;;ASH_COATED_OSMIUM;XIRECS;10001.0;6
474556;;;ASH_COATED_OSMIUM;XIRECS;10007.0;5
474564;;;INTARIAN_PEPPER_ROOT;XIRECS;24464.0;4
474736;;;ASH_COATED_OSMIUM;XIRECS;10023.0;6
475608;;;INTARIAN_PEPPER_ROOT;XIRECS;24481.0;7
477329;;;INTARIAN_PEPPER_ROOT;XIRECS;24480.0;7
479393;;;ASH_COATED_OSMIUM;XIRECS;10007.0;3
480769;;;INTARIAN_PEPPER_ROOT;XIRECS;24485.0;4
481544;;;ASH_COATED_OSMIUM;XIRECS;10008.0;4
482094;;;INTARIAN_PEPPER_ROOT;XIRECS;24479.0;7
482710;;;ASH_COATED_OSMIUM;XIRECS;10029.0;8
484112;;;ASH_COATED_OSMIUM;XIRECS;10014.0;10
484293;;;ASH_COATED_OSMIUM;XIRECS;10016.0;4
484468;;;ASH_COATED_OSMIUM;XIRECS;10025.0;4
484782;;;INTARIAN_PEPPER_ROOT;XIRECS;24471.0;4
485050;;;ASH_COATED_OSMIUM;XIRECS;10014.0;5
485992;;;ASH_COATED_OSMIUM;XIRECS;10008.0;2
487067;;;ASH_COATED_OSMIUM;XIRECS;10007.0;6
487229;;;INTARIAN_PEPPER_ROOT;XIRECS;24481.0;7
487881;;;ASH_COATED_OSMIUM;XIRECS;10023.0;6
492490;;;INTARIAN_PEPPER_ROOT;XIRECS;24487.0;4
492715;;;INTARIAN_PEPPER_ROOT;XIRECS;24484.0;8
493348;;;ASH_COATED_OSMIUM;XIRECS;10001.0;7
493410;;;INTARIAN_PEPPER_ROOT;XIRECS;24503.0;5
495835;;;ASH_COATED_OSMIUM;XIRECS;10000.0;7
496715;;;INTARIAN_PEPPER_ROOT;XIRECS;24500.0;6
501428;;;ASH_COATED_OSMIUM;XIRECS;10005.0;4
501827;;;ASH_COATED_OSMIUM;XIRECS;10021.0;4
504630;;;ASH_COATED_OSMIUM;XIRECS;10000.0;4
505002;;;INTARIAN_PEPPER_ROOT;XIRECS;24501.0;4
505593;;;ASH_COATED_OSMIUM;XIRECS;10017.0;3
506164;;;INTARIAN_PEPPER_ROOT;XIRECS;24516.0;5
506343;;;ASH_COATED_OSMIUM;XIRECS;9997.0;5
507268;;;INTARIAN_PEPPER_ROOT;XIRECS;24500.0;3
509520;;;ASH_COATED_OSMIUM;XIRECS;9996.0;9
511202;;;INTARIAN_PEPPER_ROOT;XIRECS;24505.0;3
513471;;;ASH_COATED_OSMIUM;XIRECS;10014.0;3
515406;;;ASH_COATED_OSMIUM;XIRECS;10008.0;9
519553;;;INTARIAN_PEPPER_ROOT;XIRECS;24504.0;7
521223;;;INTARIAN_PEPPER_ROOT;XIRECS;24525.0;5
521932;;;ASH_COATED_OSMIUM;XIRECS;10014.0;3
526617;;;ASH_COATED_OSMIUM;XIRECS;9988.0;5
529615;;;INTARIAN_PEPPER_ROOT;XIRECS;24533.0;3
531713;;;ASH_COATED_OSMIUM;XIRECS;9993.0;7
532593;;;INTARIAN_PEPPER_ROOT;XIRECS;24523.0;5
533039;;;ASH_COATED_OSMIUM;XIRECS;10000.0;4
539121;;;INTARIAN_PEPPER_ROOT;XIRECS;24546.0;5
540063;;;INTARIAN_PEPPER_ROOT;XIRECS;24532.0;4
540512;;;INTARIAN_PEPPER_ROOT;XIRECS;24534.0;3
540579;;;ASH_COATED_OSMIUM;XIRECS;10015.0;6
542434;;;ASH_COATED_OSMIUM;XIRECS;10022.0;4
542525;;;ASH_COATED_OSMIUM;XIRECS;10006.0;9
545982;;;ASH_COATED_OSMIUM;XIRECS;10017.0;3
548420;;;ASH_COATED_OSMIUM;XIRECS;10015.0;5
548604;;;ASH_COATED_OSMIUM;XIRECS;10023.0;8
551482;;;ASH_COATED_OSMIUM;XIRECS;9997.0;5
551708;;;INTARIAN_PEPPER_ROOT;XIRECS;24546.0;7
551837;;;ASH_COATED_OSMIUM;XIRECS;10020.0;5
552495;;;INTARIAN_PEPPER_ROOT;XIRECS;24559.0;3
553406;;;INTARIAN_PEPPER_ROOT;XIRECS;24561.0;7
554445;;;INTARIAN_PEPPER_ROOT;XIRECS;24561.0;6
555765;;;ASH_COATED_OSMIUM;XIRECS;10013.0;7
556147;;;ASH_COATED_OSMIUM;XIRECS;10019.0;2
556772;;;ASH_COATED_OSMIUM;XIRECS;10003.0;6
561220;;;ASH_COATED_OSMIUM;XIRECS;10002.0;6
561356;;;INTARIAN_PEPPER_ROOT;XIRECS;24565.0;3
563697;;;INTARIAN_PEPPER_ROOT;XIRECS;24570.0;7
563863;;;INTARIAN_PEPPER_ROOT;XIRECS;24572.0;7
563971;;;ASH_COATED_OSMIUM;XIRECS;10018.0;4
565489;;;INTARIAN_PEPPER_ROOT;XIRECS;24557.0;8
568416;;;ASH_COATED_OSMIUM;XIRECS;9999.0;6
569885;;;ASH_COATED_OSMIUM;XIRECS;10012.0;6
570406;;;ASH_COATED_OSMIUM;XIRECS;10011.0;4
572119;;;INTARIAN_PEPPER_ROOT;XIRECS;24562.0;6
573016;;;ASH_COATED_OSMIUM;XIRECS;9993.0;5
573588;;;ASH_COATED_OSMIUM;XIRECS;10011.0;5
575850;;;ASH_COATED_OSMIUM;XIRECS;10015.0;5
576504;;;INTARIAN_PEPPER_ROOT;XIRECS;24566.0;6
576748;;;ASH_COATED_OSMIUM;XIRECS;10019.0;3
579817;;;ASH_COATED_OSMIUM;XIRECS;10002.0;6
580164;;;ASH_COATED_OSMIUM;XIRECS;10012.0;2
580752;;;INTARIAN_PEPPER_ROOT;XIRECS;24575.0;4
581001;;;ASH_COATED_OSMIUM;XIRECS;10019.0;6
581407;;;ASH_COATED_OSMIUM;XIRECS;9996.0;3
583154;;;INTARIAN_PEPPER_ROOT;XIRECS;24576.0;5
584373;;;ASH_COATED_OSMIUM;XIRECS;10013.0;3
585426;;;ASH_COATED_OSMIUM;XIRECS;9995.0;6
586351;;;INTARIAN_PEPPER_ROOT;XIRECS;24580.0;3
587520;;;ASH_COATED_OSMIUM;XIRECS;10017.0;7
587947;;;ASH_COATED_OSMIUM;XIRECS;10000.0;5
589288;;;ASH_COATED_OSMIUM;XIRECS;10002.0;3
592027;;;ASH_COATED_OSMIUM;XIRECS;9998.0;5
592746;;;INTARIAN_PEPPER_ROOT;XIRECS;24599.0;4
595689;;;ASH_COATED_OSMIUM;XIRECS;10014.0;6
596030;;;INTARIAN_PEPPER_ROOT;XIRECS;24592.0;4
596054;;;INTARIAN_PEPPER_ROOT;XIRECS;24592.0;6
597913;;;ASH_COATED_OSMIUM;XIRECS;10017.0;6
604859;;;ASH_COATED_OSMIUM;XIRECS;10021.0;4
604955;;;ASH_COATED_OSMIUM;XIRECS;10023.0;6
609480;;;INTARIAN_PEPPER_ROOT;XIRECS;24618.0;4
609894;;;ASH_COATED_OSMIUM;XIRECS;10008.0;5
612128;;;ASH_COATED_OSMIUM;XIRECS;10018.0;5
612543;;;ASH_COATED_OSMIUM;XIRECS;10017.0;10
615356;;;ASH_COATED_OSMIUM;XIRECS;10007.0;7
615485;;;ASH_COATED_OSMIUM;XIRECS;10007.0;7
615886;;;INTARIAN_PEPPER_ROOT;XIRECS;24614.0;5
616873;;;ASH_COATED_OSMIUM;XIRECS;9990.0;3
617223;;;ASH_COATED_OSMIUM;XIRECS;9989.0;5
618119;;;ASH_COATED_OSMIUM;XIRECS;10011.0;2
619129;;;INTARIAN_PEPPER_ROOT;XIRECS;24625.0;5
620796;;;ASH_COATED_OSMIUM;XIRECS;9995.0;4
621652;;;INTARIAN_PEPPER_ROOT;XIRECS;24626.0;8
622889;;;INTARIAN_PEPPER_ROOT;XIRECS;24626.0;4
624857;;;INTARIAN_PEPPER_ROOT;XIRECS;24618.0;8
626052;;;INTARIAN_PEPPER_ROOT;XIRECS;24617.0;4
626055;;;INTARIAN_PEPPER_ROOT;XIRECS;24634.0;7
627994;;;ASH_COATED_OSMIUM;XIRECS;10008.0;7
629175;;;ASH_COATED_OSMIUM;XIRECS;9996.0;7
631347;;;INTARIAN_PEPPER_ROOT;XIRECS;24628.0;4
632483;;;INTARIAN_PEPPER_ROOT;XIRECS;24639.0;6
632776;;;ASH_COATED_OSMIUM;XIRECS;9990.0;5
636274;;;INTARIAN_PEPPER_ROOT;XIRECS;24641.0;7
636943;;;ASH_COATED_OSMIUM;XIRECS;10004.0;4
637375;;;INTARIAN_PEPPER_ROOT;XIRECS;24644.0;4
637978;;;ASH_COATED_OSMIUM;XIRECS;9993.0;4
638532;;;ASH_COATED_OSMIUM;XIRECS;10010.0;7
639357;;;INTARIAN_PEPPER_ROOT;XIRECS;24625.0;5
640695;;;ASH_COATED_OSMIUM;XIRECS;9989.0;6
640993;;;INTARIAN_PEPPER_ROOT;XIRECS;24646.0;6
646365;;;INTARIAN_PEPPER_ROOT;XIRECS;24635.0;3
647139;;;ASH_COATED_OSMIUM;XIRECS;10009.0;6
648131;;;ASH_COATED_OSMIUM;XIRECS;10005.0;6
648415;;;ASH_COATED_OSMIUM;XIRECS;9995.0;4
651315;;;INTARIAN_PEPPER_ROOT;XIRECS;24647.0;5
652977;;;ASH_COATED_OSMIUM;XIRECS;9986.0;5
653203;;;INTARIAN_PEPPER_ROOT;XIRECS;24646.0;6
653299;;;INTARIAN_PEPPER_ROOT;XIRECS;24659.0;3
653864;;;INTARIAN_PEPPER_ROOT;XIRECS;24647.0;7
655805;;;INTARIAN_PEPPER_ROOT;XIRECS;24651.0;7
656490;;;ASH_COATED_OSMIUM;XIRECS;9995.0;3
656584;;;INTARIAN_PEPPER_ROOT;XIRECS;24662.0;3
660772;;;ASH_COATED_OSMIUM;XIRECS;10010.0;2
663708;;;ASH_COATED_OSMIUM;XIRECS;10005.0;7
664300;;;ASH_COATED_OSMIUM;XIRECS;10005.0;2
664368;;;ASH_COATED_OSMIUM;XIRECS;9989.0;8
665081;;;INTARIAN_PEPPER_ROOT;XIRECS;24657.0;3
667555;;;ASH_COATED_OSMIUM;XIRECS;9991.0;7
668798;;;ASH_COATED_OSMIUM;XIRECS;9992.0;6
669882;;;INTARIAN_PEPPER_ROOT;XIRECS;24677.0;6
670616;;;ASH_COATED_OSMIUM;XIRECS;10009.0;7
670840;;;ASH_COATED_OSMIUM;XIRECS;9999.0;5
671896;;;ASH_COATED_OSMIUM;XIRECS;9999.0;5
672434;;;ASH_COATED_OSMIUM;XIRECS;10014.0;6
674559;;;ASH_COATED_OSMIUM;XIRECS;10014.0;4
675408;;;ASH_COATED_OSMIUM;XIRECS;9997.0;5
680406;;;ASH_COATED_OSMIUM;XIRECS;9994.0;3
683247;;;INTARIAN_PEPPER_ROOT;XIRECS;24692.0;5
683747;;;INTARIAN_PEPPER_ROOT;XIRECS;24674.0;5
684574;;;ASH_COATED_OSMIUM;XIRECS;10017.0;2
687880;;;INTARIAN_PEPPER_ROOT;XIRECS;24682.0;3
688072;;;ASH_COATED_OSMIUM;XIRECS;9993.0;8
689573;;;ASH_COATED_OSMIUM;XIRECS;9991.0;6
694308;;;INTARIAN_PEPPER_ROOT;XIRECS;24689.0;7
695487;;;ASH_COATED_OSMIUM;XIRECS;9994.0;5
695771;;;INTARIAN_PEPPER_ROOT;XIRECS;24691.0;6
697295;;;ASH_COATED_OSMIUM;XIRECS;9996.0;3
706475;;;ASH_COATED_OSMIUM;XIRECS;9994.0;5
707268;;;ASH_COATED_OSMIUM;XIRECS;10015.0;6
710146;;;ASH_COATED_OSMIUM;XIRECS;9999.0;6
713165;;;ASH_COATED_OSMIUM;XIRECS;10012.0;4
713661;;;ASH_COATED_OSMIUM;XIRECS;9988.0;6
713812;;;ASH_COATED_OSMIUM;XIRECS;9995.0;10
713833;;;ASH_COATED_OSMIUM;XIRECS;10011.0;6
714215;;;ASH_COATED_OSMIUM;XIRECS;9994.0;4
715782;;;ASH_COATED_OSMIUM;XIRECS;9995.0;7
717157;;;INTARIAN_PEPPER_ROOT;XIRECS;24724.0;3
717445;;;ASH_COATED_OSMIUM;XIRECS;9989.0;3
717753;;;INTARIAN_PEPPER_ROOT;XIRECS;24712.0;5
720901;;;ASH_COATED_OSMIUM;XIRECS;10006.0;6
721402;;;ASH_COATED_OSMIUM;XIRECS;9999.0;3
721965;;;INTARIAN_PEPPER_ROOT;XIRECS;24728.0;3
722277;;;INTARIAN_PEPPER_ROOT;XIRECS;24728.0;5
722311;;;ASH_COATED_OSMIUM;XIRECS;10014.0;7
723978;;;INTARIAN_PEPPER_ROOT;XIRECS;24717.0;5
724114;;;ASH_COATED_OSMIUM;XIRECS;9991.0;9
725299;;;INTARIAN_PEPPER_ROOT;XIRECS;24733.0;5
725575;;;INTARIAN_PEPPER_ROOT;XIRECS;24734.0;7
728480;;;ASH_COATED_OSMIUM;XIRECS;9990.0;5
729076;;;ASH_COATED_OSMIUM;XIRECS;9989.0;5
730407;;;INTARIAN_PEPPER_ROOT;XIRECS;24737.0;3
732631;;;ASH_COATED_OSMIUM;XIRECS;9994.0;6
732868;;;ASH_COATED_OSMIUM;XIRECS;10005.0;3
735605;;;ASH_COATED_OSMIUM;XIRECS;10006.0;8
739192;;;ASH_COATED_OSMIUM;XIRECS;9988.0;3
746431;;;INTARIAN_PEPPER_ROOT;XIRECS;24741.0;4
746896;;;ASH_COATED_OSMIUM;XIRECS;10001.0;4
747874;;;ASH_COATED_OSMIUM;XIRECS;10002.0;8
748141;;;INTARIAN_PEPPER_ROOT;XIRECS;24752.0;5
750138;;;ASH_COATED_OSMIUM;XIRECS;9989.0;5
750243;;;INTARIAN_PEPPER_ROOT;XIRECS;24756.0;3
750540;;;ASH_COATED_OSMIUM;XIRECS;9990.0;5
750562;;;INTARIAN_PEPPER_ROOT;XIRECS;24743.0;7
750718;;;ASH_COATED_OSMIUM;XIRECS;10000.0;4
751073;;;INTARIAN_PEPPER_ROOT;XIRECS;24757.0;6
757393;;;INTARIAN_PEPPER_ROOT;XIRECS;24746.0;6
757727;;;INTARIAN_PEPPER_ROOT;XIRECS;24767.0;3
758735;;;ASH_COATED_OSMIUM;XIRECS;9988.0;5
759036;;;ASH_COATED_OSMIUM;XIRECS;9987.0;5
759737;;;ASH_COATED_OSMIUM;XIRECS;10010.0;4
759858;;;ASH_COATED_OSMIUM;XIRECS;10002.0;5
759860;;;ASH_COATED_OSMIUM;XIRECS;10002.0;5
764316;;;INTARIAN_PEPPER_ROOT;XIRECS;24770.0;4
764853;;;ASH_COATED_OSMIUM;XIRECS;10008.0;6
767430;;;ASH_COATED_OSMIUM;XIRECS;10015.0;6
769179;;;INTARIAN_PEPPER_ROOT;XIRECS;24774.0;6
770617;;;INTARIAN_PEPPER_ROOT;XIRECS;24775.0;5
770994;;;ASH_COATED_OSMIUM;XIRECS;10013.0;3
771829;;;INTARIAN_PEPPER_ROOT;XIRECS;24778.0;6
773921;;;INTARIAN_PEPPER_ROOT;XIRECS;24765.0;5
775179;;;INTARIAN_PEPPER_ROOT;XIRECS;24780.0;5
778917;;;ASH_COATED_OSMIUM;XIRECS;9990.0;6
783814;;;ASH_COATED_OSMIUM;XIRECS;10011.0;10
786227;;;INTARIAN_PEPPER_ROOT;XIRECS;24776.0;8
788300;;;INTARIAN_PEPPER_ROOT;XIRECS;24793.0;3
790609;;;ASH_COATED_OSMIUM;XIRECS;10008.0;10
790928;;;ASH_COATED_OSMIUM;XIRECS;10009.0;3
792156;;;ASH_COATED_OSMIUM;XIRECS;9990.0;2
796632;;;INTARIAN_PEPPER_ROOT;XIRECS;24804.0;4
797444;;;ASH_COATED_OSMIUM;XIRECS;10004.0;4
797852;;;INTARIAN_PEPPER_ROOT;XIRECS;24792.0;8
798256;;;ASH_COATED_OSMIUM;XIRECS;10009.0;2
799131;;;ASH_COATED_OSMIUM;XIRECS;10005.0;5
799550;;;INTARIAN_PEPPER_ROOT;XIRECS;24806.0;7
800126;;;ASH_COATED_OSMIUM;XIRECS;10004.0;8
800767;;;INTARIAN_PEPPER_ROOT;XIRECS;24814.0;3
801824;;;ASH_COATED_OSMIUM;XIRECS;10004.0;4
802485;;;INTARIAN_PEPPER_ROOT;XIRECS;24809.0;6
803053;;;ASH_COATED_OSMIUM;XIRECS;10011.0;5
803842;;;INTARIAN_PEPPER_ROOT;XIRECS;24797.0;8
805443;;;INTARIAN_PEPPER_ROOT;XIRECS;24798.0;6
806004;;;INTARIAN_PEPPER_ROOT;XIRECS;24802.0;3
806668;;;ASH_COATED_OSMIUM;XIRECS;9989.0;9
806976;;;ASH_COATED_OSMIUM;XIRECS;10007.0;4
808401;;;ASH_COATED_OSMIUM;XIRECS;10014.0;2
810678;;;ASH_COATED_OSMIUM;XIRECS;9992.0;8
816701;;;ASH_COATED_OSMIUM;XIRECS;10003.0;6
816817;;;ASH_COATED_OSMIUM;XIRECS;9991.0;10
817419;;;INTARIAN_PEPPER_ROOT;XIRECS;24825.0;7
818100;;;INTARIAN_PEPPER_ROOT;XIRECS;24813.0;5
820549;;;ASH_COATED_OSMIUM;XIRECS;9996.0;3
822250;;;ASH_COATED_OSMIUM;XIRECS;10004.0;3
823514;;;INTARIAN_PEPPER_ROOT;XIRECS;24825.0;6
825249;;;ASH_COATED_OSMIUM;XIRECS;9991.0;10
825537;;;ASH_COATED_OSMIUM;XIRECS;9992.0;10
826716;;;INTARIAN_PEPPER_ROOT;XIRECS;24832.0;3
826772;;;ASH_COATED_OSMIUM;XIRECS;10007.0;4
827473;;;INTARIAN_PEPPER_ROOT;XIRECS;24834.0;7
828766;;;ASH_COATED_OSMIUM;XIRECS;10004.0;6
829193;;;ASH_COATED_OSMIUM;XIRECS;9994.0;6
830607;;;ASH_COATED_OSMIUM;XIRECS;9991.0;6
831111;;;ASH_COATED_OSMIUM;XIRECS;9995.0;3
833900;;;INTARIAN_PEPPER_ROOT;XIRECS;24827.0;5
834097;;;INTARIAN_PEPPER_ROOT;XIRECS;24830.0;7
834332;;;ASH_COATED_OSMIUM;XIRECS;9989.0;5
835105;;;ASH_COATED_OSMIUM;XIRECS;10012.0;6
835354;;;ASH_COATED_OSMIUM;XIRECS;9990.0;5
835648;;;INTARIAN_PEPPER_ROOT;XIRECS;24842.0;7
836540;;;ASH_COATED_OSMIUM;XIRECS;9993.0;3
836738;;;ASH_COATED_OSMIUM;XIRECS;10011.0;9
838028;;;INTARIAN_PEPPER_ROOT;XIRECS;24834.0;5
838986;;;INTARIAN_PEPPER_ROOT;XIRECS;24846.0;3
839314;;;ASH_COATED_OSMIUM;XIRECS;10009.0;8
841012;;;INTARIAN_PEPPER_ROOT;XIRECS;24832.0;6
842465;;;ASH_COATED_OSMIUM;XIRECS;10007.0;2
845060;;;ASH_COATED_OSMIUM;XIRECS;9989.0;5
845568;;;ASH_COATED_OSMIUM;XIRECS;10009.0;2
847880;;;INTARIAN_PEPPER_ROOT;XIRECS;24839.0;7
848937;;;ASH_COATED_OSMIUM;XIRECS;9987.0;2
849869;;;INTARIAN_PEPPER_ROOT;XIRECS;24852.0;8
850046;;;ASH_COATED_OSMIUM;XIRECS;9993.0;8
850772;;;ASH_COATED_OSMIUM;XIRECS;10008.0;6
851034;;;INTARIAN_PEPPER_ROOT;XIRECS;24858.0;5
851391;;;ASH_COATED_OSMIUM;XIRECS;10012.0;5
852437;;;ASH_COATED_OSMIUM;XIRECS;10013.0;7
854391;;;ASH_COATED_OSMIUM;XIRECS;10010.0;2
856325;;;INTARIAN_PEPPER_ROOT;XIRECS;24854.0;6
857629;;;ASH_COATED_OSMIUM;XIRECS;9998.0;5
859411;;;ASH_COATED_OSMIUM;XIRECS;10002.0;6
860642;;;INTARIAN_PEPPER_ROOT;XIRECS;24868.0;8
860862;;;ASH_COATED_OSMIUM;XIRECS;10017.0;6
864436;;;ASH_COATED_OSMIUM;XIRECS;10018.0;5
865502;;;INTARIAN_PEPPER_ROOT;XIRECS;24863.0;6
867711;;;INTARIAN_PEPPER_ROOT;XIRECS;24874.0;3
868862;;;ASH_COATED_OSMIUM;XIRECS;10004.0;6
871660;;;ASH_COATED_OSMIUM;XIRECS;10002.0;5
872390;;;ASH_COATED_OSMIUM;XIRECS;9998.0;6
873267;;;ASH_COATED_OSMIUM;XIRECS;10004.0;6
873757;;;INTARIAN_PEPPER_ROOT;XIRECS;24873.0;5
873835;;;INTARIAN_PEPPER_ROOT;XIRECS;24865.0;7
875006;;;ASH_COATED_OSMIUM;XIRECS;10021.0;7
875441;;;INTARIAN_PEPPER_ROOT;XIRECS;24864.0;7
875924;;;INTARIAN_PEPPER_ROOT;XIRECS;24867.0;4
876181;;;INTARIAN_PEPPER_ROOT;XIRECS;24880.0;2
876432;;;ASH_COATED_OSMIUM;XIRECS;10004.0;4
877304;;;ASH_COATED_OSMIUM;XIRECS;10004.0;3
877572;;;ASH_COATED_OSMIUM;XIRECS;9998.0;2
877648;;;ASH_COATED_OSMIUM;XIRECS;10001.0;4
878097;;;ASH_COATED_OSMIUM;XIRECS;9999.0;6
879478;;;INTARIAN_PEPPER_ROOT;XIRECS;24886.0;5
879731;;;ASH_COATED_OSMIUM;XIRECS;10021.0;2
880694;;;ASH_COATED_OSMIUM;XIRECS;10012.0;3
882045;;;INTARIAN_PEPPER_ROOT;XIRECS;24887.0;3
886078;;;ASH_COATED_OSMIUM;XIRECS;10013.0;7
886444;;;ASH_COATED_OSMIUM;XIRECS;10001.0;6
886718;;;ASH_COATED_OSMIUM;XIRECS;9999.0;2
886792;;;INTARIAN_PEPPER_ROOT;XIRECS;24891.0;6
886895;;;ASH_COATED_OSMIUM;XIRECS;10017.0;6
888785;;;INTARIAN_PEPPER_ROOT;XIRECS;24896.0;6
890968;;;ASH_COATED_OSMIUM;XIRECS;10012.0;10
891453;;;ASH_COATED_OSMIUM;XIRECS;10017.0;5
895187;;;ASH_COATED_OSMIUM;XIRECS;10015.0;2
896459;;;ASH_COATED_OSMIUM;XIRECS;10003.0;5
896896;;;INTARIAN_PEPPER_ROOT;XIRECS;24888.0;4
899800;;;ASH_COATED_OSMIUM;XIRECS;9999.0;2
899852;;;INTARIAN_PEPPER_ROOT;XIRECS;24894.0;5
902014;;;INTARIAN_PEPPER_ROOT;XIRECS;24910.0;6
904422;;;ASH_COATED_OSMIUM;XIRECS;10016.0;2
905357;;;INTARIAN_PEPPER_ROOT;XIRECS;24911.0;6
905888;;;ASH_COATED_OSMIUM;XIRECS;10010.0;3
906999;;;ASH_COATED_OSMIUM;XIRECS;10014.0;3
908102;;;ASH_COATED_OSMIUM;XIRECS;10011.0;7
908426;;;INTARIAN_PEPPER_ROOT;XIRECS;24897.0;7
908967;;;ASH_COATED_OSMIUM;XIRECS;10012.0;6
909149;;;ASH_COATED_OSMIUM;XIRECS;9994.0;5
909399;;;ASH_COATED_OSMIUM;XIRECS;9993.0;2
912242;;;ASH_COATED_OSMIUM;XIRECS;9994.0;9
912799;;;ASH_COATED_OSMIUM;XIRECS;10011.0;5
914915;;;ASH_COATED_OSMIUM;XIRECS;10010.0;7
917092;;;ASH_COATED_OSMIUM;XIRECS;9992.0;8
918709;;;INTARIAN_PEPPER_ROOT;XIRECS;24913.0;3
920030;;;ASH_COATED_OSMIUM;XIRECS;10006.0;8
921126;;;ASH_COATED_OSMIUM;XIRECS;10005.0;4
922148;;;ASH_COATED_OSMIUM;XIRECS;10002.0;9
922294;;;INTARIAN_PEPPER_ROOT;XIRECS;24930.0;5
922323;;;INTARIAN_PEPPER_ROOT;XIRECS;24918.0;6
923127;;;INTARIAN_PEPPER_ROOT;XIRECS;24916.0;3
924711;;;ASH_COATED_OSMIUM;XIRECS;9990.0;10
926626;;;INTARIAN_PEPPER_ROOT;XIRECS;24925.0;4
929108;;;INTARIAN_PEPPER_ROOT;XIRECS;24934.0;6
931979;;;INTARIAN_PEPPER_ROOT;XIRECS;24943.0;3
932966;;;ASH_COATED_OSMIUM;XIRECS;10008.0;5
933572;;;ASH_COATED_OSMIUM;XIRECS;9988.0;4
934084;;;INTARIAN_PEPPER_ROOT;XIRECS;24926.0;6
935153;;;INTARIAN_PEPPER_ROOT;XIRECS;24941.0;4
939262;;;ASH_COATED_OSMIUM;XIRECS;10000.0;3
939505;;;ASH_COATED_OSMIUM;XIRECS;9996.0;2
942726;;;INTARIAN_PEPPER_ROOT;XIRECS;24948.0;3
942793;;;INTARIAN_PEPPER_ROOT;XIRECS;24934.0;3
943310;;;INTARIAN_PEPPER_ROOT;XIRECS;24935.0;4
944390;;;ASH_COATED_OSMIUM;XIRECS;10014.0;3
945186;;;INTARIAN_PEPPER_ROOT;XIRECS;24948.0;7
946214;;;ASH_COATED_OSMIUM;XIRECS;10012.0;2
947116;;;INTARIAN_PEPPER_ROOT;XIRECS;24940.0;5
948076;;;ASH_COATED_OSMIUM;XIRECS;10019.0;4
948174;;;INTARIAN_PEPPER_ROOT;XIRECS;24958.0;2
949563;;;ASH_COATED_OSMIUM;XIRECS;10012.0;3
950668;;;INTARIAN_PEPPER_ROOT;XIRECS;24960.0;8
950949;;;INTARIAN_PEPPER_ROOT;XIRECS;24957.0;6
951053;;;ASH_COATED_OSMIUM;XIRECS;10019.0;6
951471;;;ASH_COATED_OSMIUM;XIRECS;10002.0;3
956691;;;ASH_COATED_OSMIUM;XIRECS;9999.0;6
957269;;;INTARIAN_PEPPER_ROOT;XIRECS;24947.0;7
958254;;;INTARIAN_PEPPER_ROOT;XIRECS;24954.0;4
959114;;;ASH_COATED_OSMIUM;XIRECS;10021.0;5
959631;;;ASH_COATED_OSMIUM;XIRECS;9998.0;6
959674;;;ASH_COATED_OSMIUM;XIRECS;10016.0;7
963545;;;INTARIAN_PEPPER_ROOT;XIRECS;24972.0;6
964957;;;ASH_COATED_OSMIUM;XIRECS;10003.0;5
965235;;;INTARIAN_PEPPER_ROOT;XIRECS;24969.0;7
969681;;;ASH_COATED_OSMIUM;XIRECS;10003.0;3
973170;;;INTARIAN_PEPPER_ROOT;XIRECS;24977.0;3
973348;;;ASH_COATED_OSMIUM;XIRECS;10014.0;5
973481;;;ASH_COATED_OSMIUM;XIRECS;9998.0;10
973980;;;INTARIAN_PEPPER_ROOT;XIRECS;24980.0;3
974170;;;ASH_COATED_OSMIUM;XIRECS;10003.0;8
974258;;;ASH_COATED_OSMIUM;XIRECS;9999.0;6
975711;;;ASH_COATED_OSMIUM;XIRECS;10000.0;5
975997;;;ASH_COATED_OSMIUM;XIRECS;10015.0;5
977298;;;ASH_COATED_OSMIUM;XIRECS;10019.0;4
978670;;;ASH_COATED_OSMIUM;XIRECS;10009.0;9
982273;;;INTARIAN_PEPPER_ROOT;XIRECS;24988.0;3
984493;;;ASH_COATED_OSMIUM;XIRECS;10005.0;2
988322;;;INTARIAN_PEPPER_ROOT;XIRECS;24993.0;3
988485;;;INTARIAN_PEPPER_ROOT;XIRECS;24997.0;4
989020;;;ASH_COATED_OSMIUM;XIRECS;10028.0;8
991069;;;ASH_COATED_OSMIUM;XIRECS;10027.0;4
993150;;;INTARIAN_PEPPER_ROOT;XIRECS;24998.0;5
994223;;;INTARIAN_PEPPER_ROOT;XIRECS;25000.0;6
994719;;;INTARIAN_PEPPER_ROOT;XIRECS;24987.0;8
998015;;;ASH_COATED_OSMIUM;XIRECS;10012.0;6
999706;;;ASH_COATED_OSMIUM;XIRECS;9998.0;5