timestamp;buyer;seller;symbol;currency;price;quantity
408;;;INTARIAN_PEPPER_ROOT;XIRECS;44993.0;5
433;;;INTARIAN_PEPPER_ROOT;XIRECS;45006.0;7
1013;;;INTARIAN_PEPPER_ROOT;XIRECS;45009.0;5
2063;;;ASH_COATED_OSMIUM;XIRECS;10017.0;2
2636;;;ASH_COATED_OSMIUM;XIRECS;9985.0;5
3833;;;ASH_COATED_OSMIUM;XIRECS;10000.0;4
4077;;;ASH_COATED_OSMIUM;XIRECS;10004.0;3
7583;;;ASH_COATED_OSMIUM;XIRECS;10005.0;5
7919;;;INTARIAN_PEPPER_ROOT;XIRECS;45013.0;3
10649;;;ASH_COATED_OSMIUM;XIRECS;9998.0;4
12069;;;INTARIAN_PEPPER_ROOT;XIRECS;45013.0;6
12122;;;INTARIAN_PEPPER_ROOT;XIRECS;45008.0;4
15120;;;ASH_COATED_OSMIUM;XIRECS;9983.0;4
15388;;;ASH_COATED_OSMIUM;XIRECS;9999.0;10
16140;;;ASH_COATED_OSMIUM;XIRECS;10001.0;9
16599;;;INTARIAN_PEPPER_ROOT;XIRECS;45009.0;3
17757;;;INTARIAN_PEPPER_ROOT;XIRECS;45011.0;6
22786;;;INTARIAN_PEPPER_ROOT;XIRECS;45012.0;8
23362;;;ASH_COATED_OSMIUM;XIRECS;10014.0;10
23797;;;INTARIAN_PEPPER_ROOT;XIRECS;45022.0;7
24254;;;ASH_COATED_OSMIUM;XIRECS;9996.0;5
24605;;;ASH_COATED_OSMIUM;XIRECS;9998.0;7
25813;;;INTARIAN_PEPPER_ROOT;XIRECS;45031.0;7
26204;;;INTARIAN_PEPPER_ROOT;XIRECS;45034.0;5
29058;;;ASH_COATED_OSMIUM;XIRECS;10011.0;3
30177;;;INTARIAN_PEPPER_ROOT;XIRECS;45024.0;5
32531;;;ASH_COATED_OSMIUM;XIRECS;9990.0;6
32963;;;INTARIAN_PEPPER_ROOT;XIRECS;45026.0;4
33067;;;ASH_COATED_OSMIUM;XIRECS;9986.0;2
34026;;;ASH_COATED_OSMIUM;XIRECS;10017.0;2
34404;;;ASH_COATED_OSMIUM;XIRECS;9994.0;5
34459;;;INTARIAN_PEPPER_ROOT;XIRECS;45027.0;8
35694;;;ASH_COATED_OSMIUM;XIRECS;10019.0;6
37558;;;INTARIAN_PEPPER_ROOT;XIRECS;45039.0;6
39171;;;INTARIAN_PEPPER_ROOT;XIRECS;45030.0;3
39178;;;INTARIAN_PEPPER_ROOT;XIRECS;45030.0;7
41288;;;INTARIAN_PEPPER_ROOT;XIRECS;45050.0;3
42912;;;INTARIAN_PEPPER_ROOT;XIRECS;45035.0;6
43533;;;ASH_COATED_OSMIUM;XIRECS;9995.0;2
46620;;;INTARIAN_PEPPER_ROOT;XIRECS;45040.0;4
49974;;;ASH_COATED_OSMIUM;XIRECS;9986.0;4
50154;;;ASH_COATED_OSMIUM;XIRECS;9992.0;9
50287;;;INTARIAN_PEPPER_ROOT;XIRECS;45041.0;3
50496;;;INTARIAN_PEPPER_ROOT;XIRECS;45039.0;6
54294;;;ASH_COATED_OSMIUM;XIRECS;9999.0;2
54525;;;INTARIAN_PEPPER_ROOT;XIRECS;45046.0;7
57426;;;INTARIAN_PEPPER_ROOT;XIRECS;45064.0;6
58139;;;ASH_COATED_OSMIUM;XIRECS;9992.0;7
59832;;;ASH_COATED_OSMIUM;XIRECS;10019.0;2
62566;;;ASH_COATED_OSMIUM;XIRECS;9994.0;6
62660;;;ASH_COATED_OSMIUM;XIRECS;9999.0;8
63469;;;INTARIAN_PEPPER_ROOT;XIRECS;45075.0;7
64148;;;INTARIAN_PEPPER_ROOT;XIRECS;45057.0;4
65365;;;INTARIAN_PEPPER_ROOT;XIRECS;45075.0;6
65561;;;ASH_COATED_OSMIUM;XIRECS;9981.0;5
67382;;;INTARIAN_PEPPER_ROOT;XIRECS;45062.0;3
69301;;;ASH_COATED_OSMIUM;XIRECS;10008.0;9
69626;;;INTARIAN_PEPPER_ROOT;XIRECS;45060.0;7
74151;;;ASH_COATED_OSMIUM;XIRECS;10015.0;5
75234;;;ASH_COATED_OSMIUM;XIRECS;9987.0;10
75292;;;INTARIAN_PEPPER_ROOT;XIRECS;45080.0;8
75406;;;INTARIAN_PEPPER_ROOT;XIRECS;45085.0;7
75606;;;ASH_COATED_OSMIUM;XIRECS;9987.0;3
75941;;;ASH_COATED_OSMIUM;XIRECS;10008.0;6
76483;;;ASH_COATED_OSMIUM;XIRECS;9998.0;6
82394;;;INTARIAN_PEPPER_ROOT;XIRECS;45076.0;5
82506;;;ASH_COATED_OSMIUM;XIRECS;10002.0;10
83174;;;ASH_COATED_OSMIUM;XIRECS;9995.0;5
84186;;;INTARIAN_PEPPER_ROOT;XIRECS;45090.0;3
86394;;;ASH_COATED_OSMIUM;XIRECS;9994.0;8
86534;;;ASH_COATED_OSMIUM;XIRECS;10004.0;10
87916;;;INTARIAN_PEPPER_ROOT;XIRECS;45095.0;3
90210;;;INTARIAN_PEPPER_ROOT;XIRECS;45086.0;6
90284;;;INTARIAN_PEPPER_ROOT;XIRECS;45086.0;3
92592;;;ASH_COATED_OSMIUM;XIRECS;10009.0;7
93459;;;INTARIAN_PEPPER_ROOT;XIRECS;45092.0;3
95271;;;INTARIAN_PEPPER_ROOT;XIRECS;45086.0;5
96138;;;ASH_COATED_OSMIUM;XIRECS;9998.0;2
98104;;;INTARIAN_PEPPER_ROOT;XIRECS;45093.0;3
101638;;;INTARIAN_PEPPER_ROOT;XIRECS;45097.0;4
103120;;;ASH_COATED_OSMIUM;XIRECS;10009.0;2
108237;;;INTARIAN_PEPPER_ROOT;XIRECS;45100.0;6
108298;;;INTARIAN_PEPPER_ROOT;XIRECS;45100.0;3
108501;;;ASH_COATED_OSMIUM;XIRECS;9992.0;4
108666;;;ASH_COATED_OSMIUM;XIRECS;10015.0;4
108940;;;INTARIAN_PEPPER_ROOT;XIRECS;45105.0;4
109213;;;ASH_COATED_OSMIUM;XIRECS;10009.0;7
109268;;;INTARIAN_PEPPER_ROOT;XIRECS;45103.0;3
109981;;;ASH_COATED_OSMIUM;XIRECS;9988.0;6
112544;;;INTARIAN_PEPPER_ROOT;XIRECS;45106.0;6
114040;;;INTARIAN_PEPPER_ROOT;XIRECS;45122.0;3
114865;;;ASH_COATED_OSMIUM;XIRECS;10018.0;6
115262;;;ASH_COATED_OSMIUM;XIRECS;10009.0;6
115809;;;INTARIAN_PEPPER_ROOT;XIRECS;45124.0;4
118499;;;INTARIAN_PEPPER_ROOT;XIRECS;45119.0;6
118780;;;INTARIAN_PEPPER_ROOT;XIRECS;45116.0;4
119192;;;ASH_COATED_OSMIUM;XIRECS;10000.0;2
124120;;;INTARIAN_PEPPER_ROOT;XIRECS;45129.0;7
126369;;;INTARIAN_PEPPER_ROOT;XIRECS;45133.0;7
127174;;;ASH_COATED_OSMIUM;XIRECS;9986.0;8
129620;;;INTARIAN_PEPPER_ROOT;XIRECS;45134.0;4
133610;;;ASH_COATED_OSMIUM;XIRECS;10013.0;8
135477;;;INTARIAN_PEPPER_ROOT;XIRECS;45130.0;6
136204;;;ASH_COATED_OSMIUM;XIRECS;10003.0;2
136944;;;ASH_COATED_OSMIUM;XIRECS;10006.0;7
137753;;;ASH_COATED_OSMIUM;XIRECS;9996.0;5
141076;;;INTARIAN_PEPPER_ROOT;XIRECS;45139.0;7
142644;;;ASH_COATED_OSMIUM;XIRECS;9997.0;7
144532;;;ASH_COATED_OSMIUM;XIRECS;9992.0;3
145048;;;INTARIAN_PEPPER_ROOT;XIRECS;45140.0;7
145402;;;INTARIAN_PEPPER_ROOT;XIRECS;45140.0;7
146397;;;ASH_COATED_OSMIUM;XIRECS;10006.0;2
149267;;;ASH_COATED_OSMIUM;XIRECS;10006.0;2
151228;;;ASH_COATED_OSMIUM;XIRECS;10010.0;5
151496;;;INTARIAN_PEPPER_ROOT;XIRECS;45144.0;3
151534;;;ASH_COATED_OSMIUM;XIRECS;10003.0;3
155416;;;INTARIAN_PEPPER_ROOT;XIRECS;45164.0;7
155516;;;ASH_COATED_OSMIUM;XIRECS;9987.0;5
155846;;;ASH_COATED_OSMIUM;XIRECS;10011.0;8
156106;;;ASH_COATED_OSMIUM;XIRECS;10007.0;3
156262;;;INTARIAN_PEPPER_ROOT;XIRECS;45163.0;7
156365;;;INTARIAN_PEPPER_ROOT;XIRECS;45143.0;4
157366;;;ASH_COATED_OSMIUM;XIRECS;9999.0;6
158220;;;INTARIAN_PEPPER_ROOT;XIRECS;45151.0;4
158958;;;INTARIAN_PEPPER_ROOT;XIRECS;45163.0;7
159260;;;ASH_COATED_OSMIUM;XIRECS;9979.0;4
160466;;;INTARIAN_PEPPER_ROOT;XIRECS;45170.0;3
164811;;;INTARIAN_PEPPER_ROOT;XIRECS;45171.0;4
166698;;;ASH_COATED_OSMIUM;XIRECS;9990.0;7
168926;;;INTARIAN_PEPPER_ROOT;XIRECS;45178.0;7
173124;;;ASH_COATED_OSMIUM;XIRECS;10006.0;3
173732;;;ASH_COATED_OSMIUM;XIRECS;10009.0;6
175833;;;ASH_COATED_OSMIUM;XIRECS;10009.0;9
176755;;;ASH_COATED_OSMIUM;XIRECS;9981.0;6
177317;;;INTARIAN_PEPPER_ROOT;XIRECS;45170.0;3
177991;;;INTARIAN_PEPPER_ROOT;XIRECS;45170.0;7
178491;;;INTARIAN_PEPPER_ROOT;XIRECS;45176.0;8
178941;;;INTARIAN_PEPPER_ROOT;XIRECS;45185.0;4
179012;;;INTARIAN_PEPPER_ROOT;XIRECS;45187.0;8
179596;;;INTARIAN_PEPPER_ROOT;XIRECS;45182.0;5
182368;;;ASH_COATED_OSMIUM;XIRECS;10000.0;4
185946;;;ASH_COATED_OSMIUM;XIRECS;10002.0;9
187198;;;ASH_COATED_OSMIUM;XIRECS;10010.0;3
187998;;;ASH_COATED_OSMIUM;XIRECS;9988.0;4
188912;;;INTARIAN_PEPPER_ROOT;XIRECS;45193.0;4
190133;;;INTARIAN_PEPPER_ROOT;XIRECS;45198.0;6
191572;;;ASH_COATED_OSMIUM;XIRECS;9995.0;6
192142;;;ASH_COATED_OSMIUM;XIRECS;9994.0;5
193811;;;INTARIAN_PEPPER_ROOT;XIRECS;45203.0;5
195374;;;INTARIAN_PEPPER_ROOT;XIRECS;45188.0;3
196826;;;INTARIAN_PEPPER_ROOT;XIRECS;45203.0;7
202266;;;INTARIAN_PEPPER_ROOT;XIRECS;45199.0;3
202444;;;INTARIAN_PEPPER_ROOT;XIRECS;45194.0;7
203113;;;ASH_COATED_OSMIUM;XIRECS;10013.0;3
204938;;;ASH_COATED_OSMIUM;XIRECS;9990.0;7
206152;;;INTARIAN_PEPPER_ROOT;XIRECS;45197.0;3
207573;;;INTARIAN_PEPPER_ROOT;XIRECS;45201.0;3
208133;;;INTARIAN_PEPPER_ROOT;XIRECS;45214.0;3
208513;;;INTARIAN_PEPPER_ROOT;XIRECS;45204.0;5
209337;;;ASH_COATED_OSMIUM;XIRECS;10006.0;6
211905;;;INTARIAN_PEPPER_ROOT;XIRECS;45222.0;4
212242;;;INTARIAN_PEPPER_ROOT;XIRECS;45202.0;6
212467;;;INTARIAN_PEPPER_ROOT;XIRECS;45207.0;3
212792;;;ASH_COATED_OSMIUM;XIRECS;10013.0;2
213149;;;INTARIAN_PEPPER_ROOT;XIRECS;45209.0;7
213166;;;INTARIAN_PEPPER_ROOT;XIRECS;45221.0;4
213952;;;ASH_COATED_OSMIUM;XIRECS;9990.0;10
215426;;;ASH_COATED_OSMIUM;XIRECS;9998.0;6
216869;;;ASH_COATED_OSMIUM;XIRECS;10007.0;7
217050;;;ASH_COATED_OSMIUM;XIRECS;9997.0;2
217937;;;INTARIAN_PEPPER_ROOT;XIRECS;45229.0;3
218423;;;INTARIAN_PEPPER_ROOT;XIRECS;45213.0;3
219974;;;INTARIAN_PEPPER_ROOT;XIRECS;45212.0;6
220028;;;INTARIAN_PEPPER_ROOT;XIRECS;45227.0;3
220481;;;INTARIAN_PEPPER_ROOT;XIRECS;45229.0;4
221104;;;INTARIAN_PEPPER_ROOT;XIRECS;45231.0;6
221316;;;ASH_COATED_OSMIUM;XIRECS;10003.0;7
222999;;;ASH_COATED_OSMIUM;XIRECS;10008.0;10
223807;;;INTARIAN_PEPPER_ROOT;XIRECS;45221.0;7
224541;;;INTARIAN_PEPPER_ROOT;XIRECS;45230.0;3
226765;;;INTARIAN_PEPPER_ROOT;XIRECS;45216.0;7
227637;;;INTARIAN_PEPPER_ROOT;XIRECS;45233.0;5
230094;;;ASH_COATED_OSMIUM;XIRECS;10009.0;5
231114;;;ASH_COATED_OSMIUM;XIRECS;10013.0;3
232966;;;INTARIAN_PEPPER_ROOT;XIRECS;45236.0;4
234212;;;ASH_COATED_OSMIUM;XIRECS;10010.0;2
236584;;;INTARIAN_PEPPER_ROOT;XIRECS;45244.0;6
236713;;;INTARIAN_PEPPER_ROOT;XIRECS;45231.0;6
236950;;;INTARIAN_PEPPER_ROOT;XIRECS;45229.0;4
239689;;;ASH_COATED_OSMIUM;XIRECS;10001.0;5
242005;;;ASH_COATED_OSMIUM;XIRECS;10014.0;6
243718;;;INTARIAN_PEPPER_ROOT;XIRECS;45250.0;5
245579;;;ASH_COATED_OSMIUM;XIRECS;9990.0;6
246800;;;ASH_COATED_OSMIUM;XIRECS;10014.0;2
246999;;;ASH_COATED_OSMIUM;XIRECS;9991.0;3
248491;;;ASH_COATED_OSMIUM;XIRECS;9989.0;7
249159;;;INTARIAN_PEPPER_ROOT;XIRECS;45255.0;4
250096;;;ASH_COATED_OSMIUM;XIRECS;10004.0;6
250629;;;ASH_COATED_OSMIUM;XIRECS;9999.0;7
250741;;;INTARIAN_PEPPER_ROOT;XIRECS;45246.0;3
250852;;;ASH_COATED_OSMIUM;XIRECS;9999.0;5
252336;;;ASH_COATED_OSMIUM;XIRECS;10006.0;6
254862;;;INTARIAN_PEPPER_ROOT;XIRECS;45251.0;3
255254;;;INTARIAN_PEPPER_ROOT;XIRECS;45263.0;6
255617;;;ASH_COATED_OSMIUM;XIRECS;9990.0;6
257369;;;ASH_COATED_OSMIUM;XIRECS;9999.0;9
258033;;;ASH_COATED_OSMIUM;XIRECS;9991.0;4
259517;;;ASH_COATED_OSMIUM;XIRECS;10010.0;3
259756;;;ASH_COATED_OSMIUM;XIRECS;10005.0;5
261070;;;ASH_COATED_OSMIUM;XIRECS;9997.0;8
261149;;;ASH_COATED_OSMIUM;XIRECS;10004.0;2
261293;;;INTARIAN_PEPPER_ROOT;XIRECS;45251.0;6
262765;;;ASH_COATED_OSMIUM;XIRECS;9994.0;3
263011;;;ASH_COATED_OSMIUM;XIRECS;10004.0;4
264761;;;ASH_COATED_OSMIUM;XIRECS;10004.0;6
266613;;;INTARIAN_PEPPER_ROOT;XIRECS;45258.0;3
268844;;;INTARIAN_PEPPER_ROOT;XIRECS;45262.0;7
271333;;;INTARIAN_PEPPER_ROOT;XIRECS;45261.0;8
272103;;;ASH_COATED_OSMIUM;XIRECS;10007.0;7
275147;;;ASH_COATED_OSMIUM;XIRECS;9994.0;8
275604;;;INTARIAN_PEPPER_ROOT;XIRECS;45280.0;7
275706;;;INTARIAN_PEPPER_ROOT;XIRECS;45282.0;6
276013;;;ASH_COATED_OSMIUM;XIRECS;9994.0;6
277510;;;ASH_COATED_OSMIUM;XIRECS;10001.0;7
281585;;;INTARIAN_PEPPER_ROOT;XIRECS;45291.0;4
282688;;;INTARIAN_PEPPER_ROOT;XIRECS;45270.0;7
282941;;;ASH_COATED_OSMIUM;XIRECS;10010.0;4
285089;;;INTARIAN_PEPPER_ROOT;XIRECS;45293.0;7
287913;;;ASH_COATED_OSMIUM;XIRECS;9992.0;3
290904;;;INTARIAN_PEPPER_ROOT;XIRECS;45282.0;7
296002;;;INTARIAN_PEPPER_ROOT;XIRECS;45289.0;4
296009;;;ASH_COATED_OSMIUM;XIRECS;10001.0;3
296599;;;INTARIAN_PEPPER_ROOT;XIRECS;45291.0;8
296905;;;INTARIAN_PEPPER_ROOT;XIRECS;45289.0;7
297331;;;INTARIAN_PEPPER_ROOT;XIRECS;45302.0;7
298285;;;ASH_COATED_OSMIUM;XIRECS;9998.0;2
299460;;;INTARIAN_PEPPER_ROOT;XIRECS;45305.0;4
300527;;;ASH_COATED_OSMIUM;XIRECS;9987.0;10
301507;;;ASH_COATED_OSMIUM;XIRECS;9994.0;5
302894;;;ASH_COATED_OSMIUM;XIRECS;9988.0;5
304101;;;ASH_COATED_OSMIUM;XIRECS;10009.0;10
304316;;;ASH_COATED_OSMIUM;XIRECS;9996.0;4
308550;;;ASH_COATED_OSMIUM;XIRECS;9991.0;4
310463;;;ASH_COATED_OSMIUM;XIRECS;9989.0;9
310474;;;ASH_COATED_OSMIUM;XIRECS;10005.0;2
313748;;;ASH_COATED_OSMIUM;XIRECS;10018.0;6
316225;;;INTARIAN_PEPPER_ROOT;XIRECS;45310.0;6
316478;;;ASH_COATED_OSMIUM;XIRECS;9989.0;2
321225;;;ASH_COATED_OSMIUM;XIRECS;9994.0;2
322729;;;ASH_COATED_OSMIUM;XIRECS;10011.0;10
324002;;;INTARIAN_PEPPER_ROOT;XIRECS;45333.0;3
324185;;;ASH_COATED_OSMIUM;XIRECS;9998.0;2
326439;;;ASH_COATED_OSMIUM;XIRECS;9985.0;2
327643;;;ASH_COATED_OSMIUM;XIRECS;10007.0;4
329963;;;INTARIAN_PEPPER_ROOT;XIRECS;45339.0;5
330286;;;INTARIAN_PEPPER_ROOT;XIRECS;45334.0;6
331827;;;ASH_COATED_OSMIUM;XIRECS;10009.0;9
332116;;;ASH_COATED_OSMIUM;XIRECS;10004.0;5
333014;;;INTARIAN_PEPPER_ROOT;XIRECS;45332.0;6
334736;;;ASH_COATED_OSMIUM;XIRECS;9999.0;2
336676;;;ASH_COATED_OSMIUM;XIRECS;9990.0;4
337667;;;INTARIAN_PEPPER_ROOT;XIRECS;45331.0;6
338006;;;INTARIAN_PEPPER_ROOT;XIRECS;45347.0;7
338662;;;ASH_COATED_OSMIUM;XIRECS;9995.0;6
339083;;;ASH_COATED_OSMIUM;XIRECS;9989.0;3
339566;;;INTARIAN_PEPPER_ROOT;XIRECS;45344.0;5
339873;;;ASH_COATED_OSMIUM;XIRECS;9997.0;3
340144;;;INTARIAN_PEPPER_ROOT;XIRECS;45335.0;4
340592;;;INTARIAN_PEPPER_ROOT;XIRECS;45344.0;8
340689;;;ASH_COATED_OSMIUM;XIRECS;9987.0;10
342959;;;INTARIAN_PEPPER_ROOT;XIRECS;45335.0;3
343907;;;INTARIAN_PEPPER_ROOT;XIRECS;45352.0;6
345276;;;INTARIAN_PEPPER_ROOT;XIRECS;45350.0;3
347518;;;INTARIAN_PEPPER_ROOT;XIRECS;45351.0;4
347559;;;ASH_COATED_OSMIUM;XIRECS;9997.0;6
347788;;;ASH_COATED_OSMIUM;XIRECS;9997.0;2
347799;;;ASH_COATED_OSMIUM;XIRECS;9997.0;7
348311;;;ASH_COATED_OSMIUM;XIRECS;9990.0;3
348931;;;INTARIAN_PEPPER_ROOT;XIRECS;45347.0;7
359834;;;INTARIAN_PEPPER_ROOT;XIRECS;45355.0;4
360553;;;INTARIAN_PEPPER_ROOT;XIRECS;45352.0;6
361813;;;ASH_COATED_OSMIUM;XIRECS;9981.0;6
363392;;;INTARIAN_PEPPER_ROOT;XIRECS;45370.0;7
366652;;;INTARIAN_PEPPER_ROOT;XIRECS;45361.0;4
367026;;;INTARIAN_PEPPER_ROOT;XIRECS;45374.0;5
367382;;;ASH_COATED_OSMIUM;XIRECS;9990.0;7
367551;;;INTARIAN_PEPPER_ROOT;XIRECS;45372.0;7
367939;;;ASH_COATED_OSMIUM;XIRECS;9988.0;3
369469;;;ASH_COATED_OSMIUM;XIRECS;9999.0;3
370511;;;INTARIAN_PEPPER_ROOT;XIRECS;45379.0;4
370872;;;ASH_COATED_OSMIUM;XIRECS;10007.0;3
370910;;;ASH_COATED_OSMIUM;XIRECS;10009.0;6
373289;;;INTARIAN_PEPPER_ROOT;XIRECS;45378.0;3
374547;;;INTARIAN_PEPPER_ROOT;XIRECS;45369.0;6
375068;;;INTARIAN_PEPPER_ROOT;XIRECS;45382.0;4
378224;;;INTARIAN_PEPPER_ROOT;XIRECS;45386.0;5
378688;;;INTARIAN_PEPPER_ROOT;XIRECS;45390.0;4
379038;;;ASH_COATED_OSMIUM;XIRECS;10006.0;5
380178;;;ASH_COATED_OSMIUM;XIRECS;9982.0;2
381199;;;ASH_COATED_OSMIUM;XIRECS;9985.0;3
381240;;;ASH_COATED_OSMIUM;XIRECS;10002.0;6
382043;;;ASH_COATED_OSMIUM;XIRECS;10006.0;5
385790;;;ASH_COATED_OSMIUM;XIRECS;9989.0;5
389348;;;ASH_COATED_OSMIUM;XIRECS;10007.0;3
391386;;;INTARIAN_PEPPER_ROOT;XIRECS;45387.0;6
391819;;;ASH_COATED_OSMIUM;XIRECS;10017.0;6
393789;;;INTARIAN_PEPPER_ROOT;XIRECS;45401.0;7
397229;;;ASH_COATED_OSMIUM;XIRECS;10010.0;6
397836;;;INTARIAN_PEPPER_ROOT;XIRECS;45386.0;7
398218;;;INTARIAN_PEPPER_ROOT;XIRECS;45388.0;3
402872;;;INTARIAN_PEPPER_ROOT;XIRECS;45409.0;7
404375;;;ASH_COATED_OSMIUM;XIRECS;9994.0;2
404403;;;INTARIAN_PEPPER_ROOT;XIRECS;45406.0;6
406730;;;ASH_COATED_OSMIUM;XIRECS;9999.0;10
408151;;;INTARIAN_PEPPER_ROOT;XIRECS;45401.0;3
408624;;;ASH_COATED_OSMIUM;XIRECS;10010.0;8
409427;;;ASH_COATED_OSMIUM;XIRECS;9992.0;2
410054;;;INTARIAN_PEPPER_ROOT;XIRECS;45415.0;6
413518;;;INTARIAN_PEPPER_ROOT;XIRECS;45424.0;4
415342;;;ASH_COATED_OSMIUM;XIRECS;10008.0;6
417588;;;ASH_COATED_OSMIUM;XIRECS;9982.0;2
417785;;;ASH_COATED_OSMIUM;XIRECS;9979.0;4
418000;;;ASH_COATED_OSMIUM;XIRECS;9999.0;2
418416;;;INTARIAN_PEPPER_ROOT;XIRECS;45424.0;6
422020;;;INTARIAN_PEPPER_ROOT;XIRECS;45429.0;6
425616;;;INTARIAN_PEPPER_ROOT;XIRECS;45417.0;4
425698;;;ASH_COATED_OSMIUM;XIRECS;9991.0;5
426864;;;INTARIAN_PEPPER_ROOT;XIRECS;45434.0;4
427499;;;INTARIAN_PEPPER_ROOT;XIRECS;45420.0;4
429834;;;ASH_COATED_OSMIUM;XIRECS;10017.0;10
430169;;;INTARIAN_PEPPER_ROOT;XIRECS;45435.0;5
430233;;;INTARIAN_PEPPER_ROOT;XIRECS;45422.0;5
430769;;;INTARIAN_PEPPER_ROOT;XIRECS;45425.0;7
430891;;;ASH_COATED_OSMIUM;XIRECS;9988.0;10
431733;;;ASH_COATED_OSMIUM;XIRECS;9997.0;5
432725;;;ASH_COATED_OSMIUM;XIRECS;10004.0;5
433822;;;ASH_COATED_OSMIUM;XIRECS;9989.0;2
435459;;;INTARIAN_PEPPER_ROOT;XIRECS;45431.0;3
442299;;;ASH_COATED_OSMIUM;XIRECS;9999.0;6
443705;;;ASH_COATED_OSMIUM;XIRECS;9992.0;6
444589;;;ASH_COATED_OSMIUM;XIRECS;10020.0;6
445706;;;ASH_COATED_OSMIUM;XIRECS;10006.0;7
449041;;;ASH_COATED_OSMIUM;XIRECS;10003.0;6
449355;;;ASH_COATED_OSMIUM;XIRECS;10009.0;4
454016;;;ASH_COATED_OSMIUM;XIRECS;9998.0;2
455977;;;INTARIAN_PEPPER_ROOT;XIRECS;45447.0;5
460567;;;ASH_COATED_OSMIUM;XIRECS;9984.0;6
463658;;;ASH_COATED_OSMIUM;XIRECS;9993.0;4
465429;;;ASH_COATED_OSMIUM;XIRECS;9994.0;5
466470;;;INTARIAN_PEPPER_ROOT;XIRECS;45475.0;3
466679;;;INTARIAN_PEPPER_ROOT;XIRECS;45460.0;6
466793;;;ASH_COATED_OSMIUM;XIRECS;10011.0;6
467115;;;INTARIAN_PEPPER_ROOT;XIRECS;45474.0;6
468179;;;ASH_COATED_OSMIUM;XIRECS;10016.0;5
470592;;;ASH_COATED_OSMIUM;XIRECS;10004.0;6
471772;;;INTARIAN_PEPPER_ROOT;XIRECS;45478.0;6
473698;;;ASH_COATED_OSMIUM;XIRECS;9995.0;6
474296;;;ASH_COATED_OSMIUM;XIRECS;9988.0;5
475144;;;INTARIAN_PEPPER_ROOT;XIRECS;45472.0;5
477692;;;INTARIAN_PEPPER_ROOT;XIRECS;45467.0;6
478786;;;ASH_COATED_OSMIUM;XIRECS;10017.0;4
478829;;;INTARIAN_PEPPER_ROOT;XIRECS;45489.0;3
479287;;;ASH_COATED_OSMIUM;XIRECS;9994.0;5
479409;;;INTARIAN_PEPPER_ROOT;XIRECS;45489.0;3
479759;;;INTARIAN_PEPPER_ROOT;XIRECS;45487.0;7
479778;;;ASH_COATED_OSMIUM;XIRECS;9997.0;2
482630;;;ASH_COATED_OSMIUM;XIRECS;9988.0;10
483335;;;ASH_COATED_OSMIUM;XIRECS;9987.0;4
484021;;;INTARIAN_PEPPER_ROOT;XIRECS;45489.0;7
484343;;;INTARIAN_PEPPER_ROOT;XIRECS;45491.0;3
485246;;;ASH_COATED_OSMIUM;XIRECS;9998.0;3
485312;;;ASH_COATED_OSMIUM;XIRECS;10002.0;6
489115;;;INTARIAN_PEPPER_ROOT;XIRECS;45481.0;7
489565;;;INTARIAN_PEPPER_ROOT;XIRECS;45482.0;3
491473;;;ASH_COATED_OSMIUM;XIRECS;9998.0;3
494225;;;ASH_COATED_OSMIUM;XIRECS;9996.0;9
497086;;;INTARIAN_PEPPER_ROOT;XIRECS;45501.0;7
497568;;;INTARIAN_PEPPER_ROOT;XIRECS;45493.0;5
499127;;;ASH_COATED_OSMIUM;XIRECS;9994.0;8
506677;;;INTARIAN_PEPPER_ROOT;XIRECS;45499.0;5
507189;;;ASH_COATED_OSMIUM;XIRECS;9985.0;2
507208;;;ASH_COATED_OSMIUM;XIRECS;9984.0;8
507427;;;ASH_COATED_OSMIUM;XIRECS;9989.0;7
508267;;;INTARIAN_PEPPER_ROOT;XIRECS;45515.0;7
514868;;;ASH_COATED_OSMIUM;XIRECS;9986.0;6
516190;;;INTARIAN_PEPPER_ROOT;XIRECS;45512.0;3
516788;;;ASH_COATED_OSMIUM;XIRECS;9983.0;5
516899;;;INTARIAN_PEPPER_ROOT;XIRECS;45513.0;6
517090;;;ASH_COATED_OSMIUM;XIRECS;9987.0;8
519242;;;INTARIAN_PEPPER_ROOT;XIRECS;45513.0;6
521070;;;INTARIAN_PEPPER_ROOT;XIRECS;45511.0;4
521424;;;INTARIAN_PEPPER_ROOT;XIRECS;45515.0;3
521750;;;ASH_COATED_OSMIUM;XIRECS;10002.0;3
523920;;;ASH_COATED_OSMIUM;XIRECS;10006.0;7
526167;;;INTARIAN_PEPPER_ROOT;XIRECS;45522.0;3
526855;;;INTARIAN_PEPPER_ROOT;XIRECS;45533.0;3
527531;;;ASH_COATED_OSMIUM;XIRECS;9980.0;5
528119;;;ASH_COATED_OSMIUM;XIRECS;10000.0;4
532172;;;INTARIAN_PEPPER_ROOT;XIRECS;45539.0;6
532428;;;INTARIAN_PEPPER_ROOT;XIRECS;45526.0;6
532458;;;INTARIAN_PEPPER_ROOT;XIRECS;45526.0;3
532463;;;INTARIAN_PEPPER_ROOT;XIRECS;45526.0;7
535037;;;ASH_COATED_OSMIUM;XIRECS;9988.0;5
536667;;;INTARIAN_PEPPER_ROOT;XIRECS;45526.0;7
537753;;;ASH_COATED_OSMIUM;XIRECS;10006.0;9
539090;;;ASH_COATED_OSMIUM;XIRECS;9997.0;4
540281;;;ASH_COATED_OSMIUM;XIRECS;9995.0;4
542938;;;ASH_COATED_OSMIUM;XIRECS;10001.0;4
543312;;;INTARIAN_PEPPER_ROOT;XIRECS;45537.0;5
543386;;;INTARIAN_PEPPER_ROOT;XIRECS;45537.0;3
543477;;;INTARIAN_PEPPER_ROOT;XIRECS;45536.0;3
544459;;;ASH_COATED_OSMIUM;XIRECS;10013.0;6
547008;;;ASH_COATED_OSMIUM;XIRECS;10013.0;8
549027;;;ASH_COATED_OSMIUM;XIRECS;10007.0;7
549637;;;INTARIAN_PEPPER_ROOT;XIRECS;45544.0;6
552222;;;INTARIAN_PEPPER_ROOT;XIRECS;45558.0;7
553072;;;INTARIAN_PEPPER_ROOT;XIRECS;45560.0;4
554748;;;ASH_COATED_OSMIUM;XIRECS;9997.0;6
555387;;;ASH_COATED_OSMIUM;XIRECS;9993.0;6
556895;;;ASH_COATED_OSMIUM;XIRECS;9998.0;10
556981;;;INTARIAN_PEPPER_ROOT;XIRECS;45560.0;5
558374;;;INTARIAN_PEPPER_ROOT;XIRECS;45567.0;4
560603;;;ASH_COATED_OSMIUM;XIRECS;10018.0;4
561151;;;INTARIAN_PEPPER_ROOT;XIRECS;45555.0;4
561479;;;ASH_COATED_OSMIUM;XIRECS;10013.0;9
564767;;;ASH_COATED_OSMIUM;XIRECS;9989.0;9
565439;;;ASH_COATED_OSMIUM;XIRECS;10002.0;3
568006;;;ASH_COATED_OSMIUM;XIRECS;9992.0;5
569328;;;INTARIAN_PEPPER_ROOT;XIRECS;45558.0;8
570516;;;ASH_COATED_OSMIUM;XIRECS;10005.0;6
571811;;;ASH_COATED_OSMIUM;XIRECS;9986.0;3
573955;;;ASH_COATED_OSMIUM;XIRECS;9998.0;4
576831;;;INTARIAN_PEPPER_ROOT;XIRECS;45585.0;4
577034;;;ASH_COATED_OSMIUM;XIRECS;9993.0;3
577224;;;ASH_COATED_OSMIUM;XIRECS;10001.0;5
577300;;;INTARIAN_PEPPER_ROOT;XIRECS;45578.0;5
580484;;;ASH_COATED_OSMIUM;XIRECS;9991.0;5
582109;;;INTARIAN_PEPPER_ROOT;XIRECS;45579.0;5
583104;;;INTARIAN_PEPPER_ROOT;XIRECS;45590.0;5
584703;;;INTARIAN_PEPPER_ROOT;XIRECS;45593.0;5
586728;;;INTARIAN_PEPPER_ROOT;XIRECS;45591.0;3
588307;;;INTARIAN_PEPPER_ROOT;XIRECS;45581.0;3
589464;;;INTARIAN_PEPPER_ROOT;XIRECS;45591.0;7
589521;;;INTARIAN_PEPPER_ROOT;XIRECS;45583.0;8
589971;;;INTARIAN_PEPPER_ROOT;XIRECS;45583.0;6
590068;;;INTARIAN_PEPPER_ROOT;XIRECS;45595.0;3
590082;;;INTARIAN_PEPPER_ROOT;XIRECS;45595.0;7
590215;;;ASH_COATED_OSMIUM;XIRECS;10002.0;2
590846;;;INTARIAN_PEPPER_ROOT;XIRECS;45579.0;4
590886;;;ASH_COATED_OSMIUM;XIRECS;9989.0;9
591099;;;ASH_COATED_OSMIUM;XIRECS;9985.0;6
592467;;;INTARIAN_PEPPER_ROOT;XIRECS;45587.0;4
594681;;;ASH_COATED_OSMIUM;XIRECS;10009.0;6
597793;;;ASH_COATED_OSMIUM;XIRECS;10007.0;9
600270;;;ASH_COATED_OSMIUM;XIRECS;9988.0;5
603325;;;INTARIAN_PEPPER_ROOT;XIRECS;45599.0;5
603508;;;ASH_COATED_OSMIUM;XIRECS;10008.0;4
604200;;;INTARIAN_PEPPER_ROOT;XIRECS;45596.0;4
608091;;;ASH_COATED_OSMIUM;XIRECS;10000.0;4
608295;;;INTARIAN_PEPPER_ROOT;XIRECS;45617.0;3
609230;;;ASH_COATED_OSMIUM;XIRECS;9993.0;5
609889;;;INTARIAN_PEPPER_ROOT;XIRECS;45607.0;5
610166;;;ASH_COATED_OSMIUM;XIRECS;10005.0;5
612406;;;INTARIAN_PEPPER_ROOT;XIRECS;45605.0;3
613466;;;ASH_COATED_OSMIUM;XIRECS;9997.0;4
617257;;;INTARIAN_PEPPER_ROOT;XIRECS;45609.0;7
618185;;;INTARIAN_PEPPER_ROOT;XIRECS;45616.0;6
619262;;;ASH_COATED_OSMIUM;XIRECS;9992.0;10
620757;;;INTARIAN_PEPPER_ROOT;XIRECS;45628.0;8
621922;;;ASH_COATED_OSMIUM;XIRECS;10002.0;5
623231;;;ASH_COATED_OSMIUM;XIRECS;10015.0;6
624207;;;INTARIAN_PEPPER_ROOT;XIRECS;45618.0;4
626853;;;INTARIAN_PEPPER_ROOT;XIRECS;45630.0;3
630214;;;ASH_COATED_OSMIUM;XIRECS;10012.0;5
630918;;;INTARIAN_PEPPER_ROOT;XIRECS;45623.0;5
630968;;;ASH_COATED_OSMIUM;XIRECS;10011.0;6
631363;;;ASH_COATED_OSMIUM;XIRECS;9992.0;3
631555;;;INTARIAN_PEPPER_ROOT;XIRECS;45638.0;4
633455;;;ASH_COATED_OSMIUM;XIRECS;9990.0;8
633719;;;ASH_COATED_OSMIUM;XIRECS;9990.0;2
634568;;;ASH_COATED_OSMIUM;XIRECS;9998.0;10
636903;;;INTARIAN_PEPPER_ROOT;XIRECS;45644.0;4
637596;;;ASH_COATED_OSMIUM;XIRECS;10006.0;2
639205;;;ASH_COATED_OSMIUM;XIRECS;10006.0;7
639480;;;ASH_COATED_OSMIUM;XIRECS;10002.0;3
640990;;;INTARIAN_PEPPER_ROOT;XIRECS;45649.0;8
642227;;;ASH_COATED_OSMIUM;XIRECS;10015.0;5
642596;;;INTARIAN_PEPPER_ROOT;XIRECS;45636.0;4
645289;;;ASH_COATED_OSMIUM;XIRECS;9993.0;5
651312;;;INTARIAN_PEPPER_ROOT;XIRECS;45658.0;7
651352;;;ASH_COATED_OSMIUM;XIRECS;10008.0;7
653129;;;INTARIAN_PEPPER_ROOT;XIRECS;45654.0;4
653528;;;ASH_COATED_OSMIUM;XIRECS;9995.0;3
656009;;;INTARIAN_PEPPER_ROOT;XIRECS;45654.0;7
657247;;;ASH_COATED_OSMIUM;XIRECS;10013.0;4
662009;;;ASH_COATED_OSMIUM;XIRECS;10000.0;9
662177;;;ASH_COATED_OSMIUM;XIRECS;10012.0;4
667442;;;ASH_COATED_OSMIUM;XIRECS;10001.0;9
670397;;;INTARIAN_PEPPER_ROOT;XIRECS;45679.0;6
671076;;;INTARIAN_PEPPER_ROOT;XIRECS;45661.0;5
672896;;;ASH_COATED_OSMIUM;XIRECS;10006.0;4
673984;;;INTARIAN_PEPPER_ROOT;XIRECS;45679.0;7
678940;;;ASH_COATED_OSMIUM;XIRECS;10005.0;3
679320;;;INTARIAN_PEPPER_ROOT;XIRECS;45687.0;6
679701;;;INTARIAN_PEPPER_ROOT;XIRECS;45677.0;3
682509;;;ASH_COATED_OSMIUM;XIRECS;10008.0;10
686251;;;ASH_COATED_OSMIUM;XIRECS;9995.0;2
686914;;;INTARIAN_PEPPER_ROOT;XIRECS;45694.0;8
689406;;;INTARIAN_PEPPER_ROOT;XIRECS;45696.0;5
689673;;;INTARIAN_PEPPER_ROOT;XIRECS;45696.0;5
690267;;;INTARIAN_PEPPER_ROOT;XIRECS;45697.0;6
691640;;;INTARIAN_PEPPER_ROOT;XIRECS;45698.0;7
692328;;;ASH_COATED_OSMIUM;XIRECS;10006.0;9
692507;;;INTARIAN_PEPPER_ROOT;XIRECS;45698.0;7
692592;;;ASH_COATED_OSMIUM;XIRECS;10013.0;7
692824;;;INTARIAN_PEPPER_ROOT;XIRECS;45684.0;3
692828;;;ASH_COATED_OSMIUM;XIRECS;10009.0;9
696641;;;INTARIAN_PEPPER_ROOT;XIRECS;45701.0;3
698990;;;INTARIAN_PEPPER_ROOT;XIRECS;45705.0;8
701598;;;INTARIAN_PEPPER_ROOT;XIRECS;45695.0;7
703101;;;INTARIAN_PEPPER_ROOT;XIRECS;45698.0;4
704157;;;ASH_COATED_OSMIUM;XIRECS;9994.0;3
704599;;;ASH_COATED_OSMIUM;XIRECS;9998.0;5
706314;;;ASH_COATED_OSMIUM;XIRECS;10009.0;4
708386;;;ASH_COATED_OSMIUM;XIRECS;10009.0;3
710757;;;INTARIAN_PEPPER_ROOT;XIRECS;45705.0;4
711986;;;INTARIAN_PEPPER_ROOT;XIRECS;45713.0;5
712577;;;INTARIAN_PEPPER_ROOT;XIRECS;45719.0;3
715568;;;INTARIAN_PEPPER_ROOT;XIRECS;45722.0;4
716470;;;ASH_COATED_OSMIUM;XIRECS;10007.0;6
721208;;;INTARIAN_PEPPER_ROOT;XIRECS;45725.0;3
723109;;;ASH_COATED_OSMIUM;XIRECS;10005.0;6
723451;;;ASH_COATED_OSMIUM;XIRECS;9989.0;9
724623;;;INTARIAN_PEPPER_ROOT;XIRECS;45735.0;6
724866;;;INTARIAN_PEPPER_ROOT;XIRECS;45729.0;6
726735;;;INTARIAN_PEPPER_ROOT;XIRECS;45721.0;5
728047;;;ASH_COATED_OSMIUM;XIRECS;9992.0;7
728180;;;ASH_COATED_OSMIUM;XIRECS;9995.0;7
729038;;;INTARIAN_PEPPER_ROOT;XIRECS;45730.0;3
729902;;;ASH_COATED_OSMIUM;XIRECS;9988.0;3
730113;;;ASH_COATED_OSMIUM;XIRECS;10006.0;4
730448;;;INTARIAN_PEPPER_ROOT;XIRECS;45728.0;7
732745;;;ASH_COATED_OSMIUM;XIRECS;10017.0;2
733116;;;INTARIAN_PEPPER_ROOT;XIRECS;45732.0;6
733307;;;INTARIAN_PEPPER_ROOT;XIRECS;45744.0;6
734590;;;ASH_COATED_OSMIUM;XIRECS;9994.0;5
735216;;;INTARIAN_PEPPER_ROOT;XIRECS;45732.0;7
736906;;;ASH_COATED_OSMIUM;XIRECS;9993.0;6
738852;;;ASH_COATED_OSMIUM;XIRECS;10014.0;2
740023;;;INTARIAN_PEPPER_ROOT;XIRECS;45741.0;3
740901;;;INTARIAN_PEPPER_ROOT;XIRECS;45749.0;3
741177;;;ASH_COATED_OSMIUM;XIRECS;9999.0;3
741584;;;INTARIAN_PEPPER_ROOT;XIRECS;45732.0;6
742223;;;INTARIAN_PEPPER_ROOT;XIRECS;45750.0;6
742277;;;ASH_COATED_OSMIUM;XIRECS;10006.0;2
744705;;;ASH_COATED_OSMIUM;XIRECS;10004.0;5
746145;;;ASH_COATED_OSMIUM;XIRECS;10020.0;6
746904;;;ASH_COATED_OSMIUM;XIRECS;10001.0;6
748758;;;ASH_COATED_OSMIUM;XIRECS;10003.0;2
748791;;;INTARIAN_PEPPER_ROOT;XIRECS;45753.0;5
749407;;;ASH_COATED_OSMIUM;XIRECS;9988.0;9
749879;;;ASH_COATED_OSMIUM;XIRECS;9996.0;5
750610;;;INTARIAN_PEPPER_ROOT;XIRECS;45745.0;6
751501;;;ASH_COATED_OSMIUM;XIRECS;10000.0;3
751838;;;INTARIAN_PEPPER_ROOT;XIRECS;45756.0;6
751852;;;INTARIAN_PEPPER_ROOT;XIRECS;45745.0;4
753629;;;INTARIAN_PEPPER_ROOT;XIRECS;45749.0;4
753869;;;ASH_COATED_OSMIUM;XIRECS;10017.0;8
754277;;;INTARIAN_PEPPER_ROOT;XIRECS;45759.0;3
754738;;;ASH_COATED_OSMIUM;XIRECS;9997.0;3
755793;;;INTARIAN_PEPPER_ROOT;XIRECS;45764.0;6
756256;;;ASH_COATED_OSMIUM;XIRECS;9985.0;7
757445;;;INTARIAN_PEPPER_ROOT;XIRECS;45747.0;4
758094;;;ASH_COATED_OSMIUM;XIRECS;9993.0;3
758586;;;INTARIAN_PEPPER_ROOT;XIRECS;45766.0;3
760968;;;ASH_COATED_OSMIUM;XIRECS;9989.0;2
762267;;;ASH_COATED_OSMIUM;XIRECS;9994.0;6
762325;;;ASH_COATED_OSMIUM;XIRECS;9992.0;5
764128;;;ASH_COATED_OSMIUM;XIRECS;10007.0;6
767402;;;INTARIAN_PEPPER_ROOT;XIRECS;45760.0;3
767618;;;ASH_COATED_OSMIUM;XIRECS;10006.0;7
768576;;;INTARIAN_PEPPER_ROOT;XIRECS;45763.0;5
769406;;;ASH_COATED_OSMIUM;XIRECS;10005.0;2
770219;;;INTARIAN_PEPPER_ROOT;XIRECS;45760.0;7
771789;;;ASH_COATED_OSMIUM;XIRECS;9999.0;7
772269;;;INTARIAN_PEPPER_ROOT;XIRECS;45763.0;3
777469;;;INTARIAN_PEPPER_ROOT;XIRECS;45771.0;4
777588;;;INTARIAN_PEPPER_ROOT;XIRECS;45783.0;6
784359;;;INTARIAN_PEPPER_ROOT;XIRECS;45775.0;5
784704;;;ASH_COATED_OSMIUM;XIRECS;9991.0;2
784778;;;ASH_COATED_OSMIUM;XIRECS;9991.0;6
785077;;;INTARIAN_PEPPER_ROOT;XIRECS;45780.0;5
786689;;;INTARIAN_PEPPER_ROOT;XIRECS;45796.0;5
787422;;;INTARIAN_PEPPER_ROOT;XIRECS;45790.0;6
788349;;;ASH_COATED_OSMIUM;XIRECS;10006.0;3
789024;;;ASH_COATED_OSMIUM;XIRECS;9990.0;3
791874;;;ASH_COATED_OSMIUM;XIRECS;9994.0;2
794271;;;ASH_COATED_OSMIUM;XIRECS;10001.0;5
794666;;;ASH_COATED_OSMIUM;XIRECS;10008.0;8
796507;;;ASH_COATED_OSMIUM;XIRECS;9991.0;6
798483;;;ASH_COATED_OSMIUM;XIRECS;10004.0;7
799749;;;ASH_COATED_OSMIUM;XIRECS;10019.0;6
808218;;;INTARIAN_PEPPER_ROOT;XIRECS;45818.0;4
808439;;;ASH_COATED_OSMIUM;XIRECS;9983.0;9
809664;;;INTARIAN_PEPPER_ROOT;XIRECS;45815.0;5
809874;;;ASH_COATED_OSMIUM;XIRECS;10019.0;8
810324;;;ASH_COATED_OSMIUM;XIRECS;10003.0;7
811575;;;ASH_COATED_OSMIUM;XIRECS;10007.0;6
813767;;;INTARIAN_PEPPER_ROOT;XIRECS;45823.0;4
814344;;;ASH_COATED_OSMIUM;XIRECS;9994.0;5
814466;;;INTARIAN_PEPPER_ROOT;XIRECS;45825.0;6
817676;;;INTARIAN_PEPPER_ROOT;XIRECS;45822.0;6
818548;;;ASH_COATED_OSMIUM;XIRECS;10003.0;4
819310;;;INTARIAN_PEPPER_ROOT;XIRECS;45810.0;6
819333;;;INTARIAN_PEPPER_ROOT;XIRECS;45822.0;7
823095;;;INTARIAN_PEPPER_ROOT;XIRECS;45816.0;3
823693;;;INTARIAN_PEPPER_ROOT;XIRECS;45817.0;6
824169;;;INTARIAN_PEPPER_ROOT;XIRECS;45833.0;3
826127;;;ASH_COATED_OSMIUM;XIRECS;10005.0;3
831011;;;ASH_COATED_OSMIUM;XIRECS;10011.0;10
831771;;;ASH_COATED_OSMIUM;XIRECS;9986.0;7
832163;;;INTARIAN_PEPPER_ROOT;XIRECS;45836.0;3
832587;;;INTARIAN_PEPPER_ROOT;XIRECS;45826.0;7
834120;;;INTARIAN_PEPPER_ROOT;XIRECS;45824.0;6
834733;;;ASH_COATED_OSMIUM;XIRECS;10013.0;4
835392;;;ASH_COATED_OSMIUM;XIRECS;10007.0;4
835550;;;ASH_COATED_OSMIUM;XIRECS;10011.0;7
838595;;;INTARIAN_PEPPER_ROOT;XIRECS;45847.0;6
839857;;;ASH_COATED_OSMIUM;XIRECS;10008.0;3
840611;;;ASH_COATED_OSMIUM;XIRECS;10003.0;6
844379;;;INTARIAN_PEPPER_ROOT;XIRECS;45832.0;6
845029;;;ASH_COATED_OSMIUM;XIRECS;9995.0;5
846524;;;ASH_COATED_OSMIUM;XIRECS;9998.0;5
848318;;;INTARIAN_PEPPER_ROOT;XIRECS;45853.0;4
850017;;;INTARIAN_PEPPER_ROOT;XIRECS;45856.0;6
851029;;;INTARIAN_PEPPER_ROOT;XIRECS;45852.0;6
852070;;;ASH_COATED_OSMIUM;XIRECS;9990.0;6
853099;;;ASH_COATED_OSMIUM;XIRECS;10001.0;5
853913;;;INTARIAN_PEPPER_ROOT;XIRECS;45862.0;6
854885;;;ASH_COATED_OSMIUM;XIRECS;10006.0;6
855978;;;ASH_COATED_OSMIUM;XIRECS;10004.0;3
856996;;;INTARIAN_PEPPER_ROOT;XIRECS;45853.0;6
857418;;;INTARIAN_PEPPER_ROOT;XIRECS;45867.0;4
857673;;;ASH_COATED_OSMIUM;XIRECS;10007.0;3
858056;;;INTARIAN_PEPPER_ROOT;XIRECS;45847.0;3
858104;;;INTARIAN_PEPPER_ROOT;XIRECS;45863.0;3
859968;;;ASH_COATED_OSMIUM;XIRECS;10017.0;6
860190;;;INTARIAN_PEPPER_ROOT;XIRECS;45851.0;5
861174;;;ASH_COATED_OSMIUM;XIRECS;9996.0;6
863404;;;ASH_COATED_OSMIUM;XIRECS;10006.0;6
863538;;;INTARIAN_PEPPER_ROOT;XIRECS;45867.0;7
866863;;;ASH_COATED_OSMIUM;XIRECS;10011.0;2
867267;;;ASH_COATED_OSMIUM;XIRECS;9991.0;4
869724;;;INTARIAN_PEPPER_ROOT;XIRECS;45873.0;7
869869;;;ASH_COATED_OSMIUM;XIRECS;9993.0;5
870603;;;INTARIAN_PEPPER_ROOT;XIRECS;45879.0;5
871475;;;ASH_COATED_OSMIUM;XIRECS;9986.0;5
871805;;;INTARIAN_PEPPER_ROOT;XIRECS;45881.0;3
875118;;;INTARIAN_PEPPER_ROOT;XIRECS;45883.0;8
875202;;;INTARIAN_PEPPER_ROOT;XIRECS;45888.0;5
875250;;;INTARIAN_PEPPER_ROOT;XIRECS;45888.0;7
875784;;;INTARIAN_PEPPER_ROOT;XIRECS;45869.0;8
878377;;;INTARIAN_PEPPER_ROOT;XIRECS;45872.0;5
882085;;;INTARIAN_PEPPER_ROOT;XIRECS;45875.0;6
884554;;;INTARIAN_PEPPER_ROOT;XIRECS;45879.0;3
885832;;;INTARIAN_PEPPER_ROOT;XIRECS;45877.0;4
890061;;;ASH_COATED_OSMIUM;XIRECS;10019.0;9
890575;;;ASH_COATED_OSMIUM;XIRECS;9996.0;6
893703;;;ASH_COATED_OSMIUM;XIRECS;10006.0;9
896134;;;ASH_COATED_OSMIUM;XIRECS;10014.0;6
896637;;;ASH_COATED_OSMIUM;XIRECS;9992.0;10
897424;;;INTARIAN_PEPPER_ROOT;XIRECS;45899.0;6
898636;;;INTARIAN_PEPPER_ROOT;XIRECS;45906.0;6
900818;;;ASH_COATED_OSMIUM;XIRECS;9992.0;5
901169;;;ASH_COATED_OSMIUM;XIRECS;9986.0;3
904594;;;INTARIAN_PEPPER_ROOT;XIRECS;45897.0;5
905145;;;ASH_COATED_OSMIUM;XIRECS;10007.0;3
905262;;;ASH_COATED_OSMIUM;XIRECS;9986.0;5
907094;;;ASH_COATED_OSMIUM;XIRECS;10003.0;5
907203;;;INTARIAN_PEPPER_ROOT;XIRECS;45901.0;4
908884;;;ASH_COATED_OSMIUM;XIRECS;10015.0;3
910413;;;ASH_COATED_OSMIUM;XIRECS;10010.0;2
910911;;;INTARIAN_PEPPER_ROOT;XIRECS;45907.0;3
910941;;;ASH_COATED_OSMIUM;XIRECS;9993.0;2
912104;;;INTARIAN_PEPPER_ROOT;XIRECS;45903.0;4
912716;;;INTARIAN_PEPPER_ROOT;XIRECS;45912.0;5
914589;;;ASH_COATED_OSMIUM;XIRECS;9991.0;5
916566;;;INTARIAN_PEPPER_ROOT;XIRECS;45912.0;3
920164;;;ASH_COATED_OSMIUM;XIRECS;9995.0;8
921417;;;ASH_COATED_OSMIUM;XIRECS;9995.0;6
921965;;;INTARIAN_PEPPER_ROOT;XIRECS;45918.0;7
922917;;;INTARIAN_PEPPER_ROOT;XIRECS;45917.0;7
925539;;;ASH_COATED_OSMIUM;XIRECS;10013.0;3
925838;;;INTARIAN_PEPPER_ROOT;XIRECS;45918.0;4
925890;;;INTARIAN_PEPPER_ROOT;XIRECS;45930.0;8
927116;;;INTARIAN_PEPPER_ROOT;XIRECS;45920.0;5
927424;;;ASH_COATED_OSMIUM;XIRECS;10005.0;5
928441;;;INTARIAN_PEPPER_ROOT;XIRECS;45937.0;5
929929;;;INTARIAN_PEPPER_ROOT;XIRECS;45929.0;7
929953;;;INTARIAN_PEPPER_ROOT;XIRECS;45944.0;4
931101;;;ASH_COATED_OSMIUM;XIRECS;9982.0;6
931564;;;ASH_COATED_OSMIUM;XIRECS;9982.0;2
932087;;;INTARIAN_PEPPER_ROOT;XIRECS;45922.0;6
932273;;;ASH_COATED_OSMIUM;XIRECS;9975.0;5
934039;;;ASH_COATED_OSMIUM;XIRECS;9990.0;8
935930;;;ASH_COATED_OSMIUM;XIRECS;9990.0;3
937997;;;INTARIAN_PEPPER_ROOT;XIRECS;45946.0;6
938475;;;INTARIAN_PEPPER_ROOT;XIRECS;45944.0;6
940945;;;ASH_COATED_OSMIUM;XIRECS;9991.0;3
941685;;;INTARIAN_PEPPER_ROOT;XIRECS;45943.0;6
941883;;;ASH_COATED_OSMIUM;XIRECS;9989.0;10
942050;;;INTARIAN_PEPPER_ROOT;XIRECS;45951.0;7
942390;;;ASH_COATED_OSMIUM;XIRECS;9995.0;4
942438;;;INTARIAN_PEPPER_ROOT;XIRECS;45937.0;5
946474;;;ASH_COATED_OSMIUM;XIRECS;10004.0;2
947734;;;ASH_COATED_OSMIUM;XIRECS;10014.0;8
948589;;;ASH_COATED_OSMIUM;XIRECS;9988.0;3
949403;;;ASH_COATED_OSMIUM;XIRECS;9998.0;7
950613;;;ASH_COATED_OSMIUM;XIRECS;9984.0;6
951191;;;ASH_COATED_OSMIUM;XIRECS;9994.0;4
951686;;;INTARIAN_PEPPER_ROOT;XIRECS;45945.0;7
951779;;;INTARIAN_PEPPER_ROOT;XIRECS;45942.0;5
957722;;;ASH_COATED_OSMIUM;XIRECS;9990.0;6
958822;;;INTARIAN_PEPPER_ROOT;XIRECS;45965.0;6
959042;;;INTARIAN_PEPPER_ROOT;XIRECS;45963.0;6
959579;;;ASH_COATED_OSMIUM;XIRECS;10000.0;10
962142;;;INTARIAN_PEPPER_ROOT;XIRECS;45967.0;7
962337;;;INTARIAN_PEPPER_ROOT;XIRECS;45967.0;5
968445;;;INTARIAN_PEPPER_ROOT;XIRECS;45961.0;4
970016;;;ASH_COATED_OSMIUM;XIRECS;9997.0;9
970124;;;ASH_COATED_OSMIUM;XIRECS;9997.0;10
971160;;;ASH_COATED_OSMIUM;XIRECS;10011.0;7
971274;;;ASH_COATED_OSMIUM;XIRECS;10007.0;3
973237;;;ASH_COATED_OSMIUM;XIRECS;10023.0;6
974788;;;INTARIAN_PEPPER_ROOT;XIRECS;45985.0;7
975128;;;INTARIAN_PEPPER_ROOT;XIRECS;45981.0;6
975676;;;ASH_COATED_OSMIUM;XIRECS;10003.0;3
975845;;;INTARIAN_PEPPER_ROOT;XIRECS;45969.0;5
976924;;;ASH_COATED_OSMIUM;XIRECS;9991.0;5
977168;;;INTARIAN_PEPPER_ROOT;XIRECS;45983.0;4
978017;;;ASH_COATED_OSMIUM;XIRECS;10005.0;2
979223;;;ASH_COATED_OSMIUM;XIRECS;10014.0;9
980705;;;ASH_COATED_OSMIUM;XIRECS;9991.0;5
983408;;;INTARIAN_PEPPER_ROOT;XIRECS;45987.0;6
983957;;;INTARIAN_PEPPER_ROOT;XIRECS;45992.0;6
986058;;;INTARIAN_PEPPER_ROOT;XIRECS;45987.0;3
987810;;;INTARIAN_PEPPER_ROOT;XIRECS;45989.0;5
990372;;;ASH_COATED_OSMIUM;XIRECS;10014.0;5
991096;;;INTARIAN_PEPPER_ROOT;XIRECS;46002.0;4
991179;;;INTARIAN_PEPPER_ROOT;XIRECS;45986.0;8
991448;;;ASH_COATED_OSMIUM;XIRECS;10000.0;8
991544;;;ASH_COATED_OSMIUM;XIRECS;9996.0;6
992459;;;ASH_COATED_OSMIUM;XIRECS;10000.0;10
993946;;;ASH_COATED_OSMIUM;XIRECS;10001.0;3
997829;;;ASH_COATED_OSMIUM;XIRECS;9984.0;6
998082;;;ASH_COATED_OSMIUM;XIRECS;10007.0;3