timestamp;buyer;seller;symbol;currency;price;quantity
666;;;INTARIAN_PEPPER_ROOT;XIRECS;28008.0;4
5390;;;INTARIAN_PEPPER_ROOT;XIRECS;28012.0;7
5671;;;ASH_COATED_OSMIUM;XIRECS;9996.0;7
6453;;;INTARIAN_PEPPER_ROOT;XIRECS;28001.0;7
7491;;;ASH_COATED_OSMIUM;XIRECS;9990.0;4
8398;;;ASH_COATED_OSMIUM;XIRECS;10005.0;8
9758;;;INTARIAN_PEPPER_ROOT;XIRECS;28009.0;6
12408;;;INTARIAN_PEPPER_ROOT;XIRECS;28015.0;6
13345;;;ASH_COATED_OSMIUM;XIRECS;9989.0;9
18067;;;ASH_COATED_OSMIUM;XIRECS;9983.0;6
21006;;;ASH_COATED_OSMIUM;XIRECS;10002.0;6
24228;;;ASH_COATED_OSMIUM;XIRECS;9987.0;2
26636;;;ASH_COATED_OSMIUM;XIRECS;9985.0;10
27091;;;ASH_COATED_OSMIUM;XIRECS;10002.0;4
27131;;;ASH_COATED_OSMIUM;XIRECS;9996.0;5
31926;;;ASH_COATED_OSMIUM;XIRECS;9988.0;10
32370;;;ASH_COATED_OSMIUM;XIRECS;10005.0;5
36240;;;ASH_COATED_OSMIUM;XIRECS;10000.0;3
37296;;;INTARIAN_PEPPER_ROOT;XIRECS;28029.0;7
39770;;;INTARIAN_PEPPER_ROOT;XIRECS;28033.0;5
39790;;;ASH_COATED_OSMIUM;XIRECS;9987.0;4
41225;;;ASH_COATED_OSMIUM;XIRECS;9991.0;6
41455;;;INTARIAN_PEPPER_ROOT;XIRECS;28033.0;4
42987;;;ASH_COATED_OSMIUM;XIRECS;10003.0;3
44321;;;ASH_COATED_OSMIUM;XIRECS;9988.0;6
45134;;;ASH_COATED_OSMIUM;XIRECS;10002.0;6
45817;;;INTARIAN_PEPPER_ROOT;XIRECS;28053.0;6
48892;;;INTARIAN_PEPPER_ROOT;XIRECS;28055.0;7
50865;;;ASH_COATED_OSMIUM;XIRECS;9983.0;2
52616;;;ASH_COATED_OSMIUM;XIRECS;10001.0;4
55002;;;INTARIAN_PEPPER_ROOT;XIRECS;28050.0;7
55138;;;ASH_COATED_OSMIUM;XIRECS;9989.0;3
55607;;;INTARIAN_PEPPER_ROOT;XIRECS;28065.0;6
59169;;;ASH_COATED_OSMIUM;XIRECS;10003.0;5
59378;;;ASH_COATED_OSMIUM;XIRECS;10008.0;7
60949;;;ASH_COATED_OSMIUM;XIRECS;10006.0;10
61635;;;ASH_COATED_OSMIUM;XIRECS;9990.0;4
61964;;;ASH_COATED_OSMIUM;XIRECS;9988.0;8
63295;;;ASH_COATED_OSMIUM;XIRECS;9985.0;5
64424;;;ASH_COATED_OSMIUM;XIRECS;9984.0;9
65109;;;ASH_COATED_OSMIUM;XIRECS;9990.0;2
65546;;;INTARIAN_PEPPER_ROOT;XIRECS;28066.0;3
66399;;;ASH_COATED_OSMIUM;XIRECS;9988.0;6
66526;;;INTARIAN_PEPPER_ROOT;XIRECS;28059.0;3
66789;;;ASH_COATED_OSMIUM;XIRECS;9982.0;9
67844;;;ASH_COATED_OSMIUM;XIRECS;10002.0;6
73860;;;INTARIAN_PEPPER_ROOT;XIRECS;28068.0;6
75553;;;INTARIAN_PEPPER_ROOT;XIRECS;28064.0;7
75563;;;ASH_COATED_OSMIUM;XIRECS;10003.0;9
80253;;;INTARIAN_PEPPER_ROOT;XIRECS;28074.0;4
84118;;;ASH_COATED_OSMIUM;XIRECS;9985.0;5
84365;;;INTARIAN_PEPPER_ROOT;XIRECS;28093.0;6
85041;;;INTARIAN_PEPPER_ROOT;XIRECS;28094.0;7
86249;;;ASH_COATED_OSMIUM;XIRECS;9985.0;5
86784;;;ASH_COATED_OSMIUM;XIRECS;10007.0;4
87197;;;INTARIAN_PEPPER_ROOT;XIRECS;28093.0;5
87280;;;INTARIAN_PEPPER_ROOT;XIRECS;28081.0;6
87806;;;ASH_COATED_OSMIUM;XIRECS;9987.0;8
88225;;;ASH_COATED_OSMIUM;XIRECS;9992.0;6
88997;;;INTARIAN_PEPPER_ROOT;XIRECS;28084.0;3
89557;;;INTARIAN_PEPPER_ROOT;XIRECS;28083.0;7
90959;;;ASH_COATED_OSMIUM;XIRECS;9995.0;5
91021;;;INTARIAN_PEPPER_ROOT;XIRECS;28087.0;6
92215;;;INTARIAN_PEPPER_ROOT;XIRECS;28099.0;5
93982;;;ASH_COATED_OSMIUM;XIRECS;9991.0;6
97118;;;ASH_COATED_OSMIUM;XIRECS;9998.0;6
97813;;;INTARIAN_PEPPER_ROOT;XIRECS;28087.0;8
100597;;;INTARIAN_PEPPER_ROOT;XIRECS;28109.0;3
103214;;;ASH_COATED_OSMIUM;XIRECS;10012.0;2
103606;;;ASH_COATED_OSMIUM;XIRECS;10006.0;5
105709;;;ASH_COATED_OSMIUM;XIRECS;9999.0;2
106429;;;INTARIAN_PEPPER_ROOT;XIRECS;28114.0;7
107521;;;ASH_COATED_OSMIUM;XIRECS;10011.0;6
107959;;;INTARIAN_PEPPER_ROOT;XIRECS;28115.0;4
108615;;;INTARIAN_PEPPER_ROOT;XIRECS;28114.0;6
108689;;;ASH_COATED_OSMIUM;XIRECS;10013.0;5
109412;;;ASH_COATED_OSMIUM;XIRECS;9993.0;5
109969;;;INTARIAN_PEPPER_ROOT;XIRECS;28114.0;7
111218;;;ASH_COATED_OSMIUM;XIRECS;9994.0;6
111331;;;INTARIAN_PEPPER_ROOT;XIRECS;28118.0;6
113201;;;INTARIAN_PEPPER_ROOT;XIRECS;28103.0;3
113578;;;INTARIAN_PEPPER_ROOT;XIRECS;28120.0;8
115827;;;ASH_COATED_OSMIUM;XIRECS;10010.0;5
119120;;;INTARIAN_PEPPER_ROOT;XIRECS;28116.0;6
120029;;;ASH_COATED_OSMIUM;XIRECS;9994.0;5
120074;;;INTARIAN_PEPPER_ROOT;XIRECS;28123.0;3
120679;;;ASH_COATED_OSMIUM;XIRECS;10001.0;5
120730;;;INTARIAN_PEPPER_ROOT;XIRECS;28114.0;3
122600;;;ASH_COATED_OSMIUM;XIRECS;10000.0;3
123267;;;ASH_COATED_OSMIUM;XIRECS;10000.0;2
126360;;;ASH_COATED_OSMIUM;XIRECS;10000.0;4
126671;;;INTARIAN_PEPPER_ROOT;XIRECS;28135.0;8
126843;;;INTARIAN_PEPPER_ROOT;XIRECS;28118.0;8
127096;;;INTARIAN_PEPPER_ROOT;XIRECS;28128.0;7
130244;;;ASH_COATED_OSMIUM;XIRECS;10009.0;5
130604;;;INTARIAN_PEPPER_ROOT;XIRECS;28128.0;3
131080;;;ASH_COATED_OSMIUM;XIRECS;9996.0;2
131093;;;INTARIAN_PEPPER_ROOT;XIRECS;28142.0;6
131699;;;INTARIAN_PEPPER_ROOT;XIRECS;28124.0;7
135032;;;INTARIAN_PEPPER_ROOT;XIRECS;28134.0;3
137293;;;ASH_COATED_OSMIUM;XIRECS;10010.0;5
137993;;;INTARIAN_PEPPER_ROOT;XIRECS;28131.0;3
143171;;;INTARIAN_PEPPER_ROOT;XIRECS;28139.0;7
144177;;;INTARIAN_PEPPER_ROOT;XIRECS;28152.0;4
145807;;;ASH_COATED_OSMIUM;XIRECS;9987.0;2
147198;;;ASH_COATED_OSMIUM;XIRECS;10006.0;6
147742;;;ASH_COATED_OSMIUM;XIRECS;10012.0;3
149185;;;ASH_COATED_OSMIUM;XIRECS;9998.0;2
151724;;;INTARIAN_PEPPER_ROOT;XIRECS;28161.0;6
153097;;;ASH_COATED_OSMIUM;XIRECS;10008.0;3
154595;;;INTARIAN_PEPPER_ROOT;XIRECS;28145.0;3
154852;;;INTARIAN_PEPPER_ROOT;XIRECS;28162.0;3
156204;;;ASH_COATED_OSMIUM;XIRECS;10012.0;8
156238;;;ASH_COATED_OSMIUM;XIRECS;10000.0;6
157745;;;ASH_COATED_OSMIUM;XIRECS;9990.0;2
158672;;;ASH_COATED_OSMIUM;XIRECS;10006.0;5
160348;;;ASH_COATED_OSMIUM;XIRECS;9996.0;6
163713;;;ASH_COATED_OSMIUM;XIRECS;9989.0;2
167215;;;INTARIAN_PEPPER_ROOT;XIRECS;28160.0;6
168022;;;ASH_COATED_OSMIUM;XIRECS;10011.0;5
171184;;;ASH_COATED_OSMIUM;XIRECS;9995.0;5
174160;;;ASH_COATED_OSMIUM;XIRECS;10013.0;5
175969;;;ASH_COATED_OSMIUM;XIRECS;9993.0;3
178793;;;INTARIAN_PEPPER_ROOT;XIRECS;28183.0;3
182377;;;INTARIAN_PEPPER_ROOT;XIRECS;28189.0;3
185958;;;INTARIAN_PEPPER_ROOT;XIRECS;28192.0;5
189218;;;INTARIAN_PEPPER_ROOT;XIRECS;28184.0;3
192638;;;INTARIAN_PEPPER_ROOT;XIRECS;28182.0;3
194611;;;INTARIAN_PEPPER_ROOT;XIRECS;28197.0;4
196207;;;INTARIAN_PEPPER_ROOT;XIRECS;28187.0;3
197668;;;INTARIAN_PEPPER_ROOT;XIRECS;28194.0;4
198788;;;INTARIAN_PEPPER_ROOT;XIRECS;28205.0;7
198843;;;INTARIAN_PEPPER_ROOT;XIRECS;28192.0;7
199290;;;ASH_COATED_OSMIUM;XIRECS;9996.0;5
200507;;;INTARIAN_PEPPER_ROOT;XIRECS;28209.0;3
202695;;;INTARIAN_PEPPER_ROOT;XIRECS;28198.0;7
202955;;;INTARIAN_PEPPER_ROOT;XIRECS;28209.0;3
205869;;;ASH_COATED_OSMIUM;XIRECS;10002.0;8
206222;;;INTARIAN_PEPPER_ROOT;XIRECS;28202.0;5
207461;;;ASH_COATED_OSMIUM;XIRECS;10017.0;5
208203;;;ASH_COATED_OSMIUM;XIRECS;10018.0;5
209856;;;INTARIAN_PEPPER_ROOT;XIRECS;28202.0;6
210112;;;INTARIAN_PEPPER_ROOT;XIRECS;28216.0;6
210861;;;ASH_COATED_OSMIUM;XIRECS;10015.0;5
211352;;;INTARIAN_PEPPER_ROOT;XIRECS;28207.0;3
212645;;;ASH_COATED_OSMIUM;XIRECS;10013.0;10
214431;;;INTARIAN_PEPPER_ROOT;XIRECS;28219.0;5
214655;;;ASH_COATED_OSMIUM;XIRECS;10014.0;3
215387;;;ASH_COATED_OSMIUM;XIRECS;9993.0;8
216988;;;ASH_COATED_OSMIUM;XIRECS;10012.0;8
217014;;;INTARIAN_PEPPER_ROOT;XIRECS;28212.0;4
217408;;;INTARIAN_PEPPER_ROOT;XIRECS;28225.0;3
219020;;;INTARIAN_PEPPER_ROOT;XIRECS;28211.0;5
219629;;;ASH_COATED_OSMIUM;XIRECS;10015.0;7
222086;;;INTARIAN_PEPPER_ROOT;XIRECS;28214.0;7
223443;;;INTARIAN_PEPPER_ROOT;XIRECS;28228.0;4
227428;;;ASH_COATED_OSMIUM;XIRECS;9990.0;9
228611;;;ASH_COATED_OSMIUM;XIRECS;10009.0;9
229700;;;INTARIAN_PEPPER_ROOT;XIRECS;28223.0;7
229790;;;ASH_COATED_OSMIUM;XIRECS;9992.0;6
233382;;;INTARIAN_PEPPER_ROOT;XIRECS;28228.0;7
234180;;;INTARIAN_PEPPER_ROOT;XIRECS;28228.0;3
234555;;;ASH_COATED_OSMIUM;XIRECS;10004.0;2
235333;;;ASH_COATED_OSMIUM;XIRECS;9993.0;4
238673;;;INTARIAN_PEPPER_ROOT;XIRECS;28229.0;5
239528;;;INTARIAN_PEPPER_ROOT;XIRECS;28244.0;5
241201;;;ASH_COATED_OSMIUM;XIRECS;9987.0;7
241274;;;INTARIAN_PEPPER_ROOT;XIRECS;28244.0;4
244452;;;ASH_COATED_OSMIUM;XIRECS;9991.0;2
244471;;;ASH_COATED_OSMIUM;XIRECS;10007.0;3
244973;;;ASH_COATED_OSMIUM;XIRECS;9986.0;7
247082;;;ASH_COATED_OSMIUM;XIRECS;9985.0;3
247277;;;ASH_COATED_OSMIUM;XIRECS;9986.0;4
248109;;;INTARIAN_PEPPER_ROOT;XIRECS;28253.0;6
249533;;;ASH_COATED_OSMIUM;XIRECS;10006.0;9
252907;;;INTARIAN_PEPPER_ROOT;XIRECS;28248.0;4
255324;;;ASH_COATED_OSMIUM;XIRECS;10007.0;2
257262;;;ASH_COATED_OSMIUM;XIRECS;10010.0;9
258249;;;ASH_COATED_OSMIUM;XIRECS;10006.0;4
260400;;;ASH_COATED_OSMIUM;XIRECS;9989.0;3
261570;;;INTARIAN_PEPPER_ROOT;XIRECS;28257.0;5
263850;;;INTARIAN_PEPPER_ROOT;XIRECS;28261.0;6
265425;;;ASH_COATED_OSMIUM;XIRECS;10011.0;5
266961;;;INTARIAN_PEPPER_ROOT;XIRECS;28264.0;8
268332;;;ASH_COATED_OSMIUM;XIRECS;9995.0;6
268566;;;ASH_COATED_OSMIUM;XIRECS;10007.0;9
269740;;;INTARIAN_PEPPER_ROOT;XIRECS;28275.0;7
270072;;;INTARIAN_PEPPER_ROOT;XIRECS;28278.0;5
270701;;;INTARIAN_PEPPER_ROOT;XIRECS;28280.0;5
275091;;;ASH_COATED_OSMIUM;XIRECS;9994.0;3
275626;;;INTARIAN_PEPPER_ROOT;XIRECS;28266.0;5
281482;;;INTARIAN_PEPPER_ROOT;XIRECS;28287.0;3
281591;;;INTARIAN_PEPPER_ROOT;XIRECS;28289.0;3
283030;;;INTARIAN_PEPPER_ROOT;XIRECS;28291.0;4
284503;;;ASH_COATED_OSMIUM;XIRECS;10005.0;4
284607;;;INTARIAN_PEPPER_ROOT;XIRECS;28295.0;7
285336;;;ASH_COATED_OSMIUM;XIRECS;9990.0;2
285845;;;INTARIAN_PEPPER_ROOT;XIRECS;28280.0;6
289626;;;INTARIAN_PEPPER_ROOT;XIRECS;28286.0;5
290678;;;ASH_COATED_OSMIUM;XIRECS;10000.0;3
295298;;;INTARIAN_PEPPER_ROOT;XIRECS;28304.0;7
295868;;;INTARIAN_PEPPER_ROOT;XIRECS;28288.0;3
296161;;;ASH_COATED_OSMIUM;XIRECS;9998.0;5
297700;;;INTARIAN_PEPPER_ROOT;XIRECS;28292.0;3
304136;;;INTARIAN_PEPPER_ROOT;XIRECS;28309.0;6
305332;;;ASH_COATED_OSMIUM;XIRECS;9994.0;4
305370;;;INTARIAN_PEPPER_ROOT;XIRECS;28313.0;5
305401;;;ASH_COATED_OSMIUM;XIRECS;10011.0;3
306110;;;ASH_COATED_OSMIUM;XIRECS;9993.0;6
307648;;;INTARIAN_PEPPER_ROOT;XIRECS;28318.0;6
308361;;;ASH_COATED_OSMIUM;XIRECS;10010.0;3
308626;;;INTARIAN_PEPPER_ROOT;XIRECS;28316.0;3
310563;;;ASH_COATED_OSMIUM;XIRECS;9996.0;2
310840;;;INTARIAN_PEPPER_ROOT;XIRECS;28317.0;6
311906;;;ASH_COATED_OSMIUM;XIRECS;9988.0;8
313712;;;ASH_COATED_OSMIUM;XIRECS;9994.0;4
316015;;;INTARIAN_PEPPER_ROOT;XIRECS;28322.0;6
317648;;;INTARIAN_PEPPER_ROOT;XIRECS;28327.0;3
318480;;;ASH_COATED_OSMIUM;XIRECS;10013.0;9
319911;;;ASH_COATED_OSMIUM;XIRECS;9995.0;4
320319;;;ASH_COATED_OSMIUM;XIRECS;9989.0;10
320983;;;INTARIAN_PEPPER_ROOT;XIRECS;28315.0;5
324961;;;INTARIAN_PEPPER_ROOT;XIRECS;28326.0;4
325237;;;INTARIAN_PEPPER_ROOT;XIRECS;28318.0;3
325360;;;ASH_COATED_OSMIUM;XIRECS;9991.0;6
332090;;;ASH_COATED_OSMIUM;XIRECS;9996.0;2
332870;;;INTARIAN_PEPPER_ROOT;XIRECS;28338.0;3
335162;;;INTARIAN_PEPPER_ROOT;XIRECS;28329.0;3
335475;;;INTARIAN_PEPPER_ROOT;XIRECS;28327.0;3
338480;;;ASH_COATED_OSMIUM;XIRECS;10012.0;2
339557;;;INTARIAN_PEPPER_ROOT;XIRECS;28345.0;6
339577;;;ASH_COATED_OSMIUM;XIRECS;9994.0;8
339782;;;ASH_COATED_OSMIUM;XIRECS;10011.0;4
341503;;;INTARIAN_PEPPER_ROOT;XIRECS;28333.0;4
343451;;;ASH_COATED_OSMIUM;XIRECS;9990.0;2
345799;;;ASH_COATED_OSMIUM;XIRECS;10014.0;3
346621;;;ASH_COATED_OSMIUM;XIRECS;10010.0;5
348129;;;INTARIAN_PEPPER_ROOT;XIRECS;28347.0;3
349418;;;INTARIAN_PEPPER_ROOT;XIRECS;28345.0;3
353439;;;INTARIAN_PEPPER_ROOT;XIRECS;28357.0;5
353800;;;INTARIAN_PEPPER_ROOT;XIRECS;28356.0;8
354629;;;INTARIAN_PEPPER_ROOT;XIRECS;28358.0;3
354874;;;INTARIAN_PEPPER_ROOT;XIRECS;28346.0;6
357719;;;INTARIAN_PEPPER_ROOT;XIRECS;28365.0;7
362572;;;ASH_COATED_OSMIUM;XIRECS;10004.0;10
363135;;;INTARIAN_PEPPER_ROOT;XIRECS;28358.0;7
365127;;;ASH_COATED_OSMIUM;XIRECS;9988.0;6
368926;;;INTARIAN_PEPPER_ROOT;XIRECS;28374.0;8
369523;;;INTARIAN_PEPPER_ROOT;XIRECS;28376.0;7
370498;;;INTARIAN_PEPPER_ROOT;XIRECS;28366.0;3
371874;;;ASH_COATED_OSMIUM;XIRECS;10001.0;6
373366;;;ASH_COATED_OSMIUM;XIRECS;10000.0;6
374428;;;INTARIAN_PEPPER_ROOT;XIRECS;28365.0;5
374694;;;INTARIAN_PEPPER_ROOT;XIRECS;28371.0;7
375294;;;ASH_COATED_OSMIUM;XIRECS;10003.0;2
375659;;;INTARIAN_PEPPER_ROOT;XIRECS;28367.0;3
376318;;;INTARIAN_PEPPER_ROOT;XIRECS;28368.0;6
376465;;;ASH_COATED_OSMIUM;XIRECS;9991.0;4
376549;;;INTARIAN_PEPPER_ROOT;XIRECS;28382.0;3
378372;;;ASH_COATED_OSMIUM;XIRECS;10002.0;4
379006;;;INTARIAN_PEPPER_ROOT;XIRECS;28377.0;6
380648;;;ASH_COATED_OSMIUM;XIRECS;9984.0;10
380732;;;ASH_COATED_OSMIUM;XIRECS;9986.0;6
381760;;;ASH_COATED_OSMIUM;XIRECS;9984.0;2
382723;;;INTARIAN_PEPPER_ROOT;XIRECS;28374.0;4
383393;;;INTARIAN_PEPPER_ROOT;XIRECS;28392.0;7
384848;;;INTARIAN_PEPPER_ROOT;XIRECS;28375.0;6
386613;;;INTARIAN_PEPPER_ROOT;XIRECS;28381.0;7
387930;;;INTARIAN_PEPPER_ROOT;XIRECS;28392.0;7
390568;;;ASH_COATED_OSMIUM;XIRECS;10009.0;6
390820;;;INTARIAN_PEPPER_ROOT;XIRECS;28382.0;3
395448;;;ASH_COATED_OSMIUM;XIRECS;9985.0;10
397131;;;ASH_COATED_OSMIUM;XIRECS;10007.0;3
398790;;;ASH_COATED_OSMIUM;XIRECS;10009.0;8
399979;;;ASH_COATED_OSMIUM;XIRECS;9992.0;10
400723;;;INTARIAN_PEPPER_ROOT;XIRECS;28395.0;3
403936;;;ASH_COATED_OSMIUM;XIRECS;9993.0;2
405271;;;ASH_COATED_OSMIUM;XIRECS;10011.0;5
405715;;;INTARIAN_PEPPER_ROOT;XIRECS;28398.0;4
407996;;;INTARIAN_PEPPER_ROOT;XIRECS;28411.0;5
408743;;;ASH_COATED_OSMIUM;XIRECS;9991.0;6
410282;;;ASH_COATED_OSMIUM;XIRECS;9988.0;3
410707;;;ASH_COATED_OSMIUM;XIRECS;10012.0;6
412776;;;ASH_COATED_OSMIUM;XIRECS;9995.0;3
414062;;;INTARIAN_PEPPER_ROOT;XIRECS;28402.0;6
414356;;;ASH_COATED_OSMIUM;XIRECS;9990.0;6
417118;;;INTARIAN_PEPPER_ROOT;XIRECS;28410.0;6
417387;;;ASH_COATED_OSMIUM;XIRECS;10009.0;5
419688;;;INTARIAN_PEPPER_ROOT;XIRECS;28424.0;4
420896;;;INTARIAN_PEPPER_ROOT;XIRECS;28426.0;7
423564;;;ASH_COATED_OSMIUM;XIRECS;9996.0;6
425781;;;ASH_COATED_OSMIUM;XIRECS;9989.0;3
426817;;;ASH_COATED_OSMIUM;XIRECS;10008.0;2
427219;;;INTARIAN_PEPPER_ROOT;XIRECS;28417.0;5
427995;;;ASH_COATED_OSMIUM;XIRECS;9995.0;5
428289;;;ASH_COATED_OSMIUM;XIRECS;9995.0;7
428476;;;INTARIAN_PEPPER_ROOT;XIRECS;28423.0;7
428611;;;ASH_COATED_OSMIUM;XIRECS;9995.0;2
428816;;;ASH_COATED_OSMIUM;XIRECS;10005.0;7
431172;;;ASH_COATED_OSMIUM;XIRECS;10008.0;6
433852;;;ASH_COATED_OSMIUM;XIRECS;9996.0;2
435469;;;ASH_COATED_OSMIUM;XIRECS;9999.0;2
435595;;;INTARIAN_PEPPER_ROOT;XIRECS;28441.0;6
441025;;;INTARIAN_PEPPER_ROOT;XIRECS;28449.0;8
441101;;;INTARIAN_PEPPER_ROOT;XIRECS;28437.0;5
441191;;;ASH_COATED_OSMIUM;XIRECS;10001.0;5
441927;;;ASH_COATED_OSMIUM;XIRECS;10014.0;6
444941;;;INTARIAN_PEPPER_ROOT;XIRECS;28440.0;3
445172;;;INTARIAN_PEPPER_ROOT;XIRECS;28452.0;6
445243;;;ASH_COATED_OSMIUM;XIRECS;10017.0;8
445787;;;ASH_COATED_OSMIUM;XIRECS;9995.0;5
446743;;;ASH_COATED_OSMIUM;XIRECS;9997.0;7
449790;;;INTARIAN_PEPPER_ROOT;XIRECS;28455.0;6
449815;;;ASH_COATED_OSMIUM;XIRECS;10013.0;6
449891;;;INTARIAN_PEPPER_ROOT;XIRECS;28442.0;2
449993;;;ASH_COATED_OSMIUM;XIRECS;9995.0;4
452492;;;ASH_COATED_OSMIUM;XIRECS;9996.0;3
452983;;;ASH_COATED_OSMIUM;XIRECS;9998.0;3
454932;;;ASH_COATED_OSMIUM;XIRECS;10004.0;2
455118;;;INTARIAN_PEPPER_ROOT;XIRECS;28448.0;3
459718;;;INTARIAN_PEPPER_ROOT;XIRECS;28463.0;6
459855;;;ASH_COATED_OSMIUM;XIRECS;10003.0;5
461280;;;ASH_COATED_OSMIUM;XIRECS;10003.0;4
466420;;;INTARIAN_PEPPER_ROOT;XIRECS;28471.0;5
466977;;;ASH_COATED_OSMIUM;XIRECS;10001.0;5
468418;;;INTARIAN_PEPPER_ROOT;XIRECS;28474.0;8
469024;;;INTARIAN_PEPPER_ROOT;XIRECS;28462.0;4
469827;;;ASH_COATED_OSMIUM;XIRECS;9996.0;2
470860;;;INTARIAN_PEPPER_ROOT;XIRECS;28479.0;4
474197;;;INTARIAN_PEPPER_ROOT;XIRECS;28481.0;3
474264;;;ASH_COATED_OSMIUM;XIRECS;9995.0;2
476547;;;INTARIAN_PEPPER_ROOT;XIRECS;28472.0;5
477209;;;ASH_COATED_OSMIUM;XIRECS;9999.0;3
478949;;;INTARIAN_PEPPER_ROOT;XIRECS;28491.0;4
484563;;;INTARIAN_PEPPER_ROOT;XIRECS;28477.0;4
484586;;;INTARIAN_PEPPER_ROOT;XIRECS;28477.0;3
489301;;;ASH_COATED_OSMIUM;XIRECS;10009.0;5
490959;;;ASH_COATED_OSMIUM;XIRECS;9992.0;5
491270;;;ASH_COATED_OSMIUM;XIRECS;10003.0;3
491363;;;ASH_COATED_OSMIUM;XIRECS;9987.0;4
494046;;;ASH_COATED_OSMIUM;XIRECS;9985.0;5
494157;;;ASH_COATED_OSMIUM;XIRECS;9992.0;3
494710;;;ASH_COATED_OSMIUM;XIRECS;9987.0;6
495940;;;INTARIAN_PEPPER_ROOT;XIRECS;28505.0;5
498198;;;INTARIAN_PEPPER_ROOT;XIRECS;28506.0;6
500935;;;INTARIAN_PEPPER_ROOT;XIRECS;28494.0;6
501542;;;ASH_COATED_OSMIUM;XIRECS;9996.0;9
502023;;;INTARIAN_PEPPER_ROOT;XIRECS;28492.0;3
502092;;;ASH_COATED_OSMIUM;XIRECS;10017.0;7
502731;;;ASH_COATED_OSMIUM;XIRECS;9996.0;6
503918;;;INTARIAN_PEPPER_ROOT;XIRECS;28508.0;3
506225;;;ASH_COATED_OSMIUM;XIRECS;10008.0;10
507030;;;INTARIAN_PEPPER_ROOT;XIRECS;28499.0;6
508975;;;ASH_COATED_OSMIUM;XIRECS;10014.0;5
509561;;;ASH_COATED_OSMIUM;XIRECS;10012.0;2
510331;;;ASH_COATED_OSMIUM;XIRECS;9989.0;5
512461;;;INTARIAN_PEPPER_ROOT;XIRECS;28519.0;6
512819;;;ASH_COATED_OSMIUM;XIRECS;10005.0;6
513243;;;ASH_COATED_OSMIUM;XIRECS;9988.0;5
514170;;;ASH_COATED_OSMIUM;XIRECS;10011.0;8
515508;;;ASH_COATED_OSMIUM;XIRECS;10007.0;4
516567;;;ASH_COATED_OSMIUM;XIRECS;10013.0;3
518086;;;INTARIAN_PEPPER_ROOT;XIRECS;28525.0;5
518770;;;ASH_COATED_OSMIUM;XIRECS;10007.0;9
521365;;;INTARIAN_PEPPER_ROOT;XIRECS;28512.0;4
522801;;;ASH_COATED_OSMIUM;XIRECS;10011.0;4
525363;;;ASH_COATED_OSMIUM;XIRECS;9992.0;3
528416;;;ASH_COATED_OSMIUM;XIRECS;10009.0;2
531198;;;INTARIAN_PEPPER_ROOT;XIRECS;28541.0;7
532003;;;INTARIAN_PEPPER_ROOT;XIRECS;28526.0;3
533804;;;ASH_COATED_OSMIUM;XIRECS;9991.0;8
535804;;;INTARIAN_PEPPER_ROOT;XIRECS;28531.0;6
536730;;;INTARIAN_PEPPER_ROOT;XIRECS;28543.0;7
537013;;;ASH_COATED_OSMIUM;XIRECS;9984.0;2
537031;;;INTARIAN_PEPPER_ROOT;XIRECS;28532.0;6
538321;;;INTARIAN_PEPPER_ROOT;XIRECS;28525.0;8
539520;;;ASH_COATED_OSMIUM;XIRECS;9985.0;10
539926;;;ASH_COATED_OSMIUM;XIRECS;9988.0;2
541317;;;ASH_COATED_OSMIUM;XIRECS;9989.0;9
542689;;;INTARIAN_PEPPER_ROOT;XIRECS;28546.0;6
543406;;;ASH_COATED_OSMIUM;XIRECS;9990.0;4
545069;;;ASH_COATED_OSMIUM;XIRECS;9987.0;6
545219;;;INTARIAN_PEPPER_ROOT;XIRECS;28551.0;3
546494;;;ASH_COATED_OSMIUM;XIRECS;9987.0;4
546875;;;INTARIAN_PEPPER_ROOT;XIRECS;28551.0;4
547253;;;INTARIAN_PEPPER_ROOT;XIRECS;28557.0;7
549265;;;INTARIAN_PEPPER_ROOT;XIRECS;28545.0;7
551936;;;ASH_COATED_OSMIUM;XIRECS;9987.0;2
553854;;;ASH_COATED_OSMIUM;XIRECS;10002.0;7
553928;;;INTARIAN_PEPPER_ROOT;XIRECS;28560.0;6
554068;;;ASH_COATED_OSMIUM;XIRECS;9987.0;5
556699;;;INTARIAN_PEPPER_ROOT;XIRECS;28564.0;8
559089;;;ASH_COATED_OSMIUM;XIRECS;10006.0;5
559515;;;INTARIAN_PEPPER_ROOT;XIRECS;28556.0;6
561115;;;INTARIAN_PEPPER_ROOT;XIRECS;28568.0;3
561725;;;ASH_COATED_OSMIUM;XIRECS;9989.0;6
562278;;;ASH_COATED_OSMIUM;XIRECS;9989.0;5
562576;;;INTARIAN_PEPPER_ROOT;XIRECS;28572.0;3
563286;;;INTARIAN_PEPPER_ROOT;XIRECS;28555.0;4
566459;;;INTARIAN_PEPPER_ROOT;XIRECS;28559.0;6
570404;;;INTARIAN_PEPPER_ROOT;XIRECS;28564.0;4
570510;;;INTARIAN_PEPPER_ROOT;XIRECS;28563.0;3
572200;;;ASH_COATED_OSMIUM;XIRECS;9999.0;5
572200;;;ASH_COATED_OSMIUM;XIRECS;9999.0;5
572290;;;ASH_COATED_OSMIUM;XIRECS;9999.0;10
573576;;;ASH_COATED_OSMIUM;XIRECS;10001.0;6
573682;;;INTARIAN_PEPPER_ROOT;XIRECS;28578.0;5
573782;;;ASH_COATED_OSMIUM;XIRECS;9983.0;10
575446;;;ASH_COATED_OSMIUM;XIRECS;10003.0;7
575800;;;INTARIAN_PEPPER_ROOT;XIRECS;28581.0;7
579950;;;ASH_COATED_OSMIUM;XIRECS;10005.0;8
581228;;;ASH_COATED_OSMIUM;XIRECS;9989.0;6
582229;;;INTARIAN_PEPPER_ROOT;XIRECS;28578.0;3
583490;;;INTARIAN_PEPPER_ROOT;XIRECS;28578.0;4
585141;;;ASH_COATED_OSMIUM;XIRECS;9998.0;5
585592;;;ASH_COATED_OSMIUM;XIRECS;9997.0;6
588177;;;ASH_COATED_OSMIUM;XIRECS;9993.0;5
588607;;;INTARIAN_PEPPER_ROOT;XIRECS;28581.0;6
589036;;;ASH_COATED_OSMIUM;XIRECS;9993.0;2
589393;;;ASH_COATED_OSMIUM;XIRECS;10015.0;5
589498;;;INTARIAN_PEPPER_ROOT;XIRECS;28581.0;6
591174;;;INTARIAN_PEPPER_ROOT;XIRECS;28595.0;3
591699;;;ASH_COATED_OSMIUM;XIRECS;10014.0;6
592009;;;ASH_COATED_OSMIUM;XIRECS;10014.0;8
592445;;;ASH_COATED_OSMIUM;XIRECS;10015.0;5
603042;;;ASH_COATED_OSMIUM;XIRECS;10016.0;5
603988;;;ASH_COATED_OSMIUM;XIRECS;10010.0;4
604892;;;ASH_COATED_OSMIUM;XIRECS;9994.0;3
605240;;;INTARIAN_PEPPER_ROOT;XIRECS;28601.0;5
605429;;;INTARIAN_PEPPER_ROOT;XIRECS;28600.0;7
605596;;;INTARIAN_PEPPER_ROOT;XIRECS;28611.0;8
605876;;;INTARIAN_PEPPER_ROOT;XIRECS;28607.0;5
607035;;;ASH_COATED_OSMIUM;XIRECS;10015.0;4
608392;;;ASH_COATED_OSMIUM;XIRECS;10024.0;9
608642;;;INTARIAN_PEPPER_ROOT;XIRECS;28613.0;7
608670;;;ASH_COATED_OSMIUM;XIRECS;10008.0;2
609153;;;ASH_COATED_OSMIUM;XIRECS;10006.0;6
610244;;;ASH_COATED_OSMIUM;XIRECS;10013.0;5
613350;;;INTARIAN_PEPPER_ROOT;XIRECS;28623.0;3
613563;;;INTARIAN_PEPPER_ROOT;XIRECS;28619.0;7
613801;;;ASH_COATED_OSMIUM;XIRECS;10022.0;4
613986;;;ASH_COATED_OSMIUM;XIRECS;10002.0;2
614921;;;INTARIAN_PEPPER_ROOT;XIRECS;28606.0;7
616735;;;ASH_COATED_OSMIUM;XIRECS;10001.0;2
616965;;;INTARIAN_PEPPER_ROOT;XIRECS;28620.0;4
617817;;;ASH_COATED_OSMIUM;XIRECS;9999.0;8
618574;;;ASH_COATED_OSMIUM;XIRECS;9999.0;4
619850;;;INTARIAN_PEPPER_ROOT;XIRECS;28626.0;7
627163;;;ASH_COATED_OSMIUM;XIRECS;10000.0;5
628276;;;INTARIAN_PEPPER_ROOT;XIRECS;28635.0;5
630596;;;INTARIAN_PEPPER_ROOT;XIRECS;28637.0;6
630700;;;ASH_COATED_OSMIUM;XIRECS;10014.0;7
631365;;;ASH_COATED_OSMIUM;XIRECS;9997.0;7
632509;;;ASH_COATED_OSMIUM;XIRECS;10014.0;3
633189;;;ASH_COATED_OSMIUM;XIRECS;9999.0;4
634813;;;INTARIAN_PEPPER_ROOT;XIRECS;28630.0;8
636844;;;INTARIAN_PEPPER_ROOT;XIRECS;28639.0;7
638086;;;ASH_COATED_OSMIUM;XIRECS;10018.0;3
642119;;;ASH_COATED_OSMIUM;XIRECS;10001.0;4
644912;;;INTARIAN_PEPPER_ROOT;XIRECS;28636.0;5
646796;;;ASH_COATED_OSMIUM;XIRECS;10016.0;7
647099;;;ASH_COATED_OSMIUM;XIRECS;10015.0;6
647266;;;INTARIAN_PEPPER_ROOT;XIRECS;28651.0;3
647519;;;INTARIAN_PEPPER_ROOT;XIRECS;28639.0;5
648181;;;ASH_COATED_OSMIUM;XIRECS;10018.0;4
648868;;;INTARIAN_PEPPER_ROOT;XIRECS;28645.0;5
649433;;;ASH_COATED_OSMIUM;XIRECS;9996.0;9
650009;;;ASH_COATED_OSMIUM;XIRECS;9997.0;3
650929;;;ASH_COATED_OSMIUM;XIRECS;10017.0;8
651116;;;ASH_COATED_OSMIUM;XIRECS;9995.0;8
651891;;;ASH_COATED_OSMIUM;XIRECS;9993.0;10
653251;;;ASH_COATED_OSMIUM;XIRECS;9995.0;5
654616;;;INTARIAN_PEPPER_ROOT;XIRECS;28649.0;5
655043;;;ASH_COATED_OSMIUM;XIRECS;9995.0;6
655469;;;INTARIAN_PEPPER_ROOT;XIRECS;28648.0;3
657618;;;INTARIAN_PEPPER_ROOT;XIRECS;28648.0;6
659314;;;ASH_COATED_OSMIUM;XIRECS;10002.0;6
659917;;;ASH_COATED_OSMIUM;XIRECS;9995.0;4
661372;;;INTARIAN_PEPPER_ROOT;XIRECS;28653.0;4
662346;;;INTARIAN_PEPPER_ROOT;XIRECS;28668.0;7
666240;;;ASH_COATED_OSMIUM;XIRECS;9998.0;10
666717;;;ASH_COATED_OSMIUM;XIRECS;10005.0;6
666784;;;ASH_COATED_OSMIUM;XIRECS;10011.0;2
668559;;;ASH_COATED_OSMIUM;XIRECS;9996.0;2
672391;;;INTARIAN_PEPPER_ROOT;XIRECS;28665.0;6
673027;;;INTARIAN_PEPPER_ROOT;XIRECS;28667.0;7
674957;;;ASH_COATED_OSMIUM;XIRECS;10020.0;5
676148;;;INTARIAN_PEPPER_ROOT;XIRECS;28670.0;7
676428;;;ASH_COATED_OSMIUM;XIRECS;10003.0;6
680081;;;ASH_COATED_OSMIUM;XIRECS;10020.0;3
680281;;;ASH_COATED_OSMIUM;XIRECS;10015.0;5
680326;;;ASH_COATED_OSMIUM;XIRECS;9997.0;4
681303;;;INTARIAN_PEPPER_ROOT;XIRECS;28674.0;4
681893;;;ASH_COATED_OSMIUM;XIRECS;10002.0;6
682709;;;ASH_COATED_OSMIUM;XIRECS;10019.0;3
683839;;;INTARIAN_PEPPER_ROOT;XIRECS;28678.0;5
684962;;;ASH_COATED_OSMIUM;XIRECS;10019.0;10
686771;;;INTARIAN_PEPPER_ROOT;XIRECS;28677.0;6
690033;;;ASH_COATED_OSMIUM;XIRECS;10016.0;4
690133;;;ASH_COATED_OSMIUM;XIRECS;9993.0;3
691318;;;ASH_COATED_OSMIUM;XIRECS;10009.0;6
691346;;;INTARIAN_PEPPER_ROOT;XIRECS;28699.0;7
692125;;;ASH_COATED_OSMIUM;XIRECS;10013.0;2
692131;;;INTARIAN_PEPPER_ROOT;XIRECS;28699.0;6
694713;;;ASH_COATED_OSMIUM;XIRECS;10009.0;5
694882;;;INTARIAN_PEPPER_ROOT;XIRECS;28700.0;7
695999;;;INTARIAN_PEPPER_ROOT;XIRECS;28701.0;6
697333;;;ASH_COATED_OSMIUM;XIRECS;10008.0;4
701278;;;INTARIAN_PEPPER_ROOT;XIRECS;28698.0;8
701768;;;INTARIAN_PEPPER_ROOT;XIRECS;28697.0;6
702512;;;ASH_COATED_OSMIUM;XIRECS;10008.0;5
704808;;;ASH_COATED_OSMIUM;XIRECS;10006.0;3
704894;;;ASH_COATED_OSMIUM;XIRECS;9988.0;4
705002;;;INTARIAN_PEPPER_ROOT;XIRECS;28713.0;3
705123;;;ASH_COATED_OSMIUM;XIRECS;9989.0;3
705475;;;INTARIAN_PEPPER_ROOT;XIRECS;28695.0;7
706130;;;INTARIAN_PEPPER_ROOT;XIRECS;28701.0;4
706595;;;ASH_COATED_OSMIUM;XIRECS;9991.0;3
706734;;;ASH_COATED_OSMIUM;XIRECS;10007.0;6
707110;;;ASH_COATED_OSMIUM;XIRECS;9991.0;8
708155;;;INTARIAN_PEPPER_ROOT;XIRECS;28713.0;4
710033;;;ASH_COATED_OSMIUM;XIRECS;9992.0;5
713801;;;ASH_COATED_OSMIUM;XIRECS;10001.0;5
715331;;;INTARIAN_PEPPER_ROOT;XIRECS;28709.0;4
715506;;;ASH_COATED_OSMIUM;XIRECS;10011.0;7
717240;;;INTARIAN_PEPPER_ROOT;XIRECS;28708.0;7
720082;;;ASH_COATED_OSMIUM;XIRECS;10013.0;3
720778;;;ASH_COATED_OSMIUM;XIRECS;10013.0;10
721416;;;INTARIAN_PEPPER_ROOT;XIRECS;28729.0;3
721652;;;ASH_COATED_OSMIUM;XIRECS;9998.0;6
722676;;;ASH_COATED_OSMIUM;XIRECS;9999.0;10
723171;;;INTARIAN_PEPPER_ROOT;XIRECS;28725.0;7
724122;;;ASH_COATED_OSMIUM;XIRECS;9993.0;4
724344;;;ASH_COATED_OSMIUM;XIRECS;10008.0;2
724950;;;INTARIAN_PEPPER_ROOT;XIRECS;28733.0;4
725966;;;INTARIAN_PEPPER_ROOT;XIRECS;28732.0;4
726359;;;INTARIAN_PEPPER_ROOT;XIRECS;28716.0;6
727019;;;INTARIAN_PEPPER_ROOT;XIRECS;28723.0;7
729841;;;ASH_COATED_OSMIUM;XIRECS;9992.0;3
731638;;;ASH_COATED_OSMIUM;XIRECS;10012.0;5
733461;;;ASH_COATED_OSMIUM;XIRECS;9998.0;3
734722;;;INTARIAN_PEPPER_ROOT;XIRECS;28729.0;6
734942;;;ASH_COATED_OSMIUM;XIRECS;9993.0;3
734983;;;INTARIAN_PEPPER_ROOT;XIRECS;28744.0;7
735988;;;ASH_COATED_OSMIUM;XIRECS;9997.0;4
736871;;;ASH_COATED_OSMIUM;XIRECS;10011.0;5
737048;;;INTARIAN_PEPPER_ROOT;XIRECS;28732.0;4
737198;;;INTARIAN_PEPPER_ROOT;XIRECS;28745.0;7
743034;;;INTARIAN_PEPPER_ROOT;XIRECS;28735.0;7
743390;;;ASH_COATED_OSMIUM;XIRECS;10011.0;8
743878;;;INTARIAN_PEPPER_ROOT;XIRECS;28749.0;3
743927;;;ASH_COATED_OSMIUM;XIRECS;9993.0;7
744355;;;INTARIAN_PEPPER_ROOT;XIRECS;28737.0;6
746842;;;ASH_COATED_OSMIUM;XIRECS;10017.0;5
747290;;;ASH_COATED_OSMIUM;XIRECS;9999.0;4
747858;;;INTARIAN_PEPPER_ROOT;XIRECS;28758.0;3
748396;;;ASH_COATED_OSMIUM;XIRECS;10015.0;3
749158;;;ASH_COATED_OSMIUM;XIRECS;9994.0;3
750197;;;INTARIAN_PEPPER_ROOT;XIRECS;28759.0;8
750664;;;INTARIAN_PEPPER_ROOT;XIRECS;28745.0;4
751354;;;INTARIAN_PEPPER_ROOT;XIRECS;28756.0;7
751567;;;ASH_COATED_OSMIUM;XIRECS;9993.0;2
752451;;;INTARIAN_PEPPER_ROOT;XIRECS;28756.0;7
754720;;;INTARIAN_PEPPER_ROOT;XIRECS;28750.0;3
755469;;;ASH_COATED_OSMIUM;XIRECS;10009.0;3
759581;;;ASH_COATED_OSMIUM;XIRECS;10009.0;4
759833;;;ASH_COATED_OSMIUM;XIRECS;9990.0;4
760108;;;ASH_COATED_OSMIUM;XIRECS;10006.0;8
762854;;;INTARIAN_PEPPER_ROOT;XIRECS;28758.0;3
765744;;;INTARIAN_PEPPER_ROOT;XIRECS;28767.0;7
766331;;;ASH_COATED_OSMIUM;XIRECS;10012.0;2
768988;;;ASH_COATED_OSMIUM;XIRECS;10012.0;4
772008;;;INTARIAN_PEPPER_ROOT;XIRECS;28778.0;4
774340;;;ASH_COATED_OSMIUM;XIRECS;9985.0;7
774372;;;ASH_COATED_OSMIUM;XIRECS;9985.0;5
774754;;;ASH_COATED_OSMIUM;XIRECS;10006.0;7
775120;;;INTARIAN_PEPPER_ROOT;XIRECS;28768.0;7
775245;;;ASH_COATED_OSMIUM;XIRECS;9990.0;6
777773;;;ASH_COATED_OSMIUM;XIRECS;10007.0;4
778986;;;INTARIAN_PEPPER_ROOT;XIRECS;28786.0;7
779739;;;INTARIAN_PEPPER_ROOT;XIRECS;28784.0;6
780369;;;INTARIAN_PEPPER_ROOT;XIRECS;28786.0;6
781605;;;INTARIAN_PEPPER_ROOT;XIRECS;28771.0;6
781621;;;ASH_COATED_OSMIUM;XIRECS;10009.0;4
782015;;;INTARIAN_PEPPER_ROOT;XIRECS;28778.0;6
782379;;;ASH_COATED_OSMIUM;XIRECS;10003.0;9
783623;;;ASH_COATED_OSMIUM;XIRECS;10009.0;2
785384;;;ASH_COATED_OSMIUM;XIRECS;9986.0;6
785561;;;ASH_COATED_OSMIUM;XIRECS;9987.0;9
786432;;;INTARIAN_PEPPER_ROOT;XIRECS;28791.0;6
786438;;;INTARIAN_PEPPER_ROOT;XIRECS;28791.0;7
786496;;;INTARIAN_PEPPER_ROOT;XIRECS;28775.0;3
788589;;;ASH_COATED_OSMIUM;XIRECS;10009.0;7
789199;;;INTARIAN_PEPPER_ROOT;XIRECS;28783.0;4
790209;;;ASH_COATED_OSMIUM;XIRECS;9995.0;6
791032;;;ASH_COATED_OSMIUM;XIRECS;10005.0;4
802943;;;INTARIAN_PEPPER_ROOT;XIRECS;28794.0;3
803633;;;INTARIAN_PEPPER_ROOT;XIRECS;28798.0;5
805018;;;ASH_COATED_OSMIUM;XIRECS;10001.0;3
807510;;;INTARIAN_PEPPER_ROOT;XIRECS;28811.0;4
810457;;;INTARIAN_PEPPER_ROOT;XIRECS;28815.0;5
811615;;;INTARIAN_PEPPER_ROOT;XIRECS;28805.0;6
812191;;;INTARIAN_PEPPER_ROOT;XIRECS;28819.0;7
812613;;;INTARIAN_PEPPER_ROOT;XIRECS;28807.0;5
812886;;;ASH_COATED_OSMIUM;XIRECS;10005.0;4
816035;;;INTARIAN_PEPPER_ROOT;XIRECS;28823.0;5
817571;;;INTARIAN_PEPPER_ROOT;XIRECS;28823.0;5
817895;;;INTARIAN_PEPPER_ROOT;XIRECS;28809.0;6
818668;;;ASH_COATED_OSMIUM;XIRECS;9989.0;4
819622;;;ASH_COATED_OSMIUM;XIRECS;9981.0;4
820001;;;INTARIAN_PEPPER_ROOT;XIRECS;28826.0;6
822008;;;ASH_COATED_OSMIUM;XIRECS;10000.0;5
822566;;;INTARIAN_PEPPER_ROOT;XIRECS;28826.0;3
823681;;;ASH_COATED_OSMIUM;XIRECS;9989.0;6
823685;;;INTARIAN_PEPPER_ROOT;XIRECS;28833.0;5
825124;;;ASH_COATED_OSMIUM;XIRECS;9986.0;6
826524;;;INTARIAN_PEPPER_ROOT;XIRECS;28824.0;6
827716;;;INTARIAN_PEPPER_ROOT;XIRECS;28837.0;7
827745;;;INTARIAN_PEPPER_ROOT;XIRECS;28837.0;5
829507;;;ASH_COATED_OSMIUM;XIRECS;9987.0;5
831871;;;INTARIAN_PEPPER_ROOT;XIRECS;28827.0;5
832145;;;ASH_COATED_OSMIUM;XIRECS;9995.0;6
834414;;;INTARIAN_PEPPER_ROOT;XIRECS;28827.0;5
835439;;;ASH_COATED_OSMIUM;XIRECS;10008.0;6
840011;;;ASH_COATED_OSMIUM;XIRECS;9993.0;3
840366;;;ASH_COATED_OSMIUM;XIRECS;10006.0;7
840789;;;ASH_COATED_OSMIUM;XIRECS;9994.0;4
841300;;;ASH_COATED_OSMIUM;XIRECS;10010.0;7
843092;;;ASH_COATED_OSMIUM;XIRECS;10003.0;6
845446;;;ASH_COATED_OSMIUM;XIRECS;9993.0;6
847017;;;ASH_COATED_OSMIUM;XIRECS;10002.0;3
847897;;;INTARIAN_PEPPER_ROOT;XIRECS;28840.0;6
849285;;;INTARIAN_PEPPER_ROOT;XIRECS;28854.0;8
849331;;;INTARIAN_PEPPER_ROOT;XIRECS;28856.0;4
850115;;;INTARIAN_PEPPER_ROOT;XIRECS;28838.0;6
850832;;;INTARIAN_PEPPER_ROOT;XIRECS;28839.0;3
851066;;;INTARIAN_PEPPER_ROOT;XIRECS;28856.0;5
852900;;;ASH_COATED_OSMIUM;XIRECS;10008.0;10
853160;;;ASH_COATED_OSMIUM;XIRECS;10013.0;5
854628;;;INTARIAN_PEPPER_ROOT;XIRECS;28847.0;7
858693;;;ASH_COATED_OSMIUM;XIRECS;9998.0;8
859939;;;INTARIAN_PEPPER_ROOT;XIRECS;28865.0;7
864910;;;ASH_COATED_OSMIUM;XIRECS;9986.0;6
865829;;;ASH_COATED_OSMIUM;XIRECS;9992.0;5
866942;;;ASH_COATED_OSMIUM;XIRECS;10005.0;6
867083;;;INTARIAN_PEPPER_ROOT;XIRECS;28871.0;6
867891;;;INTARIAN_PEPPER_ROOT;XIRECS;28874.0;6
867985;;;ASH_COATED_OSMIUM;XIRECS;10009.0;3
868919;;;ASH_COATED_OSMIUM;XIRECS;10006.0;7
869156;;;INTARIAN_PEPPER_ROOT;XIRECS;28864.0;3
869498;;;INTARIAN_PEPPER_ROOT;XIRECS;28871.0;5
870277;;;INTARIAN_PEPPER_ROOT;XIRECS;28865.0;7
870378;;;INTARIAN_PEPPER_ROOT;XIRECS;28866.0;3
870866;;;ASH_COATED_OSMIUM;XIRECS;10010.0;5
873088;;;ASH_COATED_OSMIUM;XIRECS;10006.0;4
875172;;;ASH_COATED_OSMIUM;XIRECS;9990.0;2
876041;;;INTARIAN_PEPPER_ROOT;XIRECS;28869.0;7
878449;;;ASH_COATED_OSMIUM;XIRECS;9993.0;3
878661;;;INTARIAN_PEPPER_ROOT;XIRECS;28887.0;7
880335;;;INTARIAN_PEPPER_ROOT;XIRECS;28884.0;5
880663;;;ASH_COATED_OSMIUM;XIRECS;10000.0;5
884392;;;ASH_COATED_OSMIUM;XIRECS;10001.0;2
884948;;;ASH_COATED_OSMIUM;XIRECS;9991.0;3
887318;;;INTARIAN_PEPPER_ROOT;XIRECS;28879.0;4
888620;;;INTARIAN_PEPPER_ROOT;XIRECS;28894.0;6
889961;;;ASH_COATED_OSMIUM;XIRECS;9987.0;4
891556;;;ASH_COATED_OSMIUM;XIRECS;10004.0;4
891867;;;INTARIAN_PEPPER_ROOT;XIRECS;28888.0;7
892864;;;ASH_COATED_OSMIUM;XIRECS;10011.0;4
895986;;;ASH_COATED_OSMIUM;XIRECS;10011.0;6
897241;;;ASH_COATED_OSMIUM;XIRECS;10012.0;5
898518;;;INTARIAN_PEPPER_ROOT;XIRECS;28904.0;4
899059;;;INTARIAN_PEPPER_ROOT;XIRECS;28901.0;6
899276;;;INTARIAN_PEPPER_ROOT;XIRECS;28904.0;6
899599;;;INTARIAN_PEPPER_ROOT;XIRECS;28908.0;7
899912;;;ASH_COATED_OSMIUM;XIRECS;10003.0;3
900542;;;ASH_COATED_OSMIUM;XIRECS;10014.0;9
901047;;;ASH_COATED_OSMIUM;XIRECS;10008.0;2
901114;;;ASH_COATED_OSMIUM;XIRECS;10007.0;8
901395;;;INTARIAN_PEPPER_ROOT;XIRECS;28894.0;4
904439;;;ASH_COATED_OSMIUM;XIRECS;9990.0;3
907528;;;ASH_COATED_OSMIUM;XIRECS;9994.0;3
908387;;;INTARIAN_PEPPER_ROOT;XIRECS;28899.0;5
908647;;;ASH_COATED_OSMIUM;XIRECS;9993.0;4
910673;;;ASH_COATED_OSMIUM;XIRECS;10006.0;3
912141;;;ASH_COATED_OSMIUM;XIRECS;10006.0;6
912209;;;INTARIAN_PEPPER_ROOT;XIRECS;28905.0;5
913516;;;INTARIAN_PEPPER_ROOT;XIRECS;28909.0;3
913557;;;INTARIAN_PEPPER_ROOT;XIRECS;28909.0;5
914820;;;ASH_COATED_OSMIUM;XIRECS;9988.0;8
914951;;;INTARIAN_PEPPER_ROOT;XIRECS;28924.0;6
916979;;;INTARIAN_PEPPER_ROOT;XIRECS;28912.0;6
917138;;;ASH_COATED_OSMIUM;XIRECS;9997.0;5
917678;;;INTARIAN_PEPPER_ROOT;XIRECS;28915.0;5
918766;;;ASH_COATED_OSMIUM;XIRECS;10003.0;8
918781;;;ASH_COATED_OSMIUM;XIRECS;10003.0;3
919937;;;ASH_COATED_OSMIUM;XIRECS;9988.0;2
921783;;;ASH_COATED_OSMIUM;XIRECS;9989.0;2
924096;;;INTARIAN_PEPPER_ROOT;XIRECS;28931.0;3
925016;;;INTARIAN_PEPPER_ROOT;XIRECS;28919.0;3
927608;;;ASH_COATED_OSMIUM;XIRECS;9985.0;5
930017;;;INTARIAN_PEPPER_ROOT;XIRECS;28935.0;6
930838;;;INTARIAN_PEPPER_ROOT;XIRECS;28923.0;4
933425;;;INTARIAN_PEPPER_ROOT;XIRECS;28933.0;3
934311;;;INTARIAN_PEPPER_ROOT;XIRECS;28939.0;7
934692;;;ASH_COATED_OSMIUM;XIRECS;10005.0;10
934726;;;ASH_COATED_OSMIUM;XIRECS;9982.0;5
935307;;;INTARIAN_PEPPER_ROOT;XIRECS;28930.0;5
936130;;;INTARIAN_PEPPER_ROOT;XIRECS;28945.0;3
937554;;;INTARIAN_PEPPER_ROOT;XIRECS;28931.0;3
937771;;;ASH_COATED_OSMIUM;XIRECS;10004.0;5
937999;;;INTARIAN_PEPPER_ROOT;XIRECS;28945.0;8
941434;;;ASH_COATED_OSMIUM;XIRECS;9992.0;6
941668;;;ASH_COATED_OSMIUM;XIRECS;9988.0;2
941865;;;ASH_COATED_OSMIUM;XIRECS;10010.0;8
942676;;;ASH_COATED_OSMIUM;XIRECS;9992.0;3
943235;;;ASH_COATED_OSMIUM;XIRECS;10006.0;3
947433;;;ASH_COATED_OSMIUM;XIRECS;9989.0;9
948878;;;ASH_COATED_OSMIUM;XIRECS;10006.0;5
949600;;;INTARIAN_PEPPER_ROOT;XIRECS;28941.0;6
949992;;;ASH_COATED_OSMIUM;XIRECS;10011.0;8
950806;;;INTARIAN_PEPPER_ROOT;XIRECS;28961.0;5
955473;;;INTARIAN_PEPPER_ROOT;XIRECS;28946.0;6
955868;;;ASH_COATED_OSMIUM;XIRECS;10004.0;6
955896;;;INTARIAN_PEPPER_ROOT;XIRECS;28953.0;7
958149;;;ASH_COATED_OSMIUM;XIRECS;9990.0;10
958912;;;ASH_COATED_OSMIUM;XIRECS;10008.0;2
959062;;;ASH_COATED_OSMIUM;XIRECS;9986.0;2
959522;;;ASH_COATED_OSMIUM;XIRECS;10004.0;5
961008;;;INTARIAN_PEPPER_ROOT;XIRECS;28968.0;3
962151;;;ASH_COATED_OSMIUM;XIRECS;10004.0;6
962838;;;ASH_COATED_OSMIUM;XIRECS;9993.0;5
964692;;;INTARIAN_PEPPER_ROOT;XIRECS;28956.0;7
964901;;;ASH_COATED_OSMIUM;XIRECS;9986.0;5
965183;;;INTARIAN_PEPPER_ROOT;XIRECS;28972.0;4
965399;;;ASH_COATED_OSMIUM;XIRECS;10004.0;4
968881;;;INTARIAN_PEPPER_ROOT;XIRECS;28975.0;4
969615;;;INTARIAN_PEPPER_ROOT;XIRECS;28961.0;6
970081;;;ASH_COATED_OSMIUM;XIRECS;9989.0;9
970377;;;ASH_COATED_OSMIUM;XIRECS;10001.0;2
970542;;;INTARIAN_PEPPER_ROOT;XIRECS;28980.0;5
972970;;;ASH_COATED_OSMIUM;XIRECS;10006.0;3
972997;;;ASH_COATED_OSMIUM;XIRECS;10006.0;7
973771;;;INTARIAN_PEPPER_ROOT;XIRECS;28979.0;4
974447;;;ASH_COATED_OSMIUM;XIRECS;9987.0;4
976587;;;INTARIAN_PEPPER_ROOT;XIRECS;28968.0;7
977051;;;INTARIAN_PEPPER_ROOT;XIRECS;28981.0;6
978579;;;ASH_COATED_OSMIUM;XIRECS;9994.0;5
980396;;;ASH_COATED_OSMIUM;XIRECS;9978.0;6
981072;;;ASH_COATED_OSMIUM;XIRECS;9982.0;2
982235;;;ASH_COATED_OSMIUM;XIRECS;9986.0;5
984179;;;ASH_COATED_OSMIUM;XIRECS;9995.0;7
984982;;;INTARIAN_PEPPER_ROOT;XIRECS;28976.0;3
986116;;;ASH_COATED_OSMIUM;XIRECS;9981.0;7
987411;;;INTARIAN_PEPPER_ROOT;XIRECS;28977.0;5
990289;;;INTARIAN_PEPPER_ROOT;XIRECS;29004.0;4
990748;;;INTARIAN_PEPPER_ROOT;XIRECS;28995.0;5
993042;;;ASH_COATED_OSMIUM;XIRECS;9984.0;4
993506;;;INTARIAN_PEPPER_ROOT;XIRECS;28997.0;5
994124;;;INTARIAN_PEPPER_ROOT;XIRECS;28984.0;4
995085;;;ASH_COATED_OSMIUM;XIRECS;9981.0;3
995837;;;INTARIAN_PEPPER_ROOT;XIRECS;29002.0;3
996302;;;INTARIAN_PEPPER_ROOT;XIRECS;28987.0;5
997595;;;ASH_COATED_OSMIUM;XIRECS;9987.0;6
999995;;;ASH_COATED_OSMIUM;XIRECS;9979.0;4