timestamp;buyer;seller;symbol;currency;price;quantity
478;;;ASH_COATED_OSMIUM;XIRECS;10008.0;10
3906;;;ASH_COATED_OSMIUM;XIRECS;9989.0;4
4094;;;INTARIAN_PEPPER_ROOT;XIRECS;49998.0;6
4947;;;INTARIAN_PEPPER_ROOT;XIRECS;50001.0;7
5640;;;ASH_COATED_OSMIUM;XIRECS;9996.0;5
8690;;;ASH_COATED_OSMIUM;XIRECS;10014.0;6
9001;;;INTARIAN_PEPPER_ROOT;XIRECS;50016.0;7
12241;;;INTARIAN_PEPPER_ROOT;XIRECS;50004.0;7
13414;;;ASH_COATED_OSMIUM;XIRECS;10001.0;3
14554;;;ASH_COATED_OSMIUM;XIRECS;10014.0;8
16060;;;ASH_COATED_OSMIUM;XIRECS;9988.0;3
16370;;;INTARIAN_PEPPER_ROOT;XIRECS;50010.0;5
17264;;;ASH_COATED_OSMIUM;XIRECS;10018.0;6
17605;;;ASH_COATED_OSMIUM;XIRECS;10001.0;6
20754;;;ASH_COATED_OSMIUM;XIRECS;9994.0;6
24132;;;ASH_COATED_OSMIUM;XIRECS;10006.0;4
24661;;;ASH_COATED_OSMIUM;XIRECS;10015.0;3
25287;;;INTARIAN_PEPPER_ROOT;XIRECS;50035.0;6
25385;;;INTARIAN_PEPPER_ROOT;XIRECS;50020.0;3
25527;;;INTARIAN_PEPPER_ROOT;XIRECS;50038.0;4
25553;;;ASH_COATED_OSMIUM;XIRECS;9988.0;10
26523;;;ASH_COATED_OSMIUM;XIRECS;9985.0;2
27825;;;INTARIAN_PEPPER_ROOT;XIRECS;50022.0;7
28448;;;INTARIAN_PEPPER_ROOT;XIRECS;50019.0;3
28612;;;INTARIAN_PEPPER_ROOT;XIRECS;50021.0;6
29521;;;ASH_COATED_OSMIUM;XIRECS;10004.0;9
30488;;;INTARIAN_PEPPER_ROOT;XIRECS;50025.0;5
33889;;;ASH_COATED_OSMIUM;XIRECS;10020.0;6
34983;;;INTARIAN_PEPPER_ROOT;XIRECS;50043.0;6
35786;;;INTARIAN_PEPPER_ROOT;XIRECS;50028.0;7
35997;;;ASH_COATED_OSMIUM;XIRECS;9979.0;4
40189;;;ASH_COATED_OSMIUM;XIRECS;9983.0;5
40325;;;ASH_COATED_OSMIUM;XIRECS;9980.0;2
43873;;;INTARIAN_PEPPER_ROOT;XIRECS;50037.0;4
45325;;;ASH_COATED_OSMIUM;XIRECS;9984.0;3
46233;;;ASH_COATED_OSMIUM;XIRECS;10008.0;2
48703;;;INTARIAN_PEPPER_ROOT;XIRECS;50054.0;3
52257;;;ASH_COATED_OSMIUM;XIRECS;9994.0;2
52357;;;ASH_COATED_OSMIUM;XIRECS;10006.0;5
52364;;;INTARIAN_PEPPER_ROOT;XIRECS;50055.0;5
52651;;;ASH_COATED_OSMIUM;XIRECS;10007.0;3
53299;;;ASH_COATED_OSMIUM;XIRECS;10017.0;3
54848;;;ASH_COATED_OSMIUM;XIRECS;10011.0;8
54989;;;ASH_COATED_OSMIUM;XIRECS;10012.0;10
56556;;;ASH_COATED_OSMIUM;XIRECS;10003.0;8
57288;;;INTARIAN_PEPPER_ROOT;XIRECS;50062.0;7
57806;;;ASH_COATED_OSMIUM;XIRECS;10005.0;5
60328;;;ASH_COATED_OSMIUM;XIRECS;10004.0;6
65667;;;ASH_COATED_OSMIUM;XIRECS;9993.0;6
67184;;;INTARIAN_PEPPER_ROOT;XIRECS;50074.0;6
68077;;;ASH_COATED_OSMIUM;XIRECS;10006.0;5
73936;;;INTARIAN_PEPPER_ROOT;XIRECS;50067.0;3
75307;;;ASH_COATED_OSMIUM;XIRECS;9987.0;10
80109;;;INTARIAN_PEPPER_ROOT;XIRECS;50078.0;5
80375;;;ASH_COATED_OSMIUM;XIRECS;10013.0;6
80870;;;INTARIAN_PEPPER_ROOT;XIRECS;50082.0;6
81352;;;ASH_COATED_OSMIUM;XIRECS;10002.0;6
82856;;;INTARIAN_PEPPER_ROOT;XIRECS;50078.0;6
86212;;;INTARIAN_PEPPER_ROOT;XIRECS;50095.0;5
87329;;;ASH_COATED_OSMIUM;XIRECS;9989.0;4
88717;;;INTARIAN_PEPPER_ROOT;XIRECS;50081.0;5
93215;;;INTARIAN_PEPPER_ROOT;XIRECS;50090.0;6
94746;;;ASH_COATED_OSMIUM;XIRECS;10003.0;6
96168;;;INTARIAN_PEPPER_ROOT;XIRECS;50089.0;7
99939;;;ASH_COATED_OSMIUM;XIRECS;10006.0;9
99992;;;ASH_COATED_OSMIUM;XIRECS;10006.0;6
100674;;;INTARIAN_PEPPER_ROOT;XIRECS;50096.0;4
103216;;;ASH_COATED_OSMIUM;XIRECS;10004.0;2
104564;;;ASH_COATED_OSMIUM;XIRECS;9989.0;10
105482;;;ASH_COATED_OSMIUM;XIRECS;9991.0;10
106862;;;ASH_COATED_OSMIUM;XIRECS;9998.0;6
109824;;;ASH_COATED_OSMIUM;XIRECS;9993.0;6
110801;;;ASH_COATED_OSMIUM;XIRECS;9994.0;7
111269;;;ASH_COATED_OSMIUM;XIRECS;9992.0;10
111695;;;INTARIAN_PEPPER_ROOT;XIRECS;50112.0;5
112386;;;INTARIAN_PEPPER_ROOT;XIRECS;50106.0;3
112784;;;INTARIAN_PEPPER_ROOT;XIRECS;50106.0;5
113082;;;INTARIAN_PEPPER_ROOT;XIRECS;50118.0;6
113832;;;ASH_COATED_OSMIUM;XIRECS;10014.0;5
113892;;;INTARIAN_PEPPER_ROOT;XIRECS;50106.0;4
115643;;;ASH_COATED_OSMIUM;XIRECS;9979.0;10
117064;;;INTARIAN_PEPPER_ROOT;XIRECS;50107.0;3
122040;;;ASH_COATED_OSMIUM;XIRECS;9993.0;5
123695;;;INTARIAN_PEPPER_ROOT;XIRECS;50115.0;7
126486;;;ASH_COATED_OSMIUM;XIRECS;10020.0;4
129216;;;ASH_COATED_OSMIUM;XIRECS;9991.0;10
132701;;;INTARIAN_PEPPER_ROOT;XIRECS;50135.0;3
135544;;;INTARIAN_PEPPER_ROOT;XIRECS;50130.0;6
135642;;;ASH_COATED_OSMIUM;XIRECS;10002.0;4
136514;;;INTARIAN_PEPPER_ROOT;XIRECS;50140.0;7
138813;;;INTARIAN_PEPPER_ROOT;XIRECS;50134.0;6
139024;;;ASH_COATED_OSMIUM;XIRECS;9986.0;5
139260;;;INTARIAN_PEPPER_ROOT;XIRECS;50148.0;3
139446;;;ASH_COATED_OSMIUM;XIRECS;9992.0;4
140174;;;INTARIAN_PEPPER_ROOT;XIRECS;50150.0;4
140435;;;ASH_COATED_OSMIUM;XIRECS;9981.0;5
140763;;;INTARIAN_PEPPER_ROOT;XIRECS;50149.0;7
143130;;;INTARIAN_PEPPER_ROOT;XIRECS;50148.0;8
144459;;;ASH_COATED_OSMIUM;XIRECS;9993.0;2
150671;;;ASH_COATED_OSMIUM;XIRECS;9991.0;5
153142;;;ASH_COATED_OSMIUM;XIRECS;10015.0;5
155158;;;ASH_COATED_OSMIUM;XIRECS;9991.0;3
155304;;;INTARIAN_PEPPER_ROOT;XIRECS;50147.0;3
155583;;;INTARIAN_PEPPER_ROOT;XIRECS;50165.0;7
156737;;;INTARIAN_PEPPER_ROOT;XIRECS;50163.0;6
157304;;;ASH_COATED_OSMIUM;XIRECS;10007.0;3
158621;;;ASH_COATED_OSMIUM;XIRECS;9985.0;6
159485;;;INTARIAN_PEPPER_ROOT;XIRECS;50167.0;3
159733;;;ASH_COATED_OSMIUM;XIRECS;10001.0;2
161553;;;ASH_COATED_OSMIUM;XIRECS;9988.0;3
162959;;;INTARIAN_PEPPER_ROOT;XIRECS;50161.0;4
165993;;;INTARIAN_PEPPER_ROOT;XIRECS;50155.0;5
167412;;;ASH_COATED_OSMIUM;XIRECS;10004.0;2
167894;;;INTARIAN_PEPPER_ROOT;XIRECS;50163.0;6
168273;;;ASH_COATED_OSMIUM;XIRECS;9986.0;6
168830;;;ASH_COATED_OSMIUM;XIRECS;9998.0;10
168875;;;ASH_COATED_OSMIUM;XIRECS;9980.0;6
169931;;;INTARIAN_PEPPER_ROOT;XIRECS;50176.0;3
170503;;;INTARIAN_PEPPER_ROOT;XIRECS;50162.0;8
170819;;;ASH_COATED_OSMIUM;XIRECS;10005.0;5
172381;;;ASH_COATED_OSMIUM;XIRECS;10007.0;2
173648;;;ASH_COATED_OSMIUM;XIRECS;10009.0;6
177729;;;ASH_COATED_OSMIUM;XIRECS;10010.0;3
178240;;;INTARIAN_PEPPER_ROOT;XIRECS;50185.0;3
178767;;;INTARIAN_PEPPER_ROOT;XIRECS;50171.0;3
179739;;;ASH_COATED_OSMIUM;XIRECS;10003.0;5
180222;;;INTARIAN_PEPPER_ROOT;XIRECS;50174.0;5
181561;;;ASH_COATED_OSMIUM;XIRECS;10000.0;8
182979;;;INTARIAN_PEPPER_ROOT;XIRECS;50174.0;6
187499;;;ASH_COATED_OSMIUM;XIRECS;10009.0;4
188470;;;ASH_COATED_OSMIUM;XIRECS;9991.0;9
188973;;;ASH_COATED_OSMIUM;XIRECS;9990.0;6
189236;;;INTARIAN_PEPPER_ROOT;XIRECS;50194.0;5
191361;;;INTARIAN_PEPPER_ROOT;XIRECS;50190.0;7
193275;;;INTARIAN_PEPPER_ROOT;XIRECS;50198.0;6
195036;;;ASH_COATED_OSMIUM;XIRECS;10011.0;3
196911;;;ASH_COATED_OSMIUM;XIRECS;9994.0;9
198233;;;ASH_COATED_OSMIUM;XIRECS;9994.0;5
199930;;;ASH_COATED_OSMIUM;XIRECS;10002.0;3
200053;;;ASH_COATED_OSMIUM;XIRECS;9997.0;5
201283;;;ASH_COATED_OSMIUM;XIRECS;10004.0;10
204233;;;INTARIAN_PEPPER_ROOT;XIRECS;50210.0;7
204578;;;INTARIAN_PEPPER_ROOT;XIRECS;50210.0;7
209105;;;INTARIAN_PEPPER_ROOT;XIRECS;50220.0;7
210278;;;ASH_COATED_OSMIUM;XIRECS;9991.0;2
210664;;;ASH_COATED_OSMIUM;XIRECS;9995.0;5
213330;;;ASH_COATED_OSMIUM;XIRECS;9998.0;2
213344;;;ASH_COATED_OSMIUM;XIRECS;9998.0;3
214336;;;ASH_COATED_OSMIUM;XIRECS;9988.0;5
218194;;;ASH_COATED_OSMIUM;XIRECS;10015.0;6
218502;;;ASH_COATED_OSMIUM;XIRECS;9989.0;3
218813;;;ASH_COATED_OSMIUM;XIRECS;10006.0;6
221828;;;INTARIAN_PEPPER_ROOT;XIRECS;50232.0;7
222505;;;ASH_COATED_OSMIUM;XIRECS;10010.0;5
222973;;;INTARIAN_PEPPER_ROOT;XIRECS;50226.0;3
223261;;;ASH_COATED_OSMIUM;XIRECS;10018.0;4
223593;;;INTARIAN_PEPPER_ROOT;XIRECS;50226.0;6
223798;;;INTARIAN_PEPPER_ROOT;XIRECS;50229.0;7
224629;;;INTARIAN_PEPPER_ROOT;XIRECS;50228.0;5
225108;;;INTARIAN_PEPPER_ROOT;XIRECS;50235.0;6
225140;;;INTARIAN_PEPPER_ROOT;XIRECS;50235.0;5
226351;;;ASH_COATED_OSMIUM;XIRECS;9994.0;5
229515;;;INTARIAN_PEPPER_ROOT;XIRECS;50226.0;4
231415;;;ASH_COATED_OSMIUM;XIRECS;10009.0;9
232383;;;ASH_COATED_OSMIUM;XIRECS;10009.0;6
234490;;;INTARIAN_PEPPER_ROOT;XIRECS;50227.0;6
236159;;;INTARIAN_PEPPER_ROOT;XIRECS;50243.0;4
236521;;;ASH_COATED_OSMIUM;XIRECS;10004.0;6
237070;;;ASH_COATED_OSMIUM;XIRECS;10007.0;7
239646;;;INTARIAN_PEPPER_ROOT;XIRECS;50245.0;3
240541;;;INTARIAN_PEPPER_ROOT;XIRECS;50234.0;4
242099;;;ASH_COATED_OSMIUM;XIRECS;9980.0;5
242247;;;ASH_COATED_OSMIUM;XIRECS;9996.0;4
243125;;;ASH_COATED_OSMIUM;XIRECS;10010.0;8
244356;;;INTARIAN_PEPPER_ROOT;XIRECS;50236.0;5
246030;;;ASH_COATED_OSMIUM;XIRECS;10002.0;6
248308;;;INTARIAN_PEPPER_ROOT;XIRECS;50248.0;3
251639;;;INTARIAN_PEPPER_ROOT;XIRECS;50255.0;4
252273;;;INTARIAN_PEPPER_ROOT;XIRECS;50245.0;6
253516;;;ASH_COATED_OSMIUM;XIRECS;9992.0;2
253835;;;ASH_COATED_OSMIUM;XIRECS;10009.0;3
253961;;;ASH_COATED_OSMIUM;XIRECS;9998.0;3
254196;;;INTARIAN_PEPPER_ROOT;XIRECS;50247.0;5
255453;;;ASH_COATED_OSMIUM;XIRECS;9989.0;5
256819;;;ASH_COATED_OSMIUM;XIRECS;10005.0;5
257262;;;ASH_COATED_OSMIUM;XIRECS;9984.0;10
257313;;;INTARIAN_PEPPER_ROOT;XIRECS;50248.0;6
262664;;;INTARIAN_PEPPER_ROOT;XIRECS;50260.0;7
265850;;;INTARIAN_PEPPER_ROOT;XIRECS;50277.0;4
265966;;;INTARIAN_PEPPER_ROOT;XIRECS;50270.0;7
266057;;;ASH_COATED_OSMIUM;XIRECS;9992.0;8
268967;;;ASH_COATED_OSMIUM;XIRECS;9997.0;7
269200;;;ASH_COATED_OSMIUM;XIRECS;10008.0;3
270530;;;ASH_COATED_OSMIUM;XIRECS;9984.0;6
272172;;;ASH_COATED_OSMIUM;XIRECS;9987.0;3
272909;;;ASH_COATED_OSMIUM;XIRECS;9990.0;2
273976;;;ASH_COATED_OSMIUM;XIRECS;9985.0;10
276019;;;ASH_COATED_OSMIUM;XIRECS;9986.0;6
276181;;;INTARIAN_PEPPER_ROOT;XIRECS;50268.0;7
277749;;;INTARIAN_PEPPER_ROOT;XIRECS;50283.0;3
280282;;;ASH_COATED_OSMIUM;XIRECS;10014.0;6
280626;;;ASH_COATED_OSMIUM;XIRECS;10012.0;9
280764;;;ASH_COATED_OSMIUM;XIRECS;9993.0;5
280885;;;ASH_COATED_OSMIUM;XIRECS;10010.0;5
282122;;;ASH_COATED_OSMIUM;XIRECS;10006.0;5
282952;;;INTARIAN_PEPPER_ROOT;XIRECS;50276.0;5
283209;;;INTARIAN_PEPPER_ROOT;XIRECS;50280.0;6
283494;;;ASH_COATED_OSMIUM;XIRECS;10018.0;10
284735;;;ASH_COATED_OSMIUM;XIRECS;10004.0;6
285430;;;INTARIAN_PEPPER_ROOT;XIRECS;50291.0;3
287058;;;INTARIAN_PEPPER_ROOT;XIRECS;50283.0;6
288167;;;INTARIAN_PEPPER_ROOT;XIRECS;50299.0;8
288250;;;ASH_COATED_OSMIUM;XIRECS;10000.0;3
288345;;;ASH_COATED_OSMIUM;XIRECS;9997.0;6
288657;;;ASH_COATED_OSMIUM;XIRECS;10010.0;5
289139;;;INTARIAN_PEPPER_ROOT;XIRECS;50285.0;4
289259;;;ASH_COATED_OSMIUM;XIRECS;10001.0;2
290126;;;INTARIAN_PEPPER_ROOT;XIRECS;50282.0;7
295165;;;ASH_COATED_OSMIUM;XIRECS;10012.0;5
295175;;;ASH_COATED_OSMIUM;XIRECS;9996.0;3
295373;;;INTARIAN_PEPPER_ROOT;XIRECS;50297.0;5
299036;;;ASH_COATED_OSMIUM;XIRECS;10006.0;6
299051;;;ASH_COATED_OSMIUM;XIRECS;9988.0;4
299311;;;ASH_COATED_OSMIUM;XIRECS;10010.0;5
300180;;;INTARIAN_PEPPER_ROOT;XIRECS;50312.0;3
300958;;;ASH_COATED_OSMIUM;XIRECS;9981.0;6
302806;;;ASH_COATED_OSMIUM;XIRECS;10008.0;9
304076;;;ASH_COATED_OSMIUM;XIRECS;10001.0;5
305186;;;INTARIAN_PEPPER_ROOT;XIRECS;50309.0;6
307350;;;INTARIAN_PEPPER_ROOT;XIRECS;50312.0;6
309266;;;ASH_COATED_OSMIUM;XIRECS;9996.0;7
310948;;;INTARIAN_PEPPER_ROOT;XIRECS;50302.0;7
313850;;;ASH_COATED_OSMIUM;XIRECS;9990.0;6
316363;;;ASH_COATED_OSMIUM;XIRECS;10021.0;7
319910;;;ASH_COATED_OSMIUM;XIRECS;10010.0;6
321656;;;ASH_COATED_OSMIUM;XIRECS;9999.0;6
322613;;;ASH_COATED_OSMIUM;XIRECS;9995.0;9
324152;;;INTARIAN_PEPPER_ROOT;XIRECS;50331.0;5
324390;;;ASH_COATED_OSMIUM;XIRECS;9982.0;4
324624;;;ASH_COATED_OSMIUM;XIRECS;9984.0;3
325478;;;ASH_COATED_OSMIUM;XIRECS;9986.0;3
326108;;;ASH_COATED_OSMIUM;XIRECS;9995.0;2
326535;;;ASH_COATED_OSMIUM;XIRECS;9998.0;3
327207;;;ASH_COATED_OSMIUM;XIRECS;10007.0;5
329736;;;INTARIAN_PEPPER_ROOT;XIRECS;50335.0;5
329795;;;INTARIAN_PEPPER_ROOT;XIRECS;50324.0;6
330587;;;ASH_COATED_OSMIUM;XIRECS;9992.0;3
331701;;;INTARIAN_PEPPER_ROOT;XIRECS;50335.0;3
332321;;;INTARIAN_PEPPER_ROOT;XIRECS;50321.0;3
333087;;;ASH_COATED_OSMIUM;XIRECS;10003.0;9
333158;;;ASH_COATED_OSMIUM;XIRECS;10005.0;8
333485;;;INTARIAN_PEPPER_ROOT;XIRECS;50331.0;6
333766;;;ASH_COATED_OSMIUM;XIRECS;10012.0;8
337594;;;INTARIAN_PEPPER_ROOT;XIRECS;50329.0;3
338535;;;INTARIAN_PEPPER_ROOT;XIRECS;50330.0;3
343731;;;ASH_COATED_OSMIUM;XIRECS;9985.0;2
344657;;;ASH_COATED_OSMIUM;XIRECS;9998.0;4
345726;;;ASH_COATED_OSMIUM;XIRECS;9999.0;8
346501;;;INTARIAN_PEPPER_ROOT;XIRECS;50358.0;4
348898;;;ASH_COATED_OSMIUM;XIRECS;10008.0;5
349160;;;ASH_COATED_OSMIUM;XIRECS;9997.0;6
351924;;;INTARIAN_PEPPER_ROOT;XIRECS;50348.0;4
353986;;;ASH_COATED_OSMIUM;XIRECS;9985.0;2
355158;;;ASH_COATED_OSMIUM;XIRECS;9983.0;4
355800;;;INTARIAN_PEPPER_ROOT;XIRECS;50361.0;7
358891;;;INTARIAN_PEPPER_ROOT;XIRECS;50359.0;5
359187;;;INTARIAN_PEPPER_ROOT;XIRECS;50368.0;6
361625;;;ASH_COATED_OSMIUM;XIRECS;10001.0;5
362622;;;ASH_COATED_OSMIUM;XIRECS;9995.0;7
364839;;;INTARIAN_PEPPER_ROOT;XIRECS;50369.0;3
365299;;;INTARIAN_PEPPER_ROOT;XIRECS;50356.0;6
365566;;;ASH_COATED_OSMIUM;XIRECS;9993.0;6
368027;;;ASH_COATED_OSMIUM;XIRECS;9994.0;2
370347;;;ASH_COATED_OSMIUM;XIRECS;9988.0;6
370374;;;ASH_COATED_OSMIUM;XIRECS;9988.0;2
371147;;;INTARIAN_PEPPER_ROOT;XIRECS;50368.0;3
371977;;;ASH_COATED_OSMIUM;XIRECS;9977.0;5
372341;;;ASH_COATED_OSMIUM;XIRECS;10007.0;9
373234;;;INTARIAN_PEPPER_ROOT;XIRECS;50377.0;7
377802;;;ASH_COATED_OSMIUM;XIRECS;10003.0;2
377872;;;ASH_COATED_OSMIUM;XIRECS;10003.0;2
379142;;;ASH_COATED_OSMIUM;XIRECS;10004.0;7
379334;;;ASH_COATED_OSMIUM;XIRECS;9992.0;6
380746;;;ASH_COATED_OSMIUM;XIRECS;10009.0;5
381725;;;INTARIAN_PEPPER_ROOT;XIRECS;50376.0;3
387574;;;ASH_COATED_OSMIUM;XIRECS;9992.0;4
389258;;;INTARIAN_PEPPER_ROOT;XIRECS;50386.0;5
390684;;;INTARIAN_PEPPER_ROOT;XIRECS;50397.0;6
391328;;;ASH_COATED_OSMIUM;XIRECS;10010.0;9
392449;;;ASH_COATED_OSMIUM;XIRECS;9995.0;8
399858;;;ASH_COATED_OSMIUM;XIRECS;9997.0;6
400130;;;INTARIAN_PEPPER_ROOT;XIRECS;50406.0;3
400795;;;ASH_COATED_OSMIUM;XIRECS;10012.0;3
400852;;;ASH_COATED_OSMIUM;XIRECS;10007.0;9
403003;;;ASH_COATED_OSMIUM;XIRECS;9993.0;4
404225;;;ASH_COATED_OSMIUM;XIRECS;9998.0;4
405652;;;INTARIAN_PEPPER_ROOT;XIRECS;50410.0;7
406191;;;INTARIAN_PEPPER_ROOT;XIRECS;50398.0;3
407328;;;INTARIAN_PEPPER_ROOT;XIRECS;50404.0;7
407927;;;ASH_COATED_OSMIUM;XIRECS;9992.0;8
407945;;;INTARIAN_PEPPER_ROOT;XIRECS;50404.0;5
408966;;;ASH_COATED_OSMIUM;XIRECS;10009.0;9
409238;;;ASH_COATED_OSMIUM;XIRECS;9992.0;4
409779;;;INTARIAN_PEPPER_ROOT;XIRECS;50420.0;6
410224;;;INTARIAN_PEPPER_ROOT;XIRECS;50402.0;5
410409;;;ASH_COATED_OSMIUM;XIRECS;10010.0;5
415355;;;ASH_COATED_OSMIUM;XIRECS;9988.0;4
416742;;;ASH_COATED_OSMIUM;XIRECS;9998.0;2
416833;;;ASH_COATED_OSMIUM;XIRECS;9998.0;2
417582;;;ASH_COATED_OSMIUM;XIRECS;9987.0;3
418220;;;INTARIAN_PEPPER_ROOT;XIRECS;50411.0;5
418342;;;INTARIAN_PEPPER_ROOT;XIRECS;50412.0;7
418952;;;ASH_COATED_OSMIUM;XIRECS;10012.0;2
419430;;;INTARIAN_PEPPER_ROOT;XIRECS;50429.0;7
420291;;;ASH_COATED_OSMIUM;XIRECS;10008.0;6
420616;;;INTARIAN_PEPPER_ROOT;XIRECS;50426.0;7
421049;;;INTARIAN_PEPPER_ROOT;XIRECS;50418.0;7
421594;;;ASH_COATED_OSMIUM;XIRECS;9990.0;4
424790;;;INTARIAN_PEPPER_ROOT;XIRECS;50416.0;7
431380;;;INTARIAN_PEPPER_ROOT;XIRECS;50429.0;8
431874;;;INTARIAN_PEPPER_ROOT;XIRECS;50437.0;6
433390;;;ASH_COATED_OSMIUM;XIRECS;10018.0;4
434021;;;INTARIAN_PEPPER_ROOT;XIRECS;50427.0;3
434586;;;INTARIAN_PEPPER_ROOT;XIRECS;50427.0;4
434685;;;INTARIAN_PEPPER_ROOT;XIRECS;50428.0;4
437382;;;ASH_COATED_OSMIUM;XIRECS;9997.0;10
438605;;;ASH_COATED_OSMIUM;XIRECS;9995.0;6
440246;;;INTARIAN_PEPPER_ROOT;XIRECS;50448.0;3
442133;;;INTARIAN_PEPPER_ROOT;XIRECS;50438.0;7
444974;;;ASH_COATED_OSMIUM;XIRECS;9996.0;4
446104;;;ASH_COATED_OSMIUM;XIRECS;9999.0;3
448180;;;INTARIAN_PEPPER_ROOT;XIRECS;50456.0;3
448400;;;INTARIAN_PEPPER_ROOT;XIRECS;50445.0;3
457895;;;ASH_COATED_OSMIUM;XIRECS;10017.0;2
458155;;;INTARIAN_PEPPER_ROOT;XIRECS;50465.0;6
459782;;;ASH_COATED_OSMIUM;XIRECS;10013.0;3
461683;;;INTARIAN_PEPPER_ROOT;XIRECS;50471.0;5
463184;;;ASH_COATED_OSMIUM;XIRECS;10003.0;6
464794;;;ASH_COATED_OSMIUM;XIRECS;10005.0;2
471247;;;INTARIAN_PEPPER_ROOT;XIRECS;50477.0;6
471508;;;ASH_COATED_OSMIUM;XIRECS;9994.0;6
474096;;;ASH_COATED_OSMIUM;XIRECS;9989.0;5
474180;;;INTARIAN_PEPPER_ROOT;XIRECS;50468.0;3
474852;;;INTARIAN_PEPPER_ROOT;XIRECS;50480.0;4
474994;;;INTARIAN_PEPPER_ROOT;XIRECS;50467.0;7
475163;;;INTARIAN_PEPPER_ROOT;XIRECS;50466.0;7
477870;;;INTARIAN_PEPPER_ROOT;XIRECS;50481.0;3
479229;;;ASH_COATED_OSMIUM;XIRECS;10008.0;3
480615;;;ASH_COATED_OSMIUM;XIRECS;10012.0;5
481039;;;INTARIAN_PEPPER_ROOT;XIRECS;50479.0;3
481647;;;ASH_COATED_OSMIUM;XIRECS;10000.0;6
484135;;;ASH_COATED_OSMIUM;XIRECS;10012.0;4
485104;;;INTARIAN_PEPPER_ROOT;XIRECS;50478.0;7
486010;;;ASH_COATED_OSMIUM;XIRECS;10009.0;10
486469;;;ASH_COATED_OSMIUM;XIRECS;9987.0;8
489189;;;ASH_COATED_OSMIUM;XIRECS;9997.0;2
489612;;;ASH_COATED_OSMIUM;XIRECS;9980.0;3
492785;;;ASH_COATED_OSMIUM;XIRECS;9985.0;5
492899;;;ASH_COATED_OSMIUM;XIRECS;10003.0;4
492975;;;INTARIAN_PEPPER_ROOT;XIRECS;50498.0;5
493425;;;ASH_COATED_OSMIUM;XIRECS;10006.0;6
493778;;;ASH_COATED_OSMIUM;XIRECS;10006.0;8
495438;;;INTARIAN_PEPPER_ROOT;XIRECS;50487.0;3
495595;;;ASH_COATED_OSMIUM;XIRECS;10007.0;8
498651;;;INTARIAN_PEPPER_ROOT;XIRECS;50505.0;5
498837;;;INTARIAN_PEPPER_ROOT;XIRECS;50503.0;4
500177;;;INTARIAN_PEPPER_ROOT;XIRECS;50506.0;4
500636;;;INTARIAN_PEPPER_ROOT;XIRECS;50495.0;7
501324;;;ASH_COATED_OSMIUM;XIRECS;9984.0;6
503246;;;ASH_COATED_OSMIUM;XIRECS;9985.0;2
505177;;;ASH_COATED_OSMIUM;XIRECS;9987.0;6
505975;;;INTARIAN_PEPPER_ROOT;XIRECS;50516.0;5
508322;;;ASH_COATED_OSMIUM;XIRECS;9999.0;10
508422;;;ASH_COATED_OSMIUM;XIRECS;10003.0;10
509295;;;ASH_COATED_OSMIUM;XIRECS;9999.0;7
510444;;;ASH_COATED_OSMIUM;XIRECS;10005.0;9
511227;;;INTARIAN_PEPPER_ROOT;XIRECS;50504.0;5
511386;;;INTARIAN_PEPPER_ROOT;XIRECS;50504.0;3
513424;;;INTARIAN_PEPPER_ROOT;XIRECS;50506.0;5
514077;;;INTARIAN_PEPPER_ROOT;XIRECS;50506.0;5
514892;;;ASH_COATED_OSMIUM;XIRECS;10006.0;6
515527;;;ASH_COATED_OSMIUM;XIRECS;9996.0;6
516744;;;ASH_COATED_OSMIUM;XIRECS;10005.0;4
518915;;;ASH_COATED_OSMIUM;XIRECS;10010.0;8
521014;;;ASH_COATED_OSMIUM;XIRECS;9989.0;5
522165;;;ASH_COATED_OSMIUM;XIRECS;10013.0;6
523290;;;ASH_COATED_OSMIUM;XIRECS;9986.0;2
524920;;;ASH_COATED_OSMIUM;XIRECS;10012.0;2
525195;;;ASH_COATED_OSMIUM;XIRECS;9999.0;5
526881;;;ASH_COATED_OSMIUM;XIRECS;10011.0;5
528957;;;ASH_COATED_OSMIUM;XIRECS;9986.0;5
529022;;;ASH_COATED_OSMIUM;XIRECS;10003.0;4
529700;;;INTARIAN_PEPPER_ROOT;XIRECS;50525.0;7
529735;;;INTARIAN_PEPPER_ROOT;XIRECS;50525.0;3
529988;;;INTARIAN_PEPPER_ROOT;XIRECS;50526.0;3
530706;;;INTARIAN_PEPPER_ROOT;XIRECS;50538.0;6
530971;;;ASH_COATED_OSMIUM;XIRECS;10003.0;3
531616;;;ASH_COATED_OSMIUM;XIRECS;9993.0;3
531621;;;INTARIAN_PEPPER_ROOT;XIRECS;50538.0;4
535247;;;ASH_COATED_OSMIUM;XIRECS;9987.0;4
535722;;;INTARIAN_PEPPER_ROOT;XIRECS;50540.0;6
537162;;;ASH_COATED_OSMIUM;XIRECS;10009.0;5
538696;;;INTARIAN_PEPPER_ROOT;XIRECS;50545.0;4
539026;;;INTARIAN_PEPPER_ROOT;XIRECS;50534.0;7
540791;;;INTARIAN_PEPPER_ROOT;XIRECS;50549.0;3
541335;;;INTARIAN_PEPPER_ROOT;XIRECS;50537.0;5
542828;;;INTARIAN_PEPPER_ROOT;XIRECS;50538.0;3
545952;;;ASH_COATED_OSMIUM;XIRECS;9987.0;3
546046;;;INTARIAN_PEPPER_ROOT;XIRECS;50540.0;6
550950;;;INTARIAN_PEPPER_ROOT;XIRECS;50551.0;7
552078;;;INTARIAN_PEPPER_ROOT;XIRECS;50558.0;5
552474;;;ASH_COATED_OSMIUM;XIRECS;9988.0;3
552919;;;INTARIAN_PEPPER_ROOT;XIRECS;50559.0;6
553606;;;ASH_COATED_OSMIUM;XIRECS;10004.0;2
553737;;;INTARIAN_PEPPER_ROOT;XIRECS;50562.0;7
553833;;;ASH_COATED_OSMIUM;XIRECS;10007.0;4
553853;;;ASH_COATED_OSMIUM;XIRECS;10007.0;4
553969;;;INTARIAN_PEPPER_ROOT;XIRECS;50549.0;7
555620;;;ASH_COATED_OSMIUM;XIRECS;9985.0;9
555940;;;INTARIAN_PEPPER_ROOT;XIRECS;50549.0;4
556083;;;INTARIAN_PEPPER_ROOT;XIRECS;50562.0;3
557267;;;ASH_COATED_OSMIUM;XIRECS;10012.0;2
557812;;;ASH_COATED_OSMIUM;XIRECS;10006.0;5
559628;;;INTARIAN_PEPPER_ROOT;XIRECS;50553.0;5
559945;;;ASH_COATED_OSMIUM;XIRECS;10006.0;6
566535;;;ASH_COATED_OSMIUM;XIRECS;9988.0;5
567989;;;INTARIAN_PEPPER_ROOT;XIRECS;50578.0;7
571678;;;ASH_COATED_OSMIUM;XIRECS;10018.0;3
573708;;;ASH_COATED_OSMIUM;XIRECS;9994.0;5
575033;;;ASH_COATED_OSMIUM;XIRECS;9989.0;4
576767;;;INTARIAN_PEPPER_ROOT;XIRECS;50584.0;3
577007;;;INTARIAN_PEPPER_ROOT;XIRECS;50585.0;4
579747;;;INTARIAN_PEPPER_ROOT;XIRECS;50589.0;5
580826;;;INTARIAN_PEPPER_ROOT;XIRECS;50584.0;3
581782;;;INTARIAN_PEPPER_ROOT;XIRECS;50587.0;6
583667;;;INTARIAN_PEPPER_ROOT;XIRECS;50591.0;6
585123;;;INTARIAN_PEPPER_ROOT;XIRECS;50592.0;6
587350;;;ASH_COATED_OSMIUM;XIRECS;10003.0;6
589124;;;ASH_COATED_OSMIUM;XIRECS;9986.0;9
590201;;;ASH_COATED_OSMIUM;XIRECS;9989.0;7
590422;;;ASH_COATED_OSMIUM;XIRECS;10012.0;7
593344;;;INTARIAN_PEPPER_ROOT;XIRECS;50599.0;7
593560;;;INTARIAN_PEPPER_ROOT;XIRECS;50589.0;4
596255;;;ASH_COATED_OSMIUM;XIRECS;10020.0;5
599204;;;ASH_COATED_OSMIUM;XIRECS;10005.0;2
599913;;;INTARIAN_PEPPER_ROOT;XIRECS;50593.0;6
600334;;;ASH_COATED_OSMIUM;XIRECS;9997.0;10
600913;;;ASH_COATED_OSMIUM;XIRECS;9994.0;4
601090;;;INTARIAN_PEPPER_ROOT;XIRECS;50592.0;4
602600;;;ASH_COATED_OSMIUM;XIRECS;10008.0;3
604019;;;ASH_COATED_OSMIUM;XIRECS;9973.0;3
604085;;;INTARIAN_PEPPER_ROOT;XIRECS;50612.0;7
605389;;;INTARIAN_PEPPER_ROOT;XIRECS;50616.0;3
606622;;;INTARIAN_PEPPER_ROOT;XIRECS;50616.0;3
606881;;;ASH_COATED_OSMIUM;XIRECS;10009.0;2
607313;;;ASH_COATED_OSMIUM;XIRECS;9987.0;2
609571;;;ASH_COATED_OSMIUM;XIRECS;10009.0;6
610332;;;INTARIAN_PEPPER_ROOT;XIRECS;50598.0;7
611328;;;INTARIAN_PEPPER_ROOT;XIRECS;50619.0;6
612597;;;ASH_COATED_OSMIUM;XIRECS;10012.0;6
612787;;;INTARIAN_PEPPER_ROOT;XIRECS;50606.0;7
618923;;;INTARIAN_PEPPER_ROOT;XIRECS;50627.0;6
621361;;;INTARIAN_PEPPER_ROOT;XIRECS;50615.0;5
621593;;;ASH_COATED_OSMIUM;XIRECS;9990.0;2
623894;;;ASH_COATED_OSMIUM;XIRECS;10014.0;7
625191;;;INTARIAN_PEPPER_ROOT;XIRECS;50633.0;6
625312;;;ASH_COATED_OSMIUM;XIRECS;10017.0;5
625625;;;INTARIAN_PEPPER_ROOT;XIRECS;50615.0;5
628636;;;ASH_COATED_OSMIUM;XIRECS;10001.0;10
628777;;;ASH_COATED_OSMIUM;XIRECS;9994.0;10
629117;;;ASH_COATED_OSMIUM;XIRECS;10001.0;2
630649;;;ASH_COATED_OSMIUM;XIRECS;10011.0;3
631985;;;INTARIAN_PEPPER_ROOT;XIRECS;50627.0;4
634803;;;ASH_COATED_OSMIUM;XIRECS;9987.0;5
636680;;;ASH_COATED_OSMIUM;XIRECS;9990.0;2
637207;;;ASH_COATED_OSMIUM;XIRECS;10003.0;5
638861;;;ASH_COATED_OSMIUM;XIRECS;9990.0;5
647873;;;INTARIAN_PEPPER_ROOT;XIRECS;50640.0;7
650876;;;INTARIAN_PEPPER_ROOT;XIRECS;50655.0;3
651143;;;ASH_COATED_OSMIUM;XIRECS;10007.0;8
653608;;;ASH_COATED_OSMIUM;XIRECS;9997.0;4
657187;;;ASH_COATED_OSMIUM;XIRECS;10003.0;6
657777;;;INTARIAN_PEPPER_ROOT;XIRECS;50651.0;6
659191;;;INTARIAN_PEPPER_ROOT;XIRECS;50661.0;8
660685;;;INTARIAN_PEPPER_ROOT;XIRECS;50658.0;8
661162;;;INTARIAN_PEPPER_ROOT;XIRECS;50651.0;6
662388;;;ASH_COATED_OSMIUM;XIRECS;10006.0;9
663405;;;ASH_COATED_OSMIUM;XIRECS;10003.0;2
665055;;;ASH_COATED_OSMIUM;XIRECS;9998.0;5
665469;;;INTARIAN_PEPPER_ROOT;XIRECS;50660.0;7
667842;;;INTARIAN_PEPPER_ROOT;XIRECS;50662.0;6
672096;;;INTARIAN_PEPPER_ROOT;XIRECS;50677.0;6
672582;;;ASH_COATED_OSMIUM;XIRECS;9998.0;5
672899;;;INTARIAN_PEPPER_ROOT;XIRECS;50663.0;3
674463;;;INTARIAN_PEPPER_ROOT;XIRECS;50678.0;3
674871;;;INTARIAN_PEPPER_ROOT;XIRECS;50680.0;6
677246;;;INTARIAN_PEPPER_ROOT;XIRECS;50682.0;7
678197;;;INTARIAN_PEPPER_ROOT;XIRECS;50666.0;6
678573;;;INTARIAN_PEPPER_ROOT;XIRECS;50686.0;5
683223;;;INTARIAN_PEPPER_ROOT;XIRECS;50678.0;5
684921;;;ASH_COATED_OSMIUM;XIRECS;10014.0;6
687407;;;ASH_COATED_OSMIUM;XIRECS;10008.0;3
689688;;;INTARIAN_PEPPER_ROOT;XIRECS;50685.0;3
690252;;;INTARIAN_PEPPER_ROOT;XIRECS;50686.0;8
691914;;;INTARIAN_PEPPER_ROOT;XIRECS;50683.0;3
692143;;;INTARIAN_PEPPER_ROOT;XIRECS;50698.0;5
692355;;;INTARIAN_PEPPER_ROOT;XIRECS;50690.0;5
692718;;;INTARIAN_PEPPER_ROOT;XIRECS;50685.0;6
692898;;;INTARIAN_PEPPER_ROOT;XIRECS;50699.0;4
694381;;;INTARIAN_PEPPER_ROOT;XIRECS;50702.0;6
694618;;;ASH_COATED_OSMIUM;XIRECS;9997.0;5
698261;;;ASH_COATED_OSMIUM;XIRECS;10004.0;7
699274;;;ASH_COATED_OSMIUM;XIRECS;9988.0;7
699374;;;INTARIAN_PEPPER_ROOT;XIRECS;50697.0;7
699707;;;ASH_COATED_OSMIUM;XIRECS;9986.0;3
700548;;;INTARIAN_PEPPER_ROOT;XIRECS;50710.0;7
700703;;;INTARIAN_PEPPER_ROOT;XIRECS;50693.0;4
700740;;;ASH_COATED_OSMIUM;XIRECS;9989.0;4
700927;;;INTARIAN_PEPPER_ROOT;XIRECS;50707.0;5
703179;;;INTARIAN_PEPPER_ROOT;XIRECS;50699.0;6
703478;;;INTARIAN_PEPPER_ROOT;XIRECS;50695.0;7
703610;;;ASH_COATED_OSMIUM;XIRECS;10007.0;5
705995;;;ASH_COATED_OSMIUM;XIRECS;9991.0;5
706428;;;ASH_COATED_OSMIUM;XIRECS;10002.0;4
709022;;;INTARIAN_PEPPER_ROOT;XIRECS;50713.0;3
713790;;;ASH_COATED_OSMIUM;XIRECS;10007.0;6
714216;;;ASH_COATED_OSMIUM;XIRECS;10002.0;4
714740;;;ASH_COATED_OSMIUM;XIRECS;9989.0;5
715440;;;ASH_COATED_OSMIUM;XIRECS;9976.0;3
716177;;;INTARIAN_PEPPER_ROOT;XIRECS;50721.0;3
717529;;;ASH_COATED_OSMIUM;XIRECS;10001.0;6
717964;;;ASH_COATED_OSMIUM;XIRECS;10007.0;6
718801;;;ASH_COATED_OSMIUM;XIRECS;9985.0;7
721821;;;INTARIAN_PEPPER_ROOT;XIRECS;50717.0;3
722912;;;ASH_COATED_OSMIUM;XIRECS;9997.0;6
723404;;;INTARIAN_PEPPER_ROOT;XIRECS;50714.0;3
725877;;;ASH_COATED_OSMIUM;XIRECS;9990.0;9
725998;;;ASH_COATED_OSMIUM;XIRECS;10007.0;4
728304;;;ASH_COATED_OSMIUM;XIRECS;10001.0;6
728794;;;ASH_COATED_OSMIUM;XIRECS;10010.0;5
731005;;;ASH_COATED_OSMIUM;XIRECS;10000.0;5
733541;;;ASH_COATED_OSMIUM;XIRECS;10005.0;6
736126;;;ASH_COATED_OSMIUM;XIRECS;9995.0;5
736707;;;INTARIAN_PEPPER_ROOT;XIRECS;50732.0;4
736981;;;ASH_COATED_OSMIUM;XIRECS;10004.0;2
737557;;;INTARIAN_PEPPER_ROOT;XIRECS;50738.0;5
740587;;;ASH_COATED_OSMIUM;XIRECS;9981.0;4
740925;;;INTARIAN_PEPPER_ROOT;XIRECS;50745.0;6
743351;;;INTARIAN_PEPPER_ROOT;XIRECS;50747.0;4
744256;;;ASH_COATED_OSMIUM;XIRECS;9991.0;3
746618;;;ASH_COATED_OSMIUM;XIRECS;9997.0;2
747055;;;INTARIAN_PEPPER_ROOT;XIRECS;50754.0;5
748824;;;ASH_COATED_OSMIUM;XIRECS;10009.0;10
749579;;;INTARIAN_PEPPER_ROOT;XIRECS;50748.0;7
750791;;;ASH_COATED_OSMIUM;XIRECS;9992.0;6
756802;;;ASH_COATED_OSMIUM;XIRECS;9990.0;9
758522;;;ASH_COATED_OSMIUM;XIRECS;10016.0;5
759509;;;INTARIAN_PEPPER_ROOT;XIRECS;50756.0;7
759689;;;INTARIAN_PEPPER_ROOT;XIRECS;50765.0;8
759733;;;ASH_COATED_OSMIUM;XIRECS;9994.0;10
760536;;;INTARIAN_PEPPER_ROOT;XIRECS;50764.0;3
762116;;;INTARIAN_PEPPER_ROOT;XIRECS;50770.0;7
763254;;;INTARIAN_PEPPER_ROOT;XIRECS;50758.0;6
765013;;;INTARIAN_PEPPER_ROOT;XIRECS;50752.0;6
765463;;;ASH_COATED_OSMIUM;XIRECS;9986.0;7
766314;;;ASH_COATED_OSMIUM;XIRECS;9992.0;2
771887;;;ASH_COATED_OSMIUM;XIRECS;9995.0;4
772365;;;INTARIAN_PEPPER_ROOT;XIRECS;50779.0;3
773301;;;ASH_COATED_OSMIUM;XIRECS;10013.0;3
774600;;;INTARIAN_PEPPER_ROOT;XIRECS;50767.0;6
780843;;;INTARIAN_PEPPER_ROOT;XIRECS;50773.0;4
781200;;;INTARIAN_PEPPER_ROOT;XIRECS;50790.0;5
781206;;;ASH_COATED_OSMIUM;XIRECS;10010.0;2
781327;;;ASH_COATED_OSMIUM;XIRECS;9997.0;3
782254;;;ASH_COATED_OSMIUM;XIRECS;10003.0;4
783986;;;INTARIAN_PEPPER_ROOT;XIRECS;50788.0;7
787209;;;ASH_COATED_OSMIUM;XIRECS;9989.0;5
787218;;;ASH_COATED_OSMIUM;XIRECS;10005.0;4
789191;;;INTARIAN_PEPPER_ROOT;XIRECS;50796.0;3
794981;;;INTARIAN_PEPPER_ROOT;XIRECS;50799.0;6
796520;;;ASH_COATED_OSMIUM;XIRECS;10008.0;4
798114;;;INTARIAN_PEPPER_ROOT;XIRECS;50792.0;6
798198;;;INTARIAN_PEPPER_ROOT;XIRECS;50805.0;5
800363;;;ASH_COATED_OSMIUM;XIRECS;10008.0;4
802169;;;INTARIAN_PEPPER_ROOT;XIRECS;50809.0;5
802180;;;ASH_COATED_OSMIUM;XIRECS;10014.0;9
806174;;;INTARIAN_PEPPER_ROOT;XIRECS;50797.0;3
806193;;;ASH_COATED_OSMIUM;XIRECS;10014.0;5
806312;;;ASH_COATED_OSMIUM;XIRECS;10005.0;8
807334;;;INTARIAN_PEPPER_ROOT;XIRECS;50813.0;4
807480;;;INTARIAN_PEPPER_ROOT;XIRECS;50810.0;5
807564;;;INTARIAN_PEPPER_ROOT;XIRECS;50809.0;6
809047;;;ASH_COATED_OSMIUM;XIRECS;9984.0;3
810445;;;ASH_COATED_OSMIUM;XIRECS;10011.0;9
814417;;;INTARIAN_PEPPER_ROOT;XIRECS;50825.0;3
814628;;;ASH_COATED_OSMIUM;XIRECS;10006.0;6
815279;;;INTARIAN_PEPPER_ROOT;XIRECS;50819.0;5
816868;;;INTARIAN_PEPPER_ROOT;XIRECS;50812.0;4
818463;;;INTARIAN_PEPPER_ROOT;XIRECS;50826.0;5
819693;;;ASH_COATED_OSMIUM;XIRECS;9989.0;6
820417;;;ASH_COATED_OSMIUM;XIRECS;9988.0;10
823539;;;INTARIAN_PEPPER_ROOT;XIRECS;50833.0;6
823899;;;ASH_COATED_OSMIUM;XIRECS;10016.0;5
825264;;;ASH_COATED_OSMIUM;XIRECS;10011.0;3
825846;;;INTARIAN_PEPPER_ROOT;XIRECS;50830.0;7
827320;;;ASH_COATED_OSMIUM;XIRECS;9998.0;4
828223;;;ASH_COATED_OSMIUM;XIRECS;10004.0;6
829775;;;ASH_COATED_OSMIUM;XIRECS;10007.0;7
830271;;;ASH_COATED_OSMIUM;XIRECS;9999.0;3
831173;;;INTARIAN_PEPPER_ROOT;XIRECS;50821.0;4
831291;;;ASH_COATED_OSMIUM;XIRECS;9981.0;2
831911;;;INTARIAN_PEPPER_ROOT;XIRECS;50825.0;3
841994;;;ASH_COATED_OSMIUM;XIRECS;10009.0;4
842228;;;INTARIAN_PEPPER_ROOT;XIRECS;50843.0;3
844412;;;ASH_COATED_OSMIUM;XIRECS;10014.0;2
847131;;;ASH_COATED_OSMIUM;XIRECS;9994.0;2
849645;;;ASH_COATED_OSMIUM;XIRECS;9983.0;9
849788;;;INTARIAN_PEPPER_ROOT;XIRECS;50854.0;7
851606;;;ASH_COATED_OSMIUM;XIRECS;9995.0;5
852190;;;INTARIAN_PEPPER_ROOT;XIRECS;50856.0;7
852358;;;INTARIAN_PEPPER_ROOT;XIRECS;50858.0;4
852837;;;INTARIAN_PEPPER_ROOT;XIRECS;50858.0;5
853290;;;INTARIAN_PEPPER_ROOT;XIRECS;50858.0;3
855289;;;ASH_COATED_OSMIUM;XIRECS;9985.0;3
855706;;;ASH_COATED_OSMIUM;XIRECS;9990.0;6
856236;;;ASH_COATED_OSMIUM;XIRECS;9993.0;5
857218;;;INTARIAN_PEPPER_ROOT;XIRECS;50850.0;6
859742;;;ASH_COATED_OSMIUM;XIRECS;9990.0;3
860595;;;INTARIAN_PEPPER_ROOT;XIRECS;50849.0;4
863217;;;ASH_COATED_OSMIUM;XIRECS;10017.0;5
864322;;;INTARIAN_PEPPER_ROOT;XIRECS;50857.0;7
864955;;;INTARIAN_PEPPER_ROOT;XIRECS;50858.0;3
865904;;;ASH_COATED_OSMIUM;XIRECS;10013.0;6
865967;;;ASH_COATED_OSMIUM;XIRECS;10013.0;3
866681;;;INTARIAN_PEPPER_ROOT;XIRECS;50872.0;3
866737;;;INTARIAN_PEPPER_ROOT;XIRECS;50872.0;3
866990;;;ASH_COATED_OSMIUM;XIRECS;9983.0;4
868813;;;INTARIAN_PEPPER_ROOT;XIRECS;50860.0;5
868845;;;INTARIAN_PEPPER_ROOT;XIRECS;50860.0;3
870040;;;ASH_COATED_OSMIUM;XIRECS;10011.0;6
872533;;;ASH_COATED_OSMIUM;XIRECS;10005.0;9
872885;;;ASH_COATED_OSMIUM;XIRECS;10000.0;8
876064;;;ASH_COATED_OSMIUM;XIRECS;9994.0;4
876535;;;ASH_COATED_OSMIUM;XIRECS;10014.0;6
877056;;;ASH_COATED_OSMIUM;XIRECS;10007.0;5
878090;;;INTARIAN_PEPPER_ROOT;XIRECS;50890.0;5
878460;;;ASH_COATED_OSMIUM;XIRECS;9996.0;3
878649;;;INTARIAN_PEPPER_ROOT;XIRECS;50885.0;5
878795;;;ASH_COATED_OSMIUM;XIRECS;9995.0;2
880580;;;ASH_COATED_OSMIUM;XIRECS;9994.0;6
880768;;;ASH_COATED_OSMIUM;XIRECS;10009.0;6
880957;;;ASH_COATED_OSMIUM;XIRECS;10013.0;2
883419;;;ASH_COATED_OSMIUM;XIRECS;9987.0;3
885294;;;ASH_COATED_OSMIUM;XIRECS;9994.0;2
889218;;;INTARIAN_PEPPER_ROOT;XIRECS;50893.0;7
890001;;;ASH_COATED_OSMIUM;XIRECS;10020.0;6
890664;;;INTARIAN_PEPPER_ROOT;XIRECS;50892.0;5
891251;;;ASH_COATED_OSMIUM;XIRECS;9992.0;6
893062;;;ASH_COATED_OSMIUM;XIRECS;9995.0;2
895194;;;INTARIAN_PEPPER_ROOT;XIRECS;50902.0;6
895456;;;ASH_COATED_OSMIUM;XIRECS;10003.0;3
896577;;;ASH_COATED_OSMIUM;XIRECS;9994.0;2
897694;;;ASH_COATED_OSMIUM;XIRECS;10020.0;9
902758;;;ASH_COATED_OSMIUM;XIRECS;10006.0;7
905280;;;ASH_COATED_OSMIUM;XIRECS;9993.0;5
909784;;;INTARIAN_PEPPER_ROOT;XIRECS;50904.0;5
910032;;;ASH_COATED_OSMIUM;XIRECS;10005.0;4
912760;;;ASH_COATED_OSMIUM;XIRECS;10008.0;4
914748;;;INTARIAN_PEPPER_ROOT;XIRECS;50920.0;4
916454;;;INTARIAN_PEPPER_ROOT;XIRECS;50909.0;6
920040;;;ASH_COATED_OSMIUM;XIRECS;10009.0;5
921133;;;ASH_COATED_OSMIUM;XIRECS;9983.0;4
922445;;;ASH_COATED_OSMIUM;XIRECS;10001.0;6
923525;;;INTARIAN_PEPPER_ROOT;XIRECS;50918.0;6
923898;;;ASH_COATED_OSMIUM;XIRECS;9999.0;3
924124;;;ASH_COATED_OSMIUM;XIRECS;10012.0;3
924545;;;INTARIAN_PEPPER_ROOT;XIRECS;50932.0;7
925718;;;INTARIAN_PEPPER_ROOT;XIRECS;50923.0;8
925988;;;ASH_COATED_OSMIUM;XIRECS;10004.0;5
926197;;;ASH_COATED_OSMIUM;XIRECS;9997.0;4
926499;;;INTARIAN_PEPPER_ROOT;XIRECS;50935.0;3
926590;;;INTARIAN_PEPPER_ROOT;XIRECS;50927.0;7
928139;;;INTARIAN_PEPPER_ROOT;XIRECS;50922.0;7
928147;;;ASH_COATED_OSMIUM;XIRECS;9982.0;8
929753;;;INTARIAN_PEPPER_ROOT;XIRECS;50941.0;3
932133;;;INTARIAN_PEPPER_ROOT;XIRECS;50926.0;3
934461;;;ASH_COATED_OSMIUM;XIRECS;10022.0;10
934597;;;ASH_COATED_OSMIUM;XIRECS;10022.0;4
939177;;;ASH_COATED_OSMIUM;XIRECS;10018.0;4
940147;;;ASH_COATED_OSMIUM;XIRECS;9991.0;2
940472;;;ASH_COATED_OSMIUM;XIRECS;9999.0;4
941021;;;ASH_COATED_OSMIUM;XIRECS;10002.0;4
941925;;;ASH_COATED_OSMIUM;XIRECS;10005.0;5
943568;;;INTARIAN_PEPPER_ROOT;XIRECS;50934.0;6
944028;;;INTARIAN_PEPPER_ROOT;XIRECS;50951.0;6
945133;;;ASH_COATED_OSMIUM;XIRECS;9993.0;10
946047;;;INTARIAN_PEPPER_ROOT;XIRECS;50953.0;6
948456;;;INTARIAN_PEPPER_ROOT;XIRECS;50955.0;6
949989;;;INTARIAN_PEPPER_ROOT;XIRECS;50941.0;5
950902;;;ASH_COATED_OSMIUM;XIRECS;9996.0;5
951877;;;ASH_COATED_OSMIUM;XIRECS;9996.0;3
953769;;;ASH_COATED_OSMIUM;XIRECS;10008.0;3
954138;;;ASH_COATED_OSMIUM;XIRECS;10007.0;3
955836;;;INTARIAN_PEPPER_ROOT;XIRECS;50966.0;6
957631;;;ASH_COATED_OSMIUM;XIRECS;9993.0;4
961024;;;INTARIAN_PEPPER_ROOT;XIRECS;50970.0;4
961722;;;ASH_COATED_OSMIUM;XIRECS;9997.0;6
965183;;;ASH_COATED_OSMIUM;XIRECS;10002.0;5
965316;;;INTARIAN_PEPPER_ROOT;XIRECS;50956.0;5
965906;;;ASH_COATED_OSMIUM;XIRECS;10012.0;5
969934;;;INTARIAN_PEPPER_ROOT;XIRECS;50978.0;6
970213;;;ASH_COATED_OSMIUM;XIRECS;9989.0;4
971352;;;ASH_COATED_OSMIUM;XIRECS;9988.0;4
971665;;;ASH_COATED_OSMIUM;XIRECS;9994.0;5
971746;;;INTARIAN_PEPPER_ROOT;XIRECS;50975.0;7
975241;;;INTARIAN_PEPPER_ROOT;XIRECS;50971.0;6
975573;;;INTARIAN_PEPPER_ROOT;XIRECS;50981.0;8
978755;;;ASH_COATED_OSMIUM;XIRECS;9999.0;5
979136;;;ASH_COATED_OSMIUM;XIRECS;10001.0;4
979401;;;INTARIAN_PEPPER_ROOT;XIRECS;50987.0;4
979915;;;INTARIAN_PEPPER_ROOT;XIRECS;50975.0;3
980588;;;ASH_COATED_OSMIUM;XIRECS;10023.0;7
980767;;;ASH_COATED_OSMIUM;XIRECS;10012.0;7
983513;;;ASH_COATED_OSMIUM;XIRECS;10013.0;9
984331;;;ASH_COATED_OSMIUM;XIRECS;10010.0;4
985004;;;ASH_COATED_OSMIUM;XIRECS;10003.0;6
989241;;;INTARIAN_PEPPER_ROOT;XIRECS;50998.0;6
989602;;;INTARIAN_PEPPER_ROOT;XIRECS;50982.0;3
989980;;;INTARIAN_PEPPER_ROOT;XIRECS;50997.0;6
990472;;;ASH_COATED_OSMIUM;XIRECS;9991.0;5
991565;;;ASH_COATED_OSMIUM;XIRECS;10006.0;9
996128;;;ASH_COATED_OSMIUM;XIRECS;9998.0;8
996450;;;ASH_COATED_OSMIUM;XIRECS;9997.0;3
997065;;;ASH_COATED_OSMIUM;XIRECS;10009.0;6
997226;;;INTARIAN_PEPPER_ROOT;XIRECS;50991.0;6
997900;;;INTARIAN_PEPPER_ROOT;XIRECS;50994.0;3
998932;;;INTARIAN_PEPPER_ROOT;XIRECS;51001.0;5
999184;;;INTARIAN_PEPPER_ROOT;XIRECS;51006.0;3