timestamp;buyer;seller;symbol;currency;price;quantity
3900;;;ASH_COATED_OSMIUM;XIRECS;9983.0;5
4682;;;ASH_COATED_OSMIUM;XIRECS;10013.0;3
6642;;;ASH_COATED_OSMIUM;XIRECS;9982.0;4
7281;;;INTARIAN_PEPPER_ROOT;XIRECS;50999.0;5
7333;;;INTARIAN_PEPPER_ROOT;XIRECS;51015.0;5
8661;;;INTARIAN_PEPPER_ROOT;XIRECS;51000.0;3
9382;;;INTARIAN_PEPPER_ROOT;XIRECS;51012.0;6
10639;;;ASH_COATED_OSMIUM;XIRECS;9991.0;8
10685;;;INTARIAN_PEPPER_ROOT;XIRECS;51017.0;3
11651;;;ASH_COATED_OSMIUM;XIRECS;9998.0;9
11891;;;INTARIAN_PEPPER_ROOT;XIRECS;51019.0;4
13096;;;ASH_COATED_OSMIUM;XIRECS;10005.0;5
14765;;;ASH_COATED_OSMIUM;XIRECS;10003.0;2
21468;;;INTARIAN_PEPPER_ROOT;XIRECS;51014.0;3
22433;;;ASH_COATED_OSMIUM;XIRECS;9993.0;5
22909;;;INTARIAN_PEPPER_ROOT;XIRECS;51019.0;3
23099;;;ASH_COATED_OSMIUM;XIRECS;9990.0;6
23394;;;INTARIAN_PEPPER_ROOT;XIRECS;51029.0;5
24026;;;ASH_COATED_OSMIUM;XIRECS;9984.0;6
25044;;;ASH_COATED_OSMIUM;XIRECS;9985.0;5
28347;;;ASH_COATED_OSMIUM;XIRECS;9989.0;4
29348;;;ASH_COATED_OSMIUM;XIRECS;10013.0;3
30042;;;ASH_COATED_OSMIUM;XIRECS;10008.0;4
30556;;;ASH_COATED_OSMIUM;XIRECS;9999.0;5
31428;;;ASH_COATED_OSMIUM;XIRECS;9992.0;2
32366;;;ASH_COATED_OSMIUM;XIRECS;10016.0;5
33442;;;INTARIAN_PEPPER_ROOT;XIRECS;51041.0;6
34320;;;ASH_COATED_OSMIUM;XIRECS;10011.0;3
34677;;;ASH_COATED_OSMIUM;XIRECS;9993.0;4
36533;;;ASH_COATED_OSMIUM;XIRECS;9987.0;3
37294;;;INTARIAN_PEPPER_ROOT;XIRECS;51043.0;5
37328;;;INTARIAN_PEPPER_ROOT;XIRECS;51032.0;3
38683;;;ASH_COATED_OSMIUM;XIRECS;10005.0;2
39070;;;ASH_COATED_OSMIUM;XIRECS;10003.0;7
40277;;;ASH_COATED_OSMIUM;XIRECS;9984.0;6
40561;;;ASH_COATED_OSMIUM;XIRECS;9992.0;8
44186;;;INTARIAN_PEPPER_ROOT;XIRECS;51052.0;3
45958;;;INTARIAN_PEPPER_ROOT;XIRECS;51053.0;7
46012;;;INTARIAN_PEPPER_ROOT;XIRECS;51056.0;6
46030;;;INTARIAN_PEPPER_ROOT;XIRECS;51044.0;3
46644;;;ASH_COATED_OSMIUM;XIRECS;10010.0;9
47222;;;ASH_COATED_OSMIUM;XIRECS;9989.0;7
49144;;;INTARIAN_PEPPER_ROOT;XIRECS;51043.0;8
50292;;;INTARIAN_PEPPER_ROOT;XIRECS;51058.0;6
51406;;;ASH_COATED_OSMIUM;XIRECS;9989.0;5
52741;;;ASH_COATED_OSMIUM;XIRECS;10015.0;5
54932;;;ASH_COATED_OSMIUM;XIRECS;9985.0;5
55223;;;INTARIAN_PEPPER_ROOT;XIRECS;51047.0;3
55336;;;INTARIAN_PEPPER_ROOT;XIRECS;51044.0;7
55415;;;INTARIAN_PEPPER_ROOT;XIRECS;51063.0;3
57915;;;INTARIAN_PEPPER_ROOT;XIRECS;51063.0;8
61181;;;ASH_COATED_OSMIUM;XIRECS;10017.0;8
61304;;;ASH_COATED_OSMIUM;XIRECS;10000.0;2
63009;;;ASH_COATED_OSMIUM;XIRECS;10002.0;8
64620;;;ASH_COATED_OSMIUM;XIRECS;10011.0;5
69012;;;ASH_COATED_OSMIUM;XIRECS;10008.0;9
69581;;;ASH_COATED_OSMIUM;XIRECS;9994.0;3
69733;;;ASH_COATED_OSMIUM;XIRECS;9985.0;5
71486;;;ASH_COATED_OSMIUM;XIRECS;9994.0;7
71656;;;INTARIAN_PEPPER_ROOT;XIRECS;51063.0;3
76281;;;ASH_COATED_OSMIUM;XIRECS;10007.0;6
76670;;;ASH_COATED_OSMIUM;XIRECS;10001.0;3
76737;;;INTARIAN_PEPPER_ROOT;XIRECS;51067.0;3
77453;;;ASH_COATED_OSMIUM;XIRECS;10002.0;2
77487;;;INTARIAN_PEPPER_ROOT;XIRECS;51087.0;7
78233;;;INTARIAN_PEPPER_ROOT;XIRECS;51085.0;5
78395;;;INTARIAN_PEPPER_ROOT;XIRECS;51086.0;7
78529;;;ASH_COATED_OSMIUM;XIRECS;10013.0;9
79222;;;ASH_COATED_OSMIUM;XIRECS;9993.0;6
79605;;;INTARIAN_PEPPER_ROOT;XIRECS;51075.0;5
81254;;;ASH_COATED_OSMIUM;XIRECS;9995.0;3
82301;;;INTARIAN_PEPPER_ROOT;XIRECS;51077.0;5
82438;;;ASH_COATED_OSMIUM;XIRECS;9993.0;6
84168;;;INTARIAN_PEPPER_ROOT;XIRECS;51087.0;7
86418;;;ASH_COATED_OSMIUM;XIRECS;9990.0;2
86420;;;INTARIAN_PEPPER_ROOT;XIRECS;51095.0;3
87785;;;INTARIAN_PEPPER_ROOT;XIRECS;51098.0;6
88051;;;INTARIAN_PEPPER_ROOT;XIRECS;51092.0;3
91717;;;ASH_COATED_OSMIUM;XIRECS;10006.0;7
93389;;;INTARIAN_PEPPER_ROOT;XIRECS;51099.0;3
94287;;;ASH_COATED_OSMIUM;XIRECS;9992.0;6
94802;;;INTARIAN_PEPPER_ROOT;XIRECS;51102.0;6
98574;;;ASH_COATED_OSMIUM;XIRECS;10009.0;5
99564;;;ASH_COATED_OSMIUM;XIRECS;9991.0;5
99989;;;ASH_COATED_OSMIUM;XIRECS;10012.0;6
101145;;;INTARIAN_PEPPER_ROOT;XIRECS;51096.0;6
101403;;;INTARIAN_PEPPER_ROOT;XIRECS;51108.0;7
101426;;;INTARIAN_PEPPER_ROOT;XIRECS;51108.0;7
102694;;;ASH_COATED_OSMIUM;XIRECS;9992.0;7
103062;;;ASH_COATED_OSMIUM;XIRECS;10011.0;3
103602;;;INTARIAN_PEPPER_ROOT;XIRECS;51111.0;5
104406;;;INTARIAN_PEPPER_ROOT;XIRECS;51098.0;4
104466;;;ASH_COATED_OSMIUM;XIRECS;9998.0;3
104819;;;ASH_COATED_OSMIUM;XIRECS;9977.0;4
106669;;;ASH_COATED_OSMIUM;XIRECS;10002.0;6
107186;;;ASH_COATED_OSMIUM;XIRECS;9996.0;5
107292;;;ASH_COATED_OSMIUM;XIRECS;9985.0;9
108208;;;ASH_COATED_OSMIUM;XIRECS;10002.0;9
108211;;;INTARIAN_PEPPER_ROOT;XIRECS;51100.0;7
112451;;;INTARIAN_PEPPER_ROOT;XIRECS;51118.0;6
113197;;;INTARIAN_PEPPER_ROOT;XIRECS;51107.0;5
113509;;;INTARIAN_PEPPER_ROOT;XIRECS;51123.0;4
113880;;;ASH_COATED_OSMIUM;XIRECS;9994.0;5
114250;;;INTARIAN_PEPPER_ROOT;XIRECS;51118.0;7
115382;;;ASH_COATED_OSMIUM;XIRECS;9996.0;10
116840;;;INTARIAN_PEPPER_ROOT;XIRECS;51123.0;3
118613;;;ASH_COATED_OSMIUM;XIRECS;10008.0;10
119520;;;INTARIAN_PEPPER_ROOT;XIRECS;51123.0;7
119859;;;ASH_COATED_OSMIUM;XIRECS;9998.0;3
120112;;;INTARIAN_PEPPER_ROOT;XIRECS;51130.0;5
121132;;;INTARIAN_PEPPER_ROOT;XIRECS;51132.0;6
121560;;;ASH_COATED_OSMIUM;XIRECS;10006.0;5
122145;;;ASH_COATED_OSMIUM;XIRECS;10007.0;2
122902;;;INTARIAN_PEPPER_ROOT;XIRECS;51118.0;6
123116;;;ASH_COATED_OSMIUM;XIRECS;9998.0;4
123248;;;ASH_COATED_OSMIUM;XIRECS;9993.0;6
123530;;;ASH_COATED_OSMIUM;XIRECS;9989.0;9
123932;;;INTARIAN_PEPPER_ROOT;XIRECS;51131.0;7
125627;;;INTARIAN_PEPPER_ROOT;XIRECS;51122.0;6
127197;;;INTARIAN_PEPPER_ROOT;XIRECS;51122.0;3
130939;;;INTARIAN_PEPPER_ROOT;XIRECS;51139.0;8
132140;;;ASH_COATED_OSMIUM;XIRECS;10008.0;6
133485;;;ASH_COATED_OSMIUM;XIRECS;10013.0;8
136079;;;ASH_COATED_OSMIUM;XIRECS;10005.0;6
136424;;;ASH_COATED_OSMIUM;XIRECS;9997.0;5
136942;;;ASH_COATED_OSMIUM;XIRECS;10014.0;2
137366;;;ASH_COATED_OSMIUM;XIRECS;10008.0;6
138059;;;ASH_COATED_OSMIUM;XIRECS;9990.0;6
142518;;;ASH_COATED_OSMIUM;XIRECS;9993.0;6
142675;;;ASH_COATED_OSMIUM;XIRECS;9993.0;2
144720;;;INTARIAN_PEPPER_ROOT;XIRECS;51134.0;7
144792;;;ASH_COATED_OSMIUM;XIRECS;9998.0;6
147000;;;ASH_COATED_OSMIUM;XIRECS;10005.0;6
147035;;;ASH_COATED_OSMIUM;XIRECS;10005.0;3
147554;;;INTARIAN_PEPPER_ROOT;XIRECS;51139.0;6
149815;;;ASH_COATED_OSMIUM;XIRECS;9987.0;10
152180;;;ASH_COATED_OSMIUM;XIRECS;10016.0;6
159386;;;INTARIAN_PEPPER_ROOT;XIRECS;51150.0;7
159517;;;ASH_COATED_OSMIUM;XIRECS;9990.0;2
160463;;;INTARIAN_PEPPER_ROOT;XIRECS;51168.0;3
161213;;;ASH_COATED_OSMIUM;XIRECS;9991.0;6
161938;;;INTARIAN_PEPPER_ROOT;XIRECS;51170.0;4
162385;;;ASH_COATED_OSMIUM;XIRECS;9982.0;7
162866;;;INTARIAN_PEPPER_ROOT;XIRECS;51173.0;7
165198;;;ASH_COATED_OSMIUM;XIRECS;9988.0;7
168795;;;INTARIAN_PEPPER_ROOT;XIRECS;51164.0;6
170063;;;ASH_COATED_OSMIUM;XIRECS;10002.0;5
170313;;;ASH_COATED_OSMIUM;XIRECS;9997.0;5
170382;;;INTARIAN_PEPPER_ROOT;XIRECS;51178.0;3
172185;;;INTARIAN_PEPPER_ROOT;XIRECS;51164.0;6
172993;;;ASH_COATED_OSMIUM;XIRECS;9995.0;5
173586;;;ASH_COATED_OSMIUM;XIRECS;10010.0;5
173944;;;ASH_COATED_OSMIUM;XIRECS;9993.0;2
174663;;;ASH_COATED_OSMIUM;XIRECS;9986.0;10
175197;;;ASH_COATED_OSMIUM;XIRECS;10011.0;5
175793;;;ASH_COATED_OSMIUM;XIRECS;9998.0;4
175952;;;ASH_COATED_OSMIUM;XIRECS;9994.0;5
177212;;;INTARIAN_PEPPER_ROOT;XIRECS;51169.0;5
177675;;;INTARIAN_PEPPER_ROOT;XIRECS;51172.0;7
179259;;;ASH_COATED_OSMIUM;XIRECS;10006.0;5
179377;;;ASH_COATED_OSMIUM;XIRECS;10019.0;6
179602;;;ASH_COATED_OSMIUM;XIRECS;10001.0;6
181676;;;INTARIAN_PEPPER_ROOT;XIRECS;51190.0;4
182358;;;ASH_COATED_OSMIUM;XIRECS;9984.0;4
182962;;;ASH_COATED_OSMIUM;XIRECS;9984.0;3
184186;;;INTARIAN_PEPPER_ROOT;XIRECS;51192.0;3
184234;;;INTARIAN_PEPPER_ROOT;XIRECS;51188.0;3
184567;;;ASH_COATED_OSMIUM;XIRECS;10012.0;10
187170;;;INTARIAN_PEPPER_ROOT;XIRECS;51192.0;7
188352;;;INTARIAN_PEPPER_ROOT;XIRECS;51181.0;4
194949;;;ASH_COATED_OSMIUM;XIRECS;10009.0;6
195845;;;ASH_COATED_OSMIUM;XIRECS;9992.0;7
196165;;;INTARIAN_PEPPER_ROOT;XIRECS;51189.0;7
197692;;;ASH_COATED_OSMIUM;XIRECS;10016.0;4
199388;;;ASH_COATED_OSMIUM;XIRECS;10004.0;3
202709;;;INTARIAN_PEPPER_ROOT;XIRECS;51211.0;4
203203;;;INTARIAN_PEPPER_ROOT;XIRECS;51213.0;7
204216;;;ASH_COATED_OSMIUM;XIRECS;9989.0;4
206259;;;INTARIAN_PEPPER_ROOT;XIRECS;51200.0;3
206937;;;INTARIAN_PEPPER_ROOT;XIRECS;51213.0;7
207504;;;ASH_COATED_OSMIUM;XIRECS;10004.0;3
209867;;;ASH_COATED_OSMIUM;XIRECS;9998.0;9
210030;;;ASH_COATED_OSMIUM;XIRECS;10006.0;3
210314;;;ASH_COATED_OSMIUM;XIRECS;9985.0;4
213543;;;ASH_COATED_OSMIUM;XIRECS;9987.0;9
213803;;;INTARIAN_PEPPER_ROOT;XIRECS;51208.0;6
213900;;;ASH_COATED_OSMIUM;XIRECS;10007.0;5
217651;;;INTARIAN_PEPPER_ROOT;XIRECS;51208.0;4
218104;;;ASH_COATED_OSMIUM;XIRECS;10004.0;10
218953;;;INTARIAN_PEPPER_ROOT;XIRECS;51226.0;6
222960;;;ASH_COATED_OSMIUM;XIRECS;9975.0;7
224009;;;ASH_COATED_OSMIUM;XIRECS;9992.0;2
229406;;;ASH_COATED_OSMIUM;XIRECS;9993.0;3
230396;;;ASH_COATED_OSMIUM;XIRECS;9991.0;2
232067;;;INTARIAN_PEPPER_ROOT;XIRECS;51239.0;3
233058;;;ASH_COATED_OSMIUM;XIRECS;10016.0;3
233624;;;ASH_COATED_OSMIUM;XIRECS;9987.0;4
233788;;;ASH_COATED_OSMIUM;XIRECS;9999.0;4
234785;;;INTARIAN_PEPPER_ROOT;XIRECS;51237.0;4
237034;;;ASH_COATED_OSMIUM;XIRECS;9993.0;3
237746;;;ASH_COATED_OSMIUM;XIRECS;10016.0;8
238143;;;INTARIAN_PEPPER_ROOT;XIRECS;51232.0;3
238879;;;ASH_COATED_OSMIUM;XIRECS;10010.0;3
239194;;;ASH_COATED_OSMIUM;XIRECS;10003.0;2
239488;;;ASH_COATED_OSMIUM;XIRECS;10007.0;10
240515;;;ASH_COATED_OSMIUM;XIRECS;10019.0;5
242924;;;INTARIAN_PEPPER_ROOT;XIRECS;51236.0;7
243137;;;INTARIAN_PEPPER_ROOT;XIRECS;51251.0;5
246819;;;INTARIAN_PEPPER_ROOT;XIRECS;51240.0;5
247990;;;ASH_COATED_OSMIUM;XIRECS;9987.0;2
250259;;;ASH_COATED_OSMIUM;XIRECS;10010.0;3
254879;;;INTARIAN_PEPPER_ROOT;XIRECS;51260.0;6
255356;;;ASH_COATED_OSMIUM;XIRECS;10008.0;6
257536;;;INTARIAN_PEPPER_ROOT;XIRECS;51251.0;7
257968;;;ASH_COATED_OSMIUM;XIRECS;9982.0;6
258876;;;ASH_COATED_OSMIUM;XIRECS;9984.0;3
262296;;;INTARIAN_PEPPER_ROOT;XIRECS;51258.0;3
263148;;;INTARIAN_PEPPER_ROOT;XIRECS;51255.0;6
263658;;;ASH_COATED_OSMIUM;XIRECS;10013.0;6
265385;;;ASH_COATED_OSMIUM;XIRECS;10005.0;7
266373;;;INTARIAN_PEPPER_ROOT;XIRECS;51270.0;7
266523;;;INTARIAN_PEPPER_ROOT;XIRECS;51271.0;7
267431;;;INTARIAN_PEPPER_ROOT;XIRECS;51274.0;7
268367;;;ASH_COATED_OSMIUM;XIRECS;9994.0;5
269159;;;ASH_COATED_OSMIUM;XIRECS;10000.0;4
270159;;;ASH_COATED_OSMIUM;XIRECS;10007.0;8
272386;;;INTARIAN_PEPPER_ROOT;XIRECS;51272.0;6
281038;;;INTARIAN_PEPPER_ROOT;XIRECS;51271.0;7
282147;;;ASH_COATED_OSMIUM;XIRECS;10003.0;5
284626;;;INTARIAN_PEPPER_ROOT;XIRECS;51292.0;4
288755;;;INTARIAN_PEPPER_ROOT;XIRECS;51282.0;3
290554;;;ASH_COATED_OSMIUM;XIRECS;10009.0;3
293829;;;INTARIAN_PEPPER_ROOT;XIRECS;51289.0;3
294061;;;ASH_COATED_OSMIUM;XIRECS;9997.0;8
295091;;;ASH_COATED_OSMIUM;XIRECS;9997.0;5
295993;;;ASH_COATED_OSMIUM;XIRECS;9989.0;2
297418;;;ASH_COATED_OSMIUM;XIRECS;10000.0;6
298729;;;ASH_COATED_OSMIUM;XIRECS;9993.0;2
299778;;;INTARIAN_PEPPER_ROOT;XIRECS;51294.0;8
300307;;;INTARIAN_PEPPER_ROOT;XIRECS;51308.0;6
301663;;;INTARIAN_PEPPER_ROOT;XIRECS;51307.0;5
301744;;;ASH_COATED_OSMIUM;XIRECS;10013.0;4
302298;;;ASH_COATED_OSMIUM;XIRECS;10013.0;9
302849;;;ASH_COATED_OSMIUM;XIRECS;10013.0;5
302954;;;ASH_COATED_OSMIUM;XIRECS;9993.0;5
303601;;;INTARIAN_PEPPER_ROOT;XIRECS;51299.0;3
304813;;;ASH_COATED_OSMIUM;XIRECS;10012.0;9
305435;;;ASH_COATED_OSMIUM;XIRECS;10014.0;10
305871;;;ASH_COATED_OSMIUM;XIRECS;9999.0;8
306214;;;ASH_COATED_OSMIUM;XIRECS;10014.0;2
306661;;;ASH_COATED_OSMIUM;XIRECS;10007.0;2
309020;;;INTARIAN_PEPPER_ROOT;XIRECS;51317.0;7
310178;;;ASH_COATED_OSMIUM;XIRECS;10010.0;6
310543;;;INTARIAN_PEPPER_ROOT;XIRECS;51304.0;3
316027;;;INTARIAN_PEPPER_ROOT;XIRECS;51307.0;7
316913;;;ASH_COATED_OSMIUM;XIRECS;10012.0;10
318068;;;INTARIAN_PEPPER_ROOT;XIRECS;51306.0;3
319302;;;ASH_COATED_OSMIUM;XIRECS;9978.0;3
319309;;;INTARIAN_PEPPER_ROOT;XIRECS;51324.0;3
320549;;;ASH_COATED_OSMIUM;XIRECS;9995.0;8
321258;;;ASH_COATED_OSMIUM;XIRECS;10011.0;3
323350;;;ASH_COATED_OSMIUM;XIRECS;9990.0;2
331786;;;INTARIAN_PEPPER_ROOT;XIRECS;51323.0;6
332316;;;ASH_COATED_OSMIUM;XIRECS;10017.0;5
333220;;;INTARIAN_PEPPER_ROOT;XIRECS;51338.0;5
335781;;;INTARIAN_PEPPER_ROOT;XIRECS;51329.0;5
336166;;;INTARIAN_PEPPER_ROOT;XIRECS;51329.0;5
336455;;;INTARIAN_PEPPER_ROOT;XIRECS;51327.0;4
337278;;;INTARIAN_PEPPER_ROOT;XIRECS;51326.0;5
337801;;;ASH_COATED_OSMIUM;XIRECS;10003.0;6
338004;;;INTARIAN_PEPPER_ROOT;XIRECS;51345.0;5
338188;;;INTARIAN_PEPPER_ROOT;XIRECS;51343.0;4
339116;;;INTARIAN_PEPPER_ROOT;XIRECS;51328.0;7
339240;;;ASH_COATED_OSMIUM;XIRECS;10005.0;3
341319;;;ASH_COATED_OSMIUM;XIRECS;9998.0;6
342594;;;ASH_COATED_OSMIUM;XIRECS;9996.0;6
343332;;;ASH_COATED_OSMIUM;XIRECS;9992.0;5
344581;;;ASH_COATED_OSMIUM;XIRECS;9989.0;5
347012;;;ASH_COATED_OSMIUM;XIRECS;10003.0;4
348189;;;ASH_COATED_OSMIUM;XIRECS;10008.0;9
349084;;;INTARIAN_PEPPER_ROOT;XIRECS;51345.0;4
354361;;;INTARIAN_PEPPER_ROOT;XIRECS;51361.0;5
354453;;;ASH_COATED_OSMIUM;XIRECS;10013.0;3
354633;;;ASH_COATED_OSMIUM;XIRECS;9996.0;5
356040;;;ASH_COATED_OSMIUM;XIRECS;9995.0;8
356317;;;ASH_COATED_OSMIUM;XIRECS;9998.0;6
356457;;;ASH_COATED_OSMIUM;XIRECS;9997.0;5
357704;;;INTARIAN_PEPPER_ROOT;XIRECS;51364.0;7
358735;;;ASH_COATED_OSMIUM;XIRECS;9997.0;6
360720;;;ASH_COATED_OSMIUM;XIRECS;10013.0;5
362503;;;INTARIAN_PEPPER_ROOT;XIRECS;51356.0;7
362886;;;ASH_COATED_OSMIUM;XIRECS;9985.0;9
363340;;;INTARIAN_PEPPER_ROOT;XIRECS;51372.0;5
363418;;;ASH_COATED_OSMIUM;XIRECS;10005.0;2
365381;;;ASH_COATED_OSMIUM;XIRECS;10009.0;5
365652;;;ASH_COATED_OSMIUM;XIRECS;9997.0;4
366403;;;ASH_COATED_OSMIUM;XIRECS;9991.0;5
369127;;;ASH_COATED_OSMIUM;XIRECS;10011.0;10
369689;;;INTARIAN_PEPPER_ROOT;XIRECS;51364.0;6
369760;;;INTARIAN_PEPPER_ROOT;XIRECS;51379.0;6
369833;;;INTARIAN_PEPPER_ROOT;XIRECS;51359.0;5
374486;;;ASH_COATED_OSMIUM;XIRECS;10007.0;4
374945;;;INTARIAN_PEPPER_ROOT;XIRECS;51375.0;8
375840;;;ASH_COATED_OSMIUM;XIRECS;10005.0;10
376463;;;ASH_COATED_OSMIUM;XIRECS;9994.0;3
378127;;;ASH_COATED_OSMIUM;XIRECS;10003.0;3
384968;;;ASH_COATED_OSMIUM;XIRECS;10019.0;7
385781;;;ASH_COATED_OSMIUM;XIRECS;9988.0;5
386051;;;ASH_COATED_OSMIUM;XIRECS;9979.0;3
387158;;;ASH_COATED_OSMIUM;XIRECS;10002.0;9
390841;;;ASH_COATED_OSMIUM;XIRECS;9997.0;4
392851;;;INTARIAN_PEPPER_ROOT;XIRECS;51396.0;4
394275;;;ASH_COATED_OSMIUM;XIRECS;10009.0;9
396048;;;INTARIAN_PEPPER_ROOT;XIRECS;51401.0;8
396252;;;ASH_COATED_OSMIUM;XIRECS;10002.0;4
396622;;;ASH_COATED_OSMIUM;XIRECS;9987.0;9
398246;;;ASH_COATED_OSMIUM;XIRECS;10008.0;5
402690;;;ASH_COATED_OSMIUM;XIRECS;10001.0;6
405633;;;INTARIAN_PEPPER_ROOT;XIRECS;51398.0;7
406395;;;INTARIAN_PEPPER_ROOT;XIRECS;51413.0;8
407794;;;INTARIAN_PEPPER_ROOT;XIRECS;51403.0;6
410065;;;INTARIAN_PEPPER_ROOT;XIRECS;51418.0;5
411308;;;ASH_COATED_OSMIUM;XIRECS;10013.0;8
411482;;;ASH_COATED_OSMIUM;XIRECS;9992.0;3
414899;;;ASH_COATED_OSMIUM;XIRECS;9987.0;2
415075;;;INTARIAN_PEPPER_ROOT;XIRECS;51406.0;5
415902;;;INTARIAN_PEPPER_ROOT;XIRECS;51409.0;4
420228;;;INTARIAN_PEPPER_ROOT;XIRECS;51430.0;5
423653;;;INTARIAN_PEPPER_ROOT;XIRECS;51416.0;7
423871;;;ASH_COATED_OSMIUM;XIRECS;10006.0;5
425391;;;ASH_COATED_OSMIUM;XIRECS;10009.0;2
426070;;;INTARIAN_PEPPER_ROOT;XIRECS;51420.0;7
426466;;;ASH_COATED_OSMIUM;XIRECS;10013.0;4
426629;;;INTARIAN_PEPPER_ROOT;XIRECS;51429.0;4
429286;;;INTARIAN_PEPPER_ROOT;XIRECS;51438.0;7
430244;;;INTARIAN_PEPPER_ROOT;XIRECS;51422.0;6
430299;;;ASH_COATED_OSMIUM;XIRECS;9993.0;3
430814;;;INTARIAN_PEPPER_ROOT;XIRECS;51441.0;4
430845;;;ASH_COATED_OSMIUM;XIRECS;10013.0;10
430871;;;INTARIAN_PEPPER_ROOT;XIRECS;51441.0;7
431815;;;ASH_COATED_OSMIUM;XIRECS;10013.0;6
431845;;;INTARIAN_PEPPER_ROOT;XIRECS;51425.0;3
432166;;;INTARIAN_PEPPER_ROOT;XIRECS;51424.0;5
433856;;;ASH_COATED_OSMIUM;XIRECS;9995.0;6
434996;;;INTARIAN_PEPPER_ROOT;XIRECS;51443.0;3
435199;;;ASH_COATED_OSMIUM;XIRECS;10006.0;2
435872;;;INTARIAN_PEPPER_ROOT;XIRECS;51426.0;4
438093;;;ASH_COATED_OSMIUM;XIRECS;10009.0;7
439420;;;ASH_COATED_OSMIUM;XIRECS;10009.0;6
439437;;;ASH_COATED_OSMIUM;XIRECS;9991.0;5
440909;;;ASH_COATED_OSMIUM;XIRECS;9987.0;5
444152;;;INTARIAN_PEPPER_ROOT;XIRECS;51452.0;7
444216;;;ASH_COATED_OSMIUM;XIRECS;9994.0;6
444338;;;INTARIAN_PEPPER_ROOT;XIRECS;51438.0;7
449584;;;ASH_COATED_OSMIUM;XIRECS;9993.0;3
450652;;;INTARIAN_PEPPER_ROOT;XIRECS;51458.0;7
450895;;;INTARIAN_PEPPER_ROOT;XIRECS;51445.0;3
455475;;;ASH_COATED_OSMIUM;XIRECS;10003.0;4
460738;;;ASH_COATED_OSMIUM;XIRECS;9991.0;2
462802;;;INTARIAN_PEPPER_ROOT;XIRECS;51452.0;5
463176;;;ASH_COATED_OSMIUM;XIRECS;10000.0;5
463530;;;ASH_COATED_OSMIUM;XIRECS;10009.0;2
463782;;;ASH_COATED_OSMIUM;XIRECS;10011.0;2
464931;;;INTARIAN_PEPPER_ROOT;XIRECS;51472.0;6
466903;;;ASH_COATED_OSMIUM;XIRECS;9993.0;5
469919;;;INTARIAN_PEPPER_ROOT;XIRECS;51459.0;6
470872;;;INTARIAN_PEPPER_ROOT;XIRECS;51464.0;7
470886;;;ASH_COATED_OSMIUM;XIRECS;10016.0;4
473929;;;ASH_COATED_OSMIUM;XIRECS;10002.0;3
474528;;;ASH_COATED_OSMIUM;XIRECS;9982.0;5
474719;;;INTARIAN_PEPPER_ROOT;XIRECS;51471.0;4
476026;;;INTARIAN_PEPPER_ROOT;XIRECS;51469.0;5
478351;;;INTARIAN_PEPPER_ROOT;XIRECS;51472.0;4
478378;;;ASH_COATED_OSMIUM;XIRECS;10012.0;10
479250;;;INTARIAN_PEPPER_ROOT;XIRECS;51485.0;6
481325;;;ASH_COATED_OSMIUM;XIRECS;9988.0;5
482425;;;ASH_COATED_OSMIUM;XIRECS;9994.0;6
482478;;;ASH_COATED_OSMIUM;XIRECS;9994.0;6
482603;;;ASH_COATED_OSMIUM;XIRECS;10012.0;3
484191;;;ASH_COATED_OSMIUM;XIRECS;9991.0;2
486107;;;ASH_COATED_OSMIUM;XIRECS;10008.0;8
486530;;;ASH_COATED_OSMIUM;XIRECS;10004.0;5
487915;;;ASH_COATED_OSMIUM;XIRECS;10005.0;6
488317;;;ASH_COATED_OSMIUM;XIRECS;10011.0;6
488654;;;ASH_COATED_OSMIUM;XIRECS;10000.0;2
490025;;;INTARIAN_PEPPER_ROOT;XIRECS;51497.0;3
492732;;;INTARIAN_PEPPER_ROOT;XIRECS;51491.0;6
493629;;;INTARIAN_PEPPER_ROOT;XIRECS;51486.0;4
496085;;;INTARIAN_PEPPER_ROOT;XIRECS;51492.0;6
501409;;;INTARIAN_PEPPER_ROOT;XIRECS;51491.0;5
501922;;;INTARIAN_PEPPER_ROOT;XIRECS;51509.0;6
502254;;;INTARIAN_PEPPER_ROOT;XIRECS;51511.0;4
502394;;;INTARIAN_PEPPER_ROOT;XIRECS;51492.0;7
504894;;;ASH_COATED_OSMIUM;XIRECS;10005.0;6
505338;;;INTARIAN_PEPPER_ROOT;XIRECS;51516.0;6
506804;;;INTARIAN_PEPPER_ROOT;XIRECS;51498.0;5
510214;;;ASH_COATED_OSMIUM;XIRECS;9990.0;10
515139;;;INTARIAN_PEPPER_ROOT;XIRECS;51508.0;4
516488;;;ASH_COATED_OSMIUM;XIRECS;9993.0;4
519477;;;INTARIAN_PEPPER_ROOT;XIRECS;51510.0;4
520356;;;ASH_COATED_OSMIUM;XIRECS;10007.0;6
520615;;;ASH_COATED_OSMIUM;XIRECS;9987.0;10
524318;;;ASH_COATED_OSMIUM;XIRECS;10006.0;3
525654;;;ASH_COATED_OSMIUM;XIRECS;10006.0;3
526181;;;ASH_COATED_OSMIUM;XIRECS;9989.0;6
526377;;;INTARIAN_PEPPER_ROOT;XIRECS;51520.0;8
526667;;;ASH_COATED_OSMIUM;XIRECS;9997.0;3
528115;;;ASH_COATED_OSMIUM;XIRECS;10018.0;8
529537;;;INTARIAN_PEPPER_ROOT;XIRECS;51541.0;7
531734;;;ASH_COATED_OSMIUM;XIRECS;10002.0;5
533802;;;INTARIAN_PEPPER_ROOT;XIRECS;51542.0;3
533852;;;ASH_COATED_OSMIUM;XIRECS;10006.0;2
534013;;;INTARIAN_PEPPER_ROOT;XIRECS;51529.0;3
535878;;;ASH_COATED_OSMIUM;XIRECS;10006.0;6
537943;;;INTARIAN_PEPPER_ROOT;XIRECS;51547.0;5
540589;;;ASH_COATED_OSMIUM;XIRECS;9983.0;9
540672;;;ASH_COATED_OSMIUM;XIRECS;9980.0;6
542555;;;INTARIAN_PEPPER_ROOT;XIRECS;51535.0;5
544725;;;ASH_COATED_OSMIUM;XIRECS;10011.0;5
545805;;;INTARIAN_PEPPER_ROOT;XIRECS;51541.0;3
546364;;;INTARIAN_PEPPER_ROOT;XIRECS;51551.0;4
547865;;;INTARIAN_PEPPER_ROOT;XIRECS;51540.0;5
548481;;;ASH_COATED_OSMIUM;XIRECS;9993.0;3
549134;;;INTARIAN_PEPPER_ROOT;XIRECS;51557.0;4
549546;;;INTARIAN_PEPPER_ROOT;XIRECS;51544.0;6
551568;;;ASH_COATED_OSMIUM;XIRECS;9993.0;3
552684;;;ASH_COATED_OSMIUM;XIRECS;9991.0;4
552856;;;INTARIAN_PEPPER_ROOT;XIRECS;51559.0;7
552891;;;ASH_COATED_OSMIUM;XIRECS;9997.0;2
553106;;;ASH_COATED_OSMIUM;XIRECS;9998.0;2
553831;;;ASH_COATED_OSMIUM;XIRECS;9989.0;4
554205;;;INTARIAN_PEPPER_ROOT;XIRECS;51550.0;3
554691;;;INTARIAN_PEPPER_ROOT;XIRECS;51559.0;4
555294;;;INTARIAN_PEPPER_ROOT;XIRECS;51562.0;5
556019;;;ASH_COATED_OSMIUM;XIRECS;9986.0;2
556395;;;ASH_COATED_OSMIUM;XIRECS;9990.0;6
557464;;;ASH_COATED_OSMIUM;XIRECS;9982.0;5
558263;;;INTARIAN_PEPPER_ROOT;XIRECS;51549.0;4
558935;;;INTARIAN_PEPPER_ROOT;XIRECS;51552.0;6
559741;;;INTARIAN_PEPPER_ROOT;XIRECS;51554.0;7
560535;;;ASH_COATED_OSMIUM;XIRECS;10003.0;6
564001;;;INTARIAN_PEPPER_ROOT;XIRECS;51569.0;7
564746;;;ASH_COATED_OSMIUM;XIRECS;9986.0;6
566179;;;ASH_COATED_OSMIUM;XIRECS;10011.0;8
567365;;;INTARIAN_PEPPER_ROOT;XIRECS;51560.0;7
569398;;;INTARIAN_PEPPER_ROOT;XIRECS;51576.0;6
570849;;;ASH_COATED_OSMIUM;XIRECS;9999.0;9
572025;;;ASH_COATED_OSMIUM;XIRECS;10008.0;10
573866;;;INTARIAN_PEPPER_ROOT;XIRECS;51583.0;4
574504;;;INTARIAN_PEPPER_ROOT;XIRECS;51566.0;3
575218;;;INTARIAN_PEPPER_ROOT;XIRECS;51569.0;7
576326;;;INTARIAN_PEPPER_ROOT;XIRECS;51571.0;3
578269;;;ASH_COATED_OSMIUM;XIRECS;9987.0;10
578787;;;INTARIAN_PEPPER_ROOT;XIRECS;51572.0;6
578915;;;ASH_COATED_OSMIUM;XIRECS;10013.0;6
579058;;;ASH_COATED_OSMIUM;XIRECS;10013.0;9
579490;;;INTARIAN_PEPPER_ROOT;XIRECS;51573.0;6
580892;;;INTARIAN_PEPPER_ROOT;XIRECS;51574.0;7
583177;;;ASH_COATED_OSMIUM;XIRECS;10008.0;8
583991;;;INTARIAN_PEPPER_ROOT;XIRECS;51576.0;8
587950;;;ASH_COATED_OSMIUM;XIRECS;9999.0;6
589230;;;ASH_COATED_OSMIUM;XIRECS;9990.0;5
591100;;;INTARIAN_PEPPER_ROOT;XIRECS;51599.0;7
591822;;;INTARIAN_PEPPER_ROOT;XIRECS;51583.0;6
593926;;;INTARIAN_PEPPER_ROOT;XIRECS;51586.0;6
597001;;;ASH_COATED_OSMIUM;XIRECS;9990.0;10
597230;;;INTARIAN_PEPPER_ROOT;XIRECS;51589.0;3
597597;;;INTARIAN_PEPPER_ROOT;XIRECS;51592.0;3
598304;;;ASH_COATED_OSMIUM;XIRECS;10007.0;4
598929;;;INTARIAN_PEPPER_ROOT;XIRECS;51594.0;7
599176;;;ASH_COATED_OSMIUM;XIRECS;9987.0;2
602199;;;INTARIAN_PEPPER_ROOT;XIRECS;51594.0;6
604277;;;ASH_COATED_OSMIUM;XIRECS;10000.0;2
605302;;;ASH_COATED_OSMIUM;XIRECS;9991.0;4
605839;;;ASH_COATED_OSMIUM;XIRECS;9998.0;9
607360;;;ASH_COATED_OSMIUM;XIRECS;9995.0;5
607666;;;ASH_COATED_OSMIUM;XIRECS;10007.0;5
608855;;;ASH_COATED_OSMIUM;XIRECS;10002.0;3
610716;;;INTARIAN_PEPPER_ROOT;XIRECS;51605.0;8
611219;;;ASH_COATED_OSMIUM;XIRECS;10009.0;5
612744;;;ASH_COATED_OSMIUM;XIRECS;10009.0;5
613099;;;ASH_COATED_OSMIUM;XIRECS;9992.0;7
613388;;;ASH_COATED_OSMIUM;XIRECS;9993.0;6
613880;;;INTARIAN_PEPPER_ROOT;XIRECS;51606.0;4
614227;;;ASH_COATED_OSMIUM;XIRECS;10003.0;5
615692;;;ASH_COATED_OSMIUM;XIRECS;10006.0;5
615972;;;ASH_COATED_OSMIUM;XIRECS;10007.0;3
616619;;;ASH_COATED_OSMIUM;XIRECS;9991.0;6
616726;;;ASH_COATED_OSMIUM;XIRECS;9986.0;4
616962;;;ASH_COATED_OSMIUM;XIRECS;9985.0;3
618294;;;ASH_COATED_OSMIUM;XIRECS;9989.0;6
620009;;;INTARIAN_PEPPER_ROOT;XIRECS;51626.0;3
620106;;;INTARIAN_PEPPER_ROOT;XIRECS;51615.0;3
621684;;;ASH_COATED_OSMIUM;XIRECS;9993.0;5
625528;;;INTARIAN_PEPPER_ROOT;XIRECS;51631.0;4
625818;;;ASH_COATED_OSMIUM;XIRECS;10005.0;4
626411;;;INTARIAN_PEPPER_ROOT;XIRECS;51637.0;3
626513;;;ASH_COATED_OSMIUM;XIRECS;10002.0;6
627087;;;INTARIAN_PEPPER_ROOT;XIRECS;51631.0;5
627528;;;INTARIAN_PEPPER_ROOT;XIRECS;51639.0;7
629768;;;INTARIAN_PEPPER_ROOT;XIRECS;51624.0;6
633401;;;ASH_COATED_OSMIUM;XIRECS;10009.0;9
633467;;;ASH_COATED_OSMIUM;XIRECS;9993.0;7
633607;;;ASH_COATED_OSMIUM;XIRECS;9987.0;5
634244;;;ASH_COATED_OSMIUM;XIRECS;9988.0;7
634281;;;INTARIAN_PEPPER_ROOT;XIRECS;51626.0;7
634414;;;ASH_COATED_OSMIUM;XIRECS;10003.0;5
637394;;;INTARIAN_PEPPER_ROOT;XIRECS;51645.0;3
639057;;;INTARIAN_PEPPER_ROOT;XIRECS;51647.0;6
639356;;;INTARIAN_PEPPER_ROOT;XIRECS;51642.0;4
640899;;;ASH_COATED_OSMIUM;XIRECS;9994.0;7
643204;;;INTARIAN_PEPPER_ROOT;XIRECS;51634.0;7
643798;;;ASH_COATED_OSMIUM;XIRECS;10002.0;5
644062;;;ASH_COATED_OSMIUM;XIRECS;9987.0;2
644524;;;INTARIAN_PEPPER_ROOT;XIRECS;51656.0;4
644577;;;INTARIAN_PEPPER_ROOT;XIRECS;51643.0;7
644617;;;ASH_COATED_OSMIUM;XIRECS;9999.0;6
645408;;;ASH_COATED_OSMIUM;XIRECS;9981.0;6
646005;;;INTARIAN_PEPPER_ROOT;XIRECS;51651.0;7
648887;;;ASH_COATED_OSMIUM;XIRECS;9992.0;3
649306;;;INTARIAN_PEPPER_ROOT;XIRECS;51649.0;5
649869;;;ASH_COATED_OSMIUM;XIRECS;9996.0;4
650701;;;INTARIAN_PEPPER_ROOT;XIRECS;51662.0;3
651245;;;ASH_COATED_OSMIUM;XIRECS;9991.0;5
651761;;;ASH_COATED_OSMIUM;XIRECS;10005.0;8
653670;;;ASH_COATED_OSMIUM;XIRECS;9991.0;8
654112;;;INTARIAN_PEPPER_ROOT;XIRECS;51665.0;7
654394;;;ASH_COATED_OSMIUM;XIRECS;9985.0;8
654616;;;ASH_COATED_OSMIUM;XIRECS;10000.0;4
658735;;;INTARIAN_PEPPER_ROOT;XIRECS;51666.0;3
659873;;;ASH_COATED_OSMIUM;XIRECS;9997.0;5
660424;;;ASH_COATED_OSMIUM;XIRECS;9992.0;5
661800;;;ASH_COATED_OSMIUM;XIRECS;9986.0;6
662406;;;INTARIAN_PEPPER_ROOT;XIRECS;51666.0;4
668132;;;ASH_COATED_OSMIUM;XIRECS;10000.0;5
669384;;;INTARIAN_PEPPER_ROOT;XIRECS;51661.0;4
672259;;;INTARIAN_PEPPER_ROOT;XIRECS;51665.0;5
674269;;;ASH_COATED_OSMIUM;XIRECS;9989.0;10
676117;;;ASH_COATED_OSMIUM;XIRECS;10012.0;2
679387;;;ASH_COATED_OSMIUM;XIRECS;10005.0;2
680386;;;INTARIAN_PEPPER_ROOT;XIRECS;51687.0;6
680690;;;INTARIAN_PEPPER_ROOT;XIRECS;51693.0;6
680737;;;INTARIAN_PEPPER_ROOT;XIRECS;51673.0;7
681567;;;INTARIAN_PEPPER_ROOT;XIRECS;51679.0;8
682936;;;ASH_COATED_OSMIUM;XIRECS;9984.0;2
683217;;;INTARIAN_PEPPER_ROOT;XIRECS;51675.0;4
684068;;;ASH_COATED_OSMIUM;XIRECS;9992.0;3
684845;;;INTARIAN_PEPPER_ROOT;XIRECS;51681.0;7
691254;;;INTARIAN_PEPPER_ROOT;XIRECS;51698.0;7
692672;;;ASH_COATED_OSMIUM;XIRECS;10019.0;2
695410;;;INTARIAN_PEPPER_ROOT;XIRECS;51687.0;6
696020;;;ASH_COATED_OSMIUM;XIRECS;9987.0;5
696704;;;INTARIAN_PEPPER_ROOT;XIRECS;51703.0;7
697254;;;INTARIAN_PEPPER_ROOT;XIRECS;51702.0;3
697898;;;INTARIAN_PEPPER_ROOT;XIRECS;51688.0;6
700377;;;ASH_COATED_OSMIUM;XIRECS;9993.0;5
700963;;;INTARIAN_PEPPER_ROOT;XIRECS;51707.0;3
701694;;;ASH_COATED_OSMIUM;XIRECS;9990.0;3
701698;;;ASH_COATED_OSMIUM;XIRECS;10006.0;3
702545;;;INTARIAN_PEPPER_ROOT;XIRECS;51711.0;7
704675;;;ASH_COATED_OSMIUM;XIRECS;9991.0;6
705366;;;INTARIAN_PEPPER_ROOT;XIRECS;51697.0;7
705570;;;ASH_COATED_OSMIUM;XIRECS;10012.0;7
706009;;;INTARIAN_PEPPER_ROOT;XIRECS;51699.0;4
706299;;;INTARIAN_PEPPER_ROOT;XIRECS;51710.0;7
706372;;;ASH_COATED_OSMIUM;XIRECS;10000.0;4
707131;;;INTARIAN_PEPPER_ROOT;XIRECS;51697.0;3
708149;;;INTARIAN_PEPPER_ROOT;XIRECS;51715.0;4
708417;;;ASH_COATED_OSMIUM;XIRECS;10008.0;8
709235;;;ASH_COATED_OSMIUM;XIRECS;9997.0;8
710470;;;ASH_COATED_OSMIUM;XIRECS;10007.0;2
713229;;;INTARIAN_PEPPER_ROOT;XIRECS;51704.0;3
713239;;;INTARIAN_PEPPER_ROOT;XIRECS;51704.0;4
713832;;;INTARIAN_PEPPER_ROOT;XIRECS;51719.0;7
713912;;;ASH_COATED_OSMIUM;XIRECS;10009.0;7
714508;;;INTARIAN_PEPPER_ROOT;XIRECS;51722.0;6
716829;;;ASH_COATED_OSMIUM;XIRECS;10023.0;4
719880;;;INTARIAN_PEPPER_ROOT;XIRECS;51713.0;5
720925;;;ASH_COATED_OSMIUM;XIRECS;9996.0;5
721681;;;INTARIAN_PEPPER_ROOT;XIRECS;51716.0;6
723355;;;ASH_COATED_OSMIUM;XIRECS;9995.0;4
725916;;;ASH_COATED_OSMIUM;XIRECS;10013.0;6
725964;;;INTARIAN_PEPPER_ROOT;XIRECS;51732.0;8
730615;;;INTARIAN_PEPPER_ROOT;XIRECS;51741.0;7
731322;;;ASH_COATED_OSMIUM;XIRECS;10010.0;5
731450;;;INTARIAN_PEPPER_ROOT;XIRECS;51740.0;3
731562;;;ASH_COATED_OSMIUM;XIRECS;9998.0;10
731759;;;INTARIAN_PEPPER_ROOT;XIRECS;51740.0;3
732901;;;INTARIAN_PEPPER_ROOT;XIRECS;51731.0;4
734570;;;ASH_COATED_OSMIUM;XIRECS;9997.0;3
737352;;;INTARIAN_PEPPER_ROOT;XIRECS;51746.0;3
737646;;;ASH_COATED_OSMIUM;XIRECS;10010.0;4
737881;;;ASH_COATED_OSMIUM;XIRECS;9993.0;10
738842;;;ASH_COATED_OSMIUM;XIRECS;9995.0;6
740253;;;ASH_COATED_OSMIUM;XIRECS;10010.0;10
741278;;;ASH_COATED_OSMIUM;XIRECS;10012.0;9
743458;;;ASH_COATED_OSMIUM;XIRECS;9994.0;6
744963;;;ASH_COATED_OSMIUM;XIRECS;10011.0;2
745836;;;ASH_COATED_OSMIUM;XIRECS;10009.0;2
745949;;;ASH_COATED_OSMIUM;XIRECS;10017.0;8
747360;;;ASH_COATED_OSMIUM;XIRECS;10011.0;4
749286;;;ASH_COATED_OSMIUM;XIRECS;10008.0;6
753449;;;INTARIAN_PEPPER_ROOT;XIRECS;51762.0;4
753718;;;ASH_COATED_OSMIUM;XIRECS;9990.0;5
753905;;;ASH_COATED_OSMIUM;XIRECS;9990.0;5
756439;;;INTARIAN_PEPPER_ROOT;XIRECS;51749.0;5
759103;;;INTARIAN_PEPPER_ROOT;XIRECS;51754.0;3
759939;;;INTARIAN_PEPPER_ROOT;XIRECS;51765.0;3
764682;;;ASH_COATED_OSMIUM;XIRECS;9993.0;6
764776;;;ASH_COATED_OSMIUM;XIRECS;10010.0;5
765491;;;INTARIAN_PEPPER_ROOT;XIRECS;51776.0;6
768009;;;INTARIAN_PEPPER_ROOT;XIRECS;51776.0;7
771645;;;ASH_COATED_OSMIUM;XIRECS;9989.0;6
771900;;;ASH_COATED_OSMIUM;XIRECS;10003.0;3
771950;;;ASH_COATED_OSMIUM;XIRECS;10003.0;3
775002;;;INTARIAN_PEPPER_ROOT;XIRECS;51770.0;6
775178;;;INTARIAN_PEPPER_ROOT;XIRECS;51767.0;5
776087;;;ASH_COATED_OSMIUM;XIRECS;9994.0;2
776303;;;INTARIAN_PEPPER_ROOT;XIRECS;51781.0;5
776467;;;ASH_COATED_OSMIUM;XIRECS;9992.0;2
776982;;;ASH_COATED_OSMIUM;XIRECS;9998.0;2
777013;;;ASH_COATED_OSMIUM;XIRECS;9997.0;5
777101;;;INTARIAN_PEPPER_ROOT;XIRECS;51783.0;4
779510;;;ASH_COATED_OSMIUM;XIRECS;9991.0;5
780552;;;INTARIAN_PEPPER_ROOT;XIRECS;51771.0;4
781166;;;ASH_COATED_OSMIUM;XIRECS;9989.0;6
781599;;;INTARIAN_PEPPER_ROOT;XIRECS;51773.0;4
782453;;;ASH_COATED_OSMIUM;XIRECS;9993.0;2
782463;;;ASH_COATED_OSMIUM;XIRECS;9993.0;2
786582;;;INTARIAN_PEPPER_ROOT;XIRECS;51782.0;6
788214;;;ASH_COATED_OSMIUM;XIRECS;9995.0;7
790888;;;ASH_COATED_OSMIUM;XIRECS;10006.0;10
792405;;;ASH_COATED_OSMIUM;XIRECS;9991.0;7
793035;;;INTARIAN_PEPPER_ROOT;XIRECS;51801.0;6
796633;;;ASH_COATED_OSMIUM;XIRECS;10003.0;3
797823;;;INTARIAN_PEPPER_ROOT;XIRECS;51804.0;5
799881;;;ASH_COATED_OSMIUM;XIRECS;10001.0;8
801665;;;INTARIAN_PEPPER_ROOT;XIRECS;51811.0;4
801815;;;ASH_COATED_OSMIUM;XIRECS;10003.0;9
805564;;;ASH_COATED_OSMIUM;XIRECS;9992.0;7
806038;;;ASH_COATED_OSMIUM;XIRECS;9995.0;6
807600;;;ASH_COATED_OSMIUM;XIRECS;10002.0;6
807690;;;ASH_COATED_OSMIUM;XIRECS;10021.0;2
808177;;;ASH_COATED_OSMIUM;XIRECS;10003.0;7
813289;;;INTARIAN_PEPPER_ROOT;XIRECS;51822.0;5
813365;;;INTARIAN_PEPPER_ROOT;XIRECS;51821.0;7
816908;;;ASH_COATED_OSMIUM;XIRECS;10011.0;5
820017;;;INTARIAN_PEPPER_ROOT;XIRECS;51812.0;6
820507;;;ASH_COATED_OSMIUM;XIRECS;10011.0;8
821445;;;INTARIAN_PEPPER_ROOT;XIRECS;51827.0;3
822159;;;INTARIAN_PEPPER_ROOT;XIRECS;51814.0;5
823537;;;INTARIAN_PEPPER_ROOT;XIRECS;51833.0;4
824126;;;ASH_COATED_OSMIUM;XIRECS;10001.0;2
824247;;;INTARIAN_PEPPER_ROOT;XIRECS;51819.0;7
826141;;;INTARIAN_PEPPER_ROOT;XIRECS;51829.0;5
829243;;;ASH_COATED_OSMIUM;XIRECS;10003.0;3
829679;;;INTARIAN_PEPPER_ROOT;XIRECS;51838.0;7
831991;;;ASH_COATED_OSMIUM;XIRECS;10015.0;3
834442;;;ASH_COATED_OSMIUM;XIRECS;9995.0;9
835902;;;ASH_COATED_OSMIUM;XIRECS;10010.0;10
836338;;;ASH_COATED_OSMIUM;XIRECS;9999.0;9
836709;;;ASH_COATED_OSMIUM;XIRECS;9994.0;7
837945;;;ASH_COATED_OSMIUM;XIRECS;10014.0;5
838695;;;INTARIAN_PEPPER_ROOT;XIRECS;51842.0;6
838837;;;INTARIAN_PEPPER_ROOT;XIRECS;51832.0;3
839117;;;INTARIAN_PEPPER_ROOT;XIRECS;51845.0;7
840734;;;ASH_COATED_OSMIUM;XIRECS;10002.0;4
841550;;;ASH_COATED_OSMIUM;XIRECS;10004.0;3
841584;;;INTARIAN_PEPPER_ROOT;XIRECS;51835.0;4
844071;;;INTARIAN_PEPPER_ROOT;XIRECS;51856.0;7
844158;;;ASH_COATED_OSMIUM;XIRECS;9998.0;4
844511;;;INTARIAN_PEPPER_ROOT;XIRECS;51849.0;5
844921;;;INTARIAN_PEPPER_ROOT;XIRECS;51838.0;6
845846;;;ASH_COATED_OSMIUM;XIRECS;9997.0;7
846825;;;INTARIAN_PEPPER_ROOT;XIRECS;51852.0;8
847491;;;ASH_COATED_OSMIUM;XIRECS;9984.0;4
847699;;;INTARIAN_PEPPER_ROOT;XIRECS;51853.0;7
847933;;;ASH_COATED_OSMIUM;XIRECS;9993.0;5
848125;;;ASH_COATED_OSMIUM;XIRECS;10014.0;7
851384;;;INTARIAN_PEPPER_ROOT;XIRECS;51846.0;7
854363;;;INTARIAN_PEPPER_ROOT;XIRECS;51859.0;8
854504;;;ASH_COATED_OSMIUM;XIRECS;9990.0;4
855175;;;INTARIAN_PEPPER_ROOT;XIRECS;51861.0;4
857179;;;INTARIAN_PEPPER_ROOT;XIRECS;51853.0;6
857921;;;ASH_COATED_OSMIUM;XIRECS;10000.0;2
858816;;;ASH_COATED_OSMIUM;XIRECS;10009.0;2
859777;;;INTARIAN_PEPPER_ROOT;XIRECS;51865.0;4
860761;;;ASH_COATED_OSMIUM;XIRECS;9998.0;6
860800;;;ASH_COATED_OSMIUM;XIRECS;9998.0;3
861292;;;ASH_COATED_OSMIUM;XIRECS;9995.0;6
862963;;;ASH_COATED_OSMIUM;XIRECS;9998.0;3
864790;;;INTARIAN_PEPPER_ROOT;XIRECS;51858.0;7
864986;;;ASH_COATED_OSMIUM;XIRECS;10008.0;9
865490;;;ASH_COATED_OSMIUM;XIRECS;9981.0;6
866263;;;ASH_COATED_OSMIUM;XIRECS;10015.0;3
867532;;;ASH_COATED_OSMIUM;XIRECS;10001.0;4
867793;;;INTARIAN_PEPPER_ROOT;XIRECS;51876.0;6
868413;;;ASH_COATED_OSMIUM;XIRECS;10005.0;2
869624;;;ASH_COATED_OSMIUM;XIRECS;9988.0;3
873837;;;ASH_COATED_OSMIUM;XIRECS;9984.0;7
875232;;;INTARIAN_PEPPER_ROOT;XIRECS;51880.0;4
877070;;;ASH_COATED_OSMIUM;XIRECS;10003.0;6
877991;;;ASH_COATED_OSMIUM;XIRECS;9987.0;4
884641;;;ASH_COATED_OSMIUM;XIRECS;10000.0;2
884710;;;INTARIAN_PEPPER_ROOT;XIRECS;51880.0;7
885769;;;ASH_COATED_OSMIUM;XIRECS;10002.0;6
886951;;;ASH_COATED_OSMIUM;XIRECS;9996.0;7
887120;;;ASH_COATED_OSMIUM;XIRECS;10006.0;10
887124;;;ASH_COATED_OSMIUM;XIRECS;10006.0;3
887775;;;ASH_COATED_OSMIUM;XIRECS;9998.0;5
890580;;;ASH_COATED_OSMIUM;XIRECS;9987.0;4
890734;;;ASH_COATED_OSMIUM;XIRECS;9996.0;6
891544;;;INTARIAN_PEPPER_ROOT;XIRECS;51895.0;7
891912;;;INTARIAN_PEPPER_ROOT;XIRECS;51898.0;5
892172;;;ASH_COATED_OSMIUM;XIRECS;10002.0;6
892269;;;ASH_COATED_OSMIUM;XIRECS;9999.0;5
892360;;;INTARIAN_PEPPER_ROOT;XIRECS;51884.0;6
893507;;;ASH_COATED_OSMIUM;XIRECS;10010.0;6
894901;;;INTARIAN_PEPPER_ROOT;XIRECS;51904.0;4
895148;;;ASH_COATED_OSMIUM;XIRECS;10007.0;7
895371;;;INTARIAN_PEPPER_ROOT;XIRECS;51886.0;3
896119;;;INTARIAN_PEPPER_ROOT;XIRECS;51905.0;5
897002;;;ASH_COATED_OSMIUM;XIRECS;10004.0;10
897735;;;ASH_COATED_OSMIUM;XIRECS;10004.0;3
898112;;;INTARIAN_PEPPER_ROOT;XIRECS;51904.0;7
898486;;;ASH_COATED_OSMIUM;XIRECS;10008.0;3
898734;;;ASH_COATED_OSMIUM;XIRECS;9991.0;6
899775;;;ASH_COATED_OSMIUM;XIRECS;9992.0;8
900223;;;ASH_COATED_OSMIUM;XIRECS;9994.0;5
902731;;;ASH_COATED_OSMIUM;XIRECS;9997.0;4
902807;;;ASH_COATED_OSMIUM;XIRECS;9993.0;8
902825;;;ASH_COATED_OSMIUM;XIRECS;10009.0;6
904232;;;ASH_COATED_OSMIUM;XIRECS;9987.0;5
904882;;;ASH_COATED_OSMIUM;XIRECS;10014.0;2
905037;;;ASH_COATED_OSMIUM;XIRECS;10015.0;4
905538;;;ASH_COATED_OSMIUM;XIRECS;10000.0;7
906097;;;ASH_COATED_OSMIUM;XIRECS;10011.0;6
910731;;;ASH_COATED_OSMIUM;XIRECS;9995.0;5
913381;;;ASH_COATED_OSMIUM;XIRECS;10004.0;7
922121;;;ASH_COATED_OSMIUM;XIRECS;9996.0;3
922605;;;INTARIAN_PEPPER_ROOT;XIRECS;51924.0;4
923146;;;ASH_COATED_OSMIUM;XIRECS;9994.0;4
924860;;;ASH_COATED_OSMIUM;XIRECS;9990.0;6
926846;;;ASH_COATED_OSMIUM;XIRECS;9989.0;6
927148;;;INTARIAN_PEPPER_ROOT;XIRECS;51936.0;3
928165;;;INTARIAN_PEPPER_ROOT;XIRECS;51921.0;3
929643;;;ASH_COATED_OSMIUM;XIRECS;9997.0;9
930451;;;ASH_COATED_OSMIUM;XIRECS;10012.0;2
931655;;;INTARIAN_PEPPER_ROOT;XIRECS;51923.0;6
932040;;;ASH_COATED_OSMIUM;XIRECS;9995.0;10
933946;;;ASH_COATED_OSMIUM;XIRECS;10016.0;2
935055;;;ASH_COATED_OSMIUM;XIRECS;10007.0;8
936544;;;ASH_COATED_OSMIUM;XIRECS;9995.0;6
939327;;;INTARIAN_PEPPER_ROOT;XIRECS;51944.0;6
940784;;;ASH_COATED_OSMIUM;XIRECS;10007.0;3
942121;;;ASH_COATED_OSMIUM;XIRECS;9996.0;5
942499;;;INTARIAN_PEPPER_ROOT;XIRECS;51949.0;4
943411;;;INTARIAN_PEPPER_ROOT;XIRECS;51953.0;6
944563;;;INTARIAN_PEPPER_ROOT;XIRECS;51937.0;6
946226;;;ASH_COATED_OSMIUM;XIRECS;9998.0;6
947832;;;INTARIAN_PEPPER_ROOT;XIRECS;51955.0;7
951421;;;ASH_COATED_OSMIUM;XIRECS;10006.0;3
951804;;;INTARIAN_PEPPER_ROOT;XIRECS;51961.0;4
952978;;;INTARIAN_PEPPER_ROOT;XIRECS;51949.0;7
957957;;;ASH_COATED_OSMIUM;XIRECS;10001.0;7
959131;;;ASH_COATED_OSMIUM;XIRECS;9993.0;6
959131;;;INTARIAN_PEPPER_ROOT;XIRECS;51956.0;7
962196;;;ASH_COATED_OSMIUM;XIRECS;10007.0;2
962314;;;INTARIAN_PEPPER_ROOT;XIRECS;51969.0;3
965406;;;INTARIAN_PEPPER_ROOT;XIRECS;51959.0;7
968059;;;INTARIAN_PEPPER_ROOT;XIRECS;51957.0;7
968250;;;ASH_COATED_OSMIUM;XIRECS;9996.0;5
973054;;;INTARIAN_PEPPER_ROOT;XIRECS;51978.0;4
973067;;;ASH_COATED_OSMIUM;XIRECS;10004.0;2
973508;;;INTARIAN_PEPPER_ROOT;XIRECS;51968.0;5
974455;;;ASH_COATED_OSMIUM;XIRECS;10004.0;10
976256;;;INTARIAN_PEPPER_ROOT;XIRECS;51981.0;7
977090;;;INTARIAN_PEPPER_ROOT;XIRECS;51983.0;5
977109;;;INTARIAN_PEPPER_ROOT;XIRECS;51980.0;6
978596;;;ASH_COATED_OSMIUM;XIRECS;9996.0;7
979100;;;INTARIAN_PEPPER_ROOT;XIRECS;51983.0;7
980286;;;ASH_COATED_OSMIUM;XIRECS;9995.0;2
980886;;;ASH_COATED_OSMIUM;XIRECS;10014.0;6
985052;;;INTARIAN_PEPPER_ROOT;XIRECS;51991.0;4
986314;;;ASH_COATED_OSMIUM;XIRECS;10009.0;4
986479;;;ASH_COATED_OSMIUM;XIRECS;9992.0;7
987901;;;INTARIAN_PEPPER_ROOT;XIRECS;51993.0;3
988527;;;INTARIAN_PEPPER_ROOT;XIRECS;51981.0;8
993761;;;ASH_COATED_OSMIUM;XIRECS;10012.0;2
994104;;;ASH_COATED_OSMIUM;XIRECS;10012.0;9
994934;;;ASH_COATED_OSMIUM;XIRECS;10012.0;3
995082;;;ASH_COATED_OSMIUM;XIRECS;9995.0;5
998476;;;ASH_COATED_OSMIUM;XIRECS;9995.0;9
998541;;;INTARIAN_PEPPER_ROOT;XIRECS;51992.0;6
998859;;;INTARIAN_PEPPER_ROOT;XIRECS;51991.0;7