timestamp;buyer;seller;symbol;currency;price;quantity
1485;;;INTARIAN_PEPPER_ROOT;XIRECS;18993.0;5
1729;;;ASH_COATED_OSMIUM;XIRECS;10004.0;6
2676;;;ASH_COATED_OSMIUM;XIRECS;10011.0;2
3014;;;INTARIAN_PEPPER_ROOT;XIRECS;18997.0;3
3953;;;ASH_COATED_OSMIUM;XIRECS;10007.0;6
6521;;;ASH_COATED_OSMIUM;XIRECS;9989.0;6
7282;;;ASH_COATED_OSMIUM;XIRECS;10006.0;8
8300;;;ASH_COATED_OSMIUM;XIRECS;9994.0;2
10535;;;ASH_COATED_OSMIUM;XIRECS;10004.0;7
10989;;;ASH_COATED_OSMIUM;XIRECS;9999.0;5
11463;;;ASH_COATED_OSMIUM;XIRECS;10004.0;6
12300;;;INTARIAN_PEPPER_ROOT;XIRECS;19005.0;6
13242;;;ASH_COATED_OSMIUM;XIRECS;10005.0;2
16984;;;INTARIAN_PEPPER_ROOT;XIRECS;19023.0;5
17841;;;INTARIAN_PEPPER_ROOT;XIRECS;19026.0;4
19163;;;INTARIAN_PEPPER_ROOT;XIRECS;19015.0;5
21515;;;ASH_COATED_OSMIUM;XIRECS;10008.0;6
23722;;;ASH_COATED_OSMIUM;XIRECS;9996.0;6
24145;;;INTARIAN_PEPPER_ROOT;XIRECS;19031.0;6
27534;;;INTARIAN_PEPPER_ROOT;XIRECS;19019.0;7
28412;;;INTARIAN_PEPPER_ROOT;XIRECS;19021.0;6
29853;;;INTARIAN_PEPPER_ROOT;XIRECS;19022.0;5
32476;;;ASH_COATED_OSMIUM;XIRECS;9996.0;3
32507;;;INTARIAN_PEPPER_ROOT;XIRECS;19028.0;5
35110;;;ASH_COATED_OSMIUM;XIRECS;9996.0;9
35400;;;ASH_COATED_OSMIUM;XIRECS;9998.0;6
38191;;;ASH_COATED_OSMIUM;XIRECS;10001.0;2
39771;;;INTARIAN_PEPPER_ROOT;XIRECS;19028.0;6
45643;;;INTARIAN_PEPPER_ROOT;XIRECS;19039.0;5
48294;;;INTARIAN_PEPPER_ROOT;XIRECS;19054.0;3
49394;;;ASH_COATED_OSMIUM;XIRECS;10005.0;7
50657;;;ASH_COATED_OSMIUM;XIRECS;10004.0;3
51930;;;INTARIAN_PEPPER_ROOT;XIRECS;19053.0;3
52380;;;ASH_COATED_OSMIUM;XIRECS;9986.0;2
53180;;;ASH_COATED_OSMIUM;XIRECS;10002.0;6
55168;;;ASH_COATED_OSMIUM;XIRECS;9999.0;10
58007;;;INTARIAN_PEPPER_ROOT;XIRECS;19065.0;5
58175;;;INTARIAN_PEPPER_ROOT;XIRECS;19049.0;6
58653;;;ASH_COATED_OSMIUM;XIRECS;9991.0;2
58897;;;ASH_COATED_OSMIUM;XIRECS;9988.0;5
60395;;;ASH_COATED_OSMIUM;XIRECS;10010.0;2
62098;;;ASH_COATED_OSMIUM;XIRECS;10009.0;3
62711;;;INTARIAN_PEPPER_ROOT;XIRECS;19057.0;4
64366;;;INTARIAN_PEPPER_ROOT;XIRECS;19057.0;4
65585;;;ASH_COATED_OSMIUM;XIRECS;10007.0;4
67332;;;INTARIAN_PEPPER_ROOT;XIRECS;19076.0;3
67984;;;ASH_COATED_OSMIUM;XIRECS;9989.0;4
68007;;;ASH_COATED_OSMIUM;XIRECS;9990.0;4
69259;;;ASH_COATED_OSMIUM;XIRECS;10008.0;5
69281;;;INTARIAN_PEPPER_ROOT;XIRECS;19077.0;3
70647;;;ASH_COATED_OSMIUM;XIRECS;9996.0;9
71367;;;ASH_COATED_OSMIUM;XIRECS;10008.0;5
74408;;;INTARIAN_PEPPER_ROOT;XIRECS;19070.0;7
79297;;;ASH_COATED_OSMIUM;XIRECS;10018.0;6
79734;;;INTARIAN_PEPPER_ROOT;XIRECS;19088.0;3
79745;;;ASH_COATED_OSMIUM;XIRECS;10014.0;3
84064;;;ASH_COATED_OSMIUM;XIRECS;10022.0;3
84736;;;ASH_COATED_OSMIUM;XIRECS;9999.0;6
86262;;;ASH_COATED_OSMIUM;XIRECS;10023.0;5
87879;;;INTARIAN_PEPPER_ROOT;XIRECS;19098.0;6
88912;;;INTARIAN_PEPPER_ROOT;XIRECS;19081.0;5
90536;;;INTARIAN_PEPPER_ROOT;XIRECS;19099.0;4
93017;;;ASH_COATED_OSMIUM;XIRECS;10004.0;9
93088;;;INTARIAN_PEPPER_ROOT;XIRECS;19087.0;5
93243;;;ASH_COATED_OSMIUM;XIRECS;10005.0;9
93346;;;INTARIAN_PEPPER_ROOT;XIRECS;19101.0;5
94482;;;ASH_COATED_OSMIUM;XIRECS;9999.0;3
95726;;;ASH_COATED_OSMIUM;XIRECS;10017.0;3
95951;;;ASH_COATED_OSMIUM;XIRECS;10023.0;4
97898;;;ASH_COATED_OSMIUM;XIRECS;10023.0;10
98462;;;ASH_COATED_OSMIUM;XIRECS;10007.0;3
98654;;;INTARIAN_PEPPER_ROOT;XIRECS;19093.0;7
98671;;;ASH_COATED_OSMIUM;XIRECS;10019.0;2
99238;;;ASH_COATED_OSMIUM;XIRECS;10024.0;5
100773;;;INTARIAN_PEPPER_ROOT;XIRECS;19107.0;4
102995;;;ASH_COATED_OSMIUM;XIRECS;10005.0;9
103048;;;INTARIAN_PEPPER_ROOT;XIRECS;19096.0;3
104741;;;INTARIAN_PEPPER_ROOT;XIRECS;19097.0;6
108192;;;INTARIAN_PEPPER_ROOT;XIRECS;19116.0;6
109833;;;INTARIAN_PEPPER_ROOT;XIRECS;19121.0;6
110426;;;ASH_COATED_OSMIUM;XIRECS;10018.0;5
110496;;;INTARIAN_PEPPER_ROOT;XIRECS;19116.0;5
111419;;;ASH_COATED_OSMIUM;XIRECS;9996.0;10
113712;;;ASH_COATED_OSMIUM;XIRECS;10003.0;8
117090;;;INTARIAN_PEPPER_ROOT;XIRECS;19107.0;6
117753;;;ASH_COATED_OSMIUM;XIRECS;10018.0;6
118923;;;INTARIAN_PEPPER_ROOT;XIRECS;19112.0;7
119861;;;INTARIAN_PEPPER_ROOT;XIRECS;19111.0;4
124540;;;ASH_COATED_OSMIUM;XIRECS;10011.0;4
126264;;;ASH_COATED_OSMIUM;XIRECS;10000.0;6
127970;;;ASH_COATED_OSMIUM;XIRECS;10015.0;4
128940;;;INTARIAN_PEPPER_ROOT;XIRECS;19120.0;5
129477;;;ASH_COATED_OSMIUM;XIRECS;9993.0;3
129627;;;INTARIAN_PEPPER_ROOT;XIRECS;19139.0;7
130472;;;INTARIAN_PEPPER_ROOT;XIRECS;19123.0;6
133214;;;ASH_COATED_OSMIUM;XIRECS;10001.0;4
133764;;;ASH_COATED_OSMIUM;XIRECS;9996.0;2
134946;;;INTARIAN_PEPPER_ROOT;XIRECS;19130.0;4
136148;;;ASH_COATED_OSMIUM;XIRECS;9989.0;7
138978;;;ASH_COATED_OSMIUM;XIRECS;10004.0;10
139280;;;ASH_COATED_OSMIUM;XIRECS;10009.0;10
139846;;;ASH_COATED_OSMIUM;XIRECS;10002.0;4
140006;;;INTARIAN_PEPPER_ROOT;XIRECS;19136.0;6
141106;;;ASH_COATED_OSMIUM;XIRECS;10014.0;5
142841;;;INTARIAN_PEPPER_ROOT;XIRECS;19150.0;3
143114;;;INTARIAN_PEPPER_ROOT;XIRECS;19150.0;5
143604;;;ASH_COATED_OSMIUM;XIRECS;10011.0;3
143643;;;INTARIAN_PEPPER_ROOT;XIRECS;19152.0;3
143954;;;ASH_COATED_OSMIUM;XIRECS;9994.0;4
149242;;;ASH_COATED_OSMIUM;XIRECS;10008.0;2
151034;;;ASH_COATED_OSMIUM;XIRECS;9990.0;5
151088;;;ASH_COATED_OSMIUM;XIRECS;10008.0;2
151864;;;INTARIAN_PEPPER_ROOT;XIRECS;19146.0;4
152128;;;ASH_COATED_OSMIUM;XIRECS;10008.0;6
152534;;;ASH_COATED_OSMIUM;XIRECS;9998.0;9
153195;;;ASH_COATED_OSMIUM;XIRECS;10009.0;3
154620;;;ASH_COATED_OSMIUM;XIRECS;9997.0;5
155196;;;ASH_COATED_OSMIUM;XIRECS;10008.0;4
155770;;;INTARIAN_PEPPER_ROOT;XIRECS;19149.0;6
156233;;;ASH_COATED_OSMIUM;XIRECS;10011.0;6
156867;;;INTARIAN_PEPPER_ROOT;XIRECS;19151.0;3
158982;;;ASH_COATED_OSMIUM;XIRECS;9992.0;8
160743;;;ASH_COATED_OSMIUM;XIRECS;9996.0;4
162305;;;ASH_COATED_OSMIUM;XIRECS;9993.0;5
164099;;;ASH_COATED_OSMIUM;XIRECS;9996.0;3
164506;;;ASH_COATED_OSMIUM;XIRECS;10016.0;4
165075;;;INTARIAN_PEPPER_ROOT;XIRECS;19171.0;3
165286;;;INTARIAN_PEPPER_ROOT;XIRECS;19157.0;3
165974;;;INTARIAN_PEPPER_ROOT;XIRECS;19166.0;7
166262;;;ASH_COATED_OSMIUM;XIRECS;10014.0;10
167156;;;INTARIAN_PEPPER_ROOT;XIRECS;19162.0;5
168565;;;ASH_COATED_OSMIUM;XIRECS;10017.0;6
169852;;;ASH_COATED_OSMIUM;XIRECS;10008.0;3
171496;;;INTARIAN_PEPPER_ROOT;XIRECS;19163.0;7
172863;;;ASH_COATED_OSMIUM;XIRECS;9991.0;10
174180;;;ASH_COATED_OSMIUM;XIRECS;9992.0;6
174661;;;INTARIAN_PEPPER_ROOT;XIRECS;19173.0;5
175231;;;INTARIAN_PEPPER_ROOT;XIRECS;19168.0;6
176672;;;INTARIAN_PEPPER_ROOT;XIRECS;19181.0;4
176991;;;INTARIAN_PEPPER_ROOT;XIRECS;19169.0;6
177305;;;INTARIAN_PEPPER_ROOT;XIRECS;19185.0;4
177670;;;ASH_COATED_OSMIUM;XIRECS;10015.0;5
180715;;;ASH_COATED_OSMIUM;XIRECS;9992.0;9
180889;;;ASH_COATED_OSMIUM;XIRECS;9997.0;5
182366;;;INTARIAN_PEPPER_ROOT;XIRECS;19188.0;4
182376;;;ASH_COATED_OSMIUM;XIRECS;10009.0;7
184025;;;INTARIAN_PEPPER_ROOT;XIRECS;19189.0;4
190455;;;ASH_COATED_OSMIUM;XIRECS;10014.0;7
190735;;;INTARIAN_PEPPER_ROOT;XIRECS;19192.0;5
190834;;;ASH_COATED_OSMIUM;XIRECS;10014.0;4
192276;;;INTARIAN_PEPPER_ROOT;XIRECS;19184.0;4
193403;;;INTARIAN_PEPPER_ROOT;XIRECS;19198.0;5
193415;;;ASH_COATED_OSMIUM;XIRECS;9998.0;3
194635;;;ASH_COATED_OSMIUM;XIRECS;9996.0;9
194775;;;INTARIAN_PEPPER_ROOT;XIRECS;19202.0;6
196689;;;INTARIAN_PEPPER_ROOT;XIRECS;19190.0;5
198425;;;ASH_COATED_OSMIUM;XIRECS;9993.0;5
199238;;;ASH_COATED_OSMIUM;XIRECS;10011.0;4
200706;;;INTARIAN_PEPPER_ROOT;XIRECS;19191.0;7
201103;;;ASH_COATED_OSMIUM;XIRECS;10010.0;5
201169;;;INTARIAN_PEPPER_ROOT;XIRECS;19204.0;5
202058;;;INTARIAN_PEPPER_ROOT;XIRECS;19193.0;4
204183;;;INTARIAN_PEPPER_ROOT;XIRECS;19198.0;6
207180;;;ASH_COATED_OSMIUM;XIRECS;10011.0;9
210194;;;INTARIAN_PEPPER_ROOT;XIRECS;19201.0;4
214338;;;INTARIAN_PEPPER_ROOT;XIRECS;19222.0;4
214562;;;INTARIAN_PEPPER_ROOT;XIRECS;19223.0;5
214635;;;ASH_COATED_OSMIUM;XIRECS;10015.0;6
215371;;;ASH_COATED_OSMIUM;XIRECS;10017.0;6
215703;;;INTARIAN_PEPPER_ROOT;XIRECS;19223.0;5
215951;;;ASH_COATED_OSMIUM;XIRECS;10012.0;3
217497;;;ASH_COATED_OSMIUM;XIRECS;10016.0;6
217918;;;ASH_COATED_OSMIUM;XIRECS;9998.0;3
219871;;;INTARIAN_PEPPER_ROOT;XIRECS;19214.0;3
222294;;;INTARIAN_PEPPER_ROOT;XIRECS;19225.0;5
223949;;;INTARIAN_PEPPER_ROOT;XIRECS;19219.0;6
224912;;;ASH_COATED_OSMIUM;XIRECS;9989.0;3
226264;;;INTARIAN_PEPPER_ROOT;XIRECS;19220.0;3
227903;;;ASH_COATED_OSMIUM;XIRECS;9988.0;6
232446;;;INTARIAN_PEPPER_ROOT;XIRECS;19226.0;5
235557;;;ASH_COATED_OSMIUM;XIRECS;10008.0;5
236571;;;INTARIAN_PEPPER_ROOT;XIRECS;19245.0;6
236926;;;INTARIAN_PEPPER_ROOT;XIRECS;19231.0;5
237238;;;INTARIAN_PEPPER_ROOT;XIRECS;19229.0;3
237528;;;ASH_COATED_OSMIUM;XIRECS;10004.0;2
237686;;;ASH_COATED_OSMIUM;XIRECS;10009.0;6
238425;;;ASH_COATED_OSMIUM;XIRECS;10004.0;4
239450;;;INTARIAN_PEPPER_ROOT;XIRECS;19234.0;7
240214;;;ASH_COATED_OSMIUM;XIRECS;10004.0;5
240589;;;ASH_COATED_OSMIUM;XIRECS;10010.0;7
241683;;;ASH_COATED_OSMIUM;XIRECS;9991.0;5
242677;;;ASH_COATED_OSMIUM;XIRECS;9990.0;8
243263;;;ASH_COATED_OSMIUM;XIRECS;9985.0;6
245440;;;INTARIAN_PEPPER_ROOT;XIRECS;19253.0;7
246992;;;ASH_COATED_OSMIUM;XIRECS;10004.0;5
247399;;;INTARIAN_PEPPER_ROOT;XIRECS;19242.0;3
251300;;;ASH_COATED_OSMIUM;XIRECS;10009.0;8
252578;;;INTARIAN_PEPPER_ROOT;XIRECS;19258.0;3
254608;;;ASH_COATED_OSMIUM;XIRECS;9996.0;2
256283;;;INTARIAN_PEPPER_ROOT;XIRECS;19261.0;6
256353;;;INTARIAN_PEPPER_ROOT;XIRECS;19247.0;7
258124;;;ASH_COATED_OSMIUM;XIRECS;9986.0;4
258304;;;ASH_COATED_OSMIUM;XIRECS;9988.0;2
258889;;;ASH_COATED_OSMIUM;XIRECS;9987.0;3
260212;;;ASH_COATED_OSMIUM;XIRECS;10004.0;2
260349;;;ASH_COATED_OSMIUM;XIRECS;9988.0;3
260458;;;INTARIAN_PEPPER_ROOT;XIRECS;19252.0;7
260673;;;INTARIAN_PEPPER_ROOT;XIRECS;19255.0;5
263052;;;INTARIAN_PEPPER_ROOT;XIRECS;19266.0;3
264640;;;INTARIAN_PEPPER_ROOT;XIRECS;19267.0;6
265678;;;INTARIAN_PEPPER_ROOT;XIRECS;19272.0;7
266535;;;ASH_COATED_OSMIUM;XIRECS;9987.0;3
268210;;;ASH_COATED_OSMIUM;XIRECS;9995.0;3
269425;;;INTARIAN_PEPPER_ROOT;XIRECS;19263.0;5
275241;;;INTARIAN_PEPPER_ROOT;XIRECS;19267.0;8
275632;;;ASH_COATED_OSMIUM;XIRECS;10006.0;3
275888;;;INTARIAN_PEPPER_ROOT;XIRECS;19284.0;5
279075;;;ASH_COATED_OSMIUM;XIRECS;9997.0;7
280853;;;ASH_COATED_OSMIUM;XIRECS;9999.0;4
282530;;;ASH_COATED_OSMIUM;XIRECS;9989.0;5
283428;;;INTARIAN_PEPPER_ROOT;XIRECS;19288.0;6
283872;;;ASH_COATED_OSMIUM;XIRECS;9990.0;8
285953;;;ASH_COATED_OSMIUM;XIRECS;9995.0;3
287860;;;ASH_COATED_OSMIUM;XIRECS;9991.0;2
288295;;;ASH_COATED_OSMIUM;XIRECS;10006.0;6
292859;;;ASH_COATED_OSMIUM;XIRECS;10004.0;3
294166;;;INTARIAN_PEPPER_ROOT;XIRECS;19301.0;5
297125;;;INTARIAN_PEPPER_ROOT;XIRECS;19305.0;4
297177;;;INTARIAN_PEPPER_ROOT;XIRECS;19289.0;7
297803;;;ASH_COATED_OSMIUM;XIRECS;9986.0;9
299106;;;INTARIAN_PEPPER_ROOT;XIRECS;19304.0;4
303287;;;INTARIAN_PEPPER_ROOT;XIRECS;19313.0;3
306277;;;ASH_COATED_OSMIUM;XIRECS;10009.0;10
306396;;;ASH_COATED_OSMIUM;XIRECS;10003.0;2
307325;;;ASH_COATED_OSMIUM;XIRECS;9991.0;6
307469;;;ASH_COATED_OSMIUM;XIRECS;10003.0;7
307729;;;INTARIAN_PEPPER_ROOT;XIRECS;19312.0;3
309071;;;INTARIAN_PEPPER_ROOT;XIRECS;19313.0;3
313737;;;INTARIAN_PEPPER_ROOT;XIRECS;19307.0;3
314877;;;ASH_COATED_OSMIUM;XIRECS;10013.0;7
316481;;;INTARIAN_PEPPER_ROOT;XIRECS;19321.0;3
316938;;;ASH_COATED_OSMIUM;XIRECS;10007.0;4
317336;;;ASH_COATED_OSMIUM;XIRECS;9995.0;4
318751;;;ASH_COATED_OSMIUM;XIRECS;10004.0;6
319742;;;INTARIAN_PEPPER_ROOT;XIRECS;19324.0;6
320118;;;INTARIAN_PEPPER_ROOT;XIRECS;19326.0;6
320237;;;ASH_COATED_OSMIUM;XIRECS;10005.0;6
321427;;;INTARIAN_PEPPER_ROOT;XIRECS;19328.0;6
324274;;;INTARIAN_PEPPER_ROOT;XIRECS;19326.0;7
324846;;;ASH_COATED_OSMIUM;XIRECS;9993.0;6
325867;;;ASH_COATED_OSMIUM;XIRECS;9987.0;2
326864;;;ASH_COATED_OSMIUM;XIRECS;10007.0;9
331226;;;ASH_COATED_OSMIUM;XIRECS;9985.0;2
332212;;;INTARIAN_PEPPER_ROOT;XIRECS;19323.0;7
334238;;;INTARIAN_PEPPER_ROOT;XIRECS;19341.0;4
334292;;;INTARIAN_PEPPER_ROOT;XIRECS;19329.0;4
335169;;;INTARIAN_PEPPER_ROOT;XIRECS;19340.0;6
335949;;;INTARIAN_PEPPER_ROOT;XIRECS;19336.0;7
339524;;;ASH_COATED_OSMIUM;XIRECS;9992.0;8
339702;;;ASH_COATED_OSMIUM;XIRECS;10012.0;6
340296;;;INTARIAN_PEPPER_ROOT;XIRECS;19330.0;3
340481;;;INTARIAN_PEPPER_ROOT;XIRECS;19335.0;6
340719;;;ASH_COATED_OSMIUM;XIRECS;10001.0;5
340897;;;ASH_COATED_OSMIUM;XIRECS;9994.0;5
343865;;;ASH_COATED_OSMIUM;XIRECS;9999.0;6
345824;;;ASH_COATED_OSMIUM;XIRECS;9992.0;5
350544;;;ASH_COATED_OSMIUM;XIRECS;9988.0;4
353673;;;INTARIAN_PEPPER_ROOT;XIRECS;19347.0;4
356214;;;ASH_COATED_OSMIUM;XIRECS;9985.0;7
356802;;;ASH_COATED_OSMIUM;XIRECS;9989.0;3
357913;;;INTARIAN_PEPPER_ROOT;XIRECS;19365.0;6
361916;;;INTARIAN_PEPPER_ROOT;XIRECS;19356.0;7
365880;;;INTARIAN_PEPPER_ROOT;XIRECS;19371.0;5
366779;;;ASH_COATED_OSMIUM;XIRECS;9990.0;4
368851;;;INTARIAN_PEPPER_ROOT;XIRECS;19373.0;5
374373;;;ASH_COATED_OSMIUM;XIRECS;9991.0;2
375577;;;ASH_COATED_OSMIUM;XIRECS;10008.0;5
378637;;;INTARIAN_PEPPER_ROOT;XIRECS;19369.0;5
380943;;;INTARIAN_PEPPER_ROOT;XIRECS;19385.0;3
382642;;;INTARIAN_PEPPER_ROOT;XIRECS;19374.0;7
383973;;;ASH_COATED_OSMIUM;XIRECS;9990.0;4
386310;;;ASH_COATED_OSMIUM;XIRECS;10007.0;4
386473;;;ASH_COATED_OSMIUM;XIRECS;9995.0;4
386524;;;INTARIAN_PEPPER_ROOT;XIRECS;19379.0;4
387822;;;ASH_COATED_OSMIUM;XIRECS;10003.0;2
388436;;;ASH_COATED_OSMIUM;XIRECS;9991.0;2
389339;;;INTARIAN_PEPPER_ROOT;XIRECS;19394.0;6
391731;;;ASH_COATED_OSMIUM;XIRECS;9990.0;6
391966;;;ASH_COATED_OSMIUM;XIRECS;10002.0;7
392216;;;INTARIAN_PEPPER_ROOT;XIRECS;19397.0;5
395709;;;ASH_COATED_OSMIUM;XIRECS;10015.0;2
396367;;;INTARIAN_PEPPER_ROOT;XIRECS;19402.0;5
396516;;;INTARIAN_PEPPER_ROOT;XIRECS;19390.0;3
397468;;;INTARIAN_PEPPER_ROOT;XIRECS;19391.0;5
397705;;;ASH_COATED_OSMIUM;XIRECS;9999.0;7
398523;;;ASH_COATED_OSMIUM;XIRECS;10003.0;5
399522;;;ASH_COATED_OSMIUM;XIRECS;9995.0;5
401249;;;INTARIAN_PEPPER_ROOT;XIRECS;19396.0;7
402413;;;ASH_COATED_OSMIUM;XIRECS;9992.0;5
403233;;;ASH_COATED_OSMIUM;XIRECS;10009.0;6
404685;;;ASH_COATED_OSMIUM;XIRECS;9993.0;7
409122;;;ASH_COATED_OSMIUM;XIRECS;10015.0;2
409674;;;ASH_COATED_OSMIUM;XIRECS;10017.0;3
409822;;;ASH_COATED_OSMIUM;XIRECS;9994.0;4
410209;;;ASH_COATED_OSMIUM;XIRECS;9999.0;9
410806;;;INTARIAN_PEPPER_ROOT;XIRECS;19403.0;3
410809;;;ASH_COATED_OSMIUM;XIRECS;10016.0;9
411419;;;INTARIAN_PEPPER_ROOT;XIRECS;19397.0;3
411913;;;INTARIAN_PEPPER_ROOT;XIRECS;19411.0;3
414264;;;INTARIAN_PEPPER_ROOT;XIRECS;19423.0;5
414280;;;INTARIAN_PEPPER_ROOT;XIRECS;19423.0;6
414931;;;ASH_COATED_OSMIUM;XIRECS;9994.0;3
416756;;;INTARIAN_PEPPER_ROOT;XIRECS;19414.0;7
417687;;;ASH_COATED_OSMIUM;XIRECS;10017.0;5
417938;;;INTARIAN_PEPPER_ROOT;XIRECS;19426.0;3
419421;;;ASH_COATED_OSMIUM;XIRECS;10002.0;4
419998;;;INTARIAN_PEPPER_ROOT;XIRECS;19426.0;4
422126;;;INTARIAN_PEPPER_ROOT;XIRECS;19414.0;3
422348;;;INTARIAN_PEPPER_ROOT;XIRECS;19416.0;7
422368;;;ASH_COATED_OSMIUM;XIRECS;10011.0;3
423961;;;INTARIAN_PEPPER_ROOT;XIRECS;19417.0;4
426033;;;INTARIAN_PEPPER_ROOT;XIRECS;19433.0;7
428150;;;INTARIAN_PEPPER_ROOT;XIRECS;19438.0;7
429879;;;INTARIAN_PEPPER_ROOT;XIRECS;19434.0;3
432221;;;INTARIAN_PEPPER_ROOT;XIRECS;19426.0;6
432950;;;ASH_COATED_OSMIUM;XIRECS;10010.0;2
435427;;;INTARIAN_PEPPER_ROOT;XIRECS;19441.0;3
435807;;;ASH_COATED_OSMIUM;XIRECS;10002.0;3
440000;;;INTARIAN_PEPPER_ROOT;XIRECS;19451.0;6
440545;;;INTARIAN_PEPPER_ROOT;XIRECS;19446.0;3
440903;;;ASH_COATED_OSMIUM;XIRECS;9997.0;6
443431;;;ASH_COATED_OSMIUM;XIRECS;10000.0;3
444989;;;INTARIAN_PEPPER_ROOT;XIRECS;19437.0;7
445220;;;ASH_COATED_OSMIUM;XIRECS;10018.0;4
446060;;;ASH_COATED_OSMIUM;XIRECS;9996.0;3
447250;;;INTARIAN_PEPPER_ROOT;XIRECS;19461.0;6
451218;;;ASH_COATED_OSMIUM;XIRECS;10014.0;2
452027;;;INTARIAN_PEPPER_ROOT;XIRECS;19447.0;3
452557;;;INTARIAN_PEPPER_ROOT;XIRECS;19444.0;5
458375;;;ASH_COATED_OSMIUM;XIRECS;10001.0;2
462472;;;INTARIAN_PEPPER_ROOT;XIRECS;19471.0;4
463618;;;INTARIAN_PEPPER_ROOT;XIRECS;19469.0;5
465336;;;ASH_COATED_OSMIUM;XIRECS;10020.0;6
465995;;;INTARIAN_PEPPER_ROOT;XIRECS;19473.0;7
466176;;;INTARIAN_PEPPER_ROOT;XIRECS;19476.0;8
466480;;;INTARIAN_PEPPER_ROOT;XIRECS;19475.0;6
467969;;;ASH_COATED_OSMIUM;XIRECS;9995.0;4
468881;;;INTARIAN_PEPPER_ROOT;XIRECS;19471.0;8
471901;;;INTARIAN_PEPPER_ROOT;XIRECS;19469.0;5
473542;;;ASH_COATED_OSMIUM;XIRECS;10010.0;5
475314;;;ASH_COATED_OSMIUM;XIRECS;10011.0;2
477766;;;ASH_COATED_OSMIUM;XIRECS;10014.0;4
479119;;;INTARIAN_PEPPER_ROOT;XIRECS;19484.0;6
479289;;;ASH_COATED_OSMIUM;XIRECS;10006.0;6
481692;;;ASH_COATED_OSMIUM;XIRECS;9989.0;5
481869;;;INTARIAN_PEPPER_ROOT;XIRECS;19491.0;5
482498;;;ASH_COATED_OSMIUM;XIRECS;9989.0;5
482856;;;ASH_COATED_OSMIUM;XIRECS;9990.0;4
483661;;;ASH_COATED_OSMIUM;XIRECS;9986.0;3
485960;;;INTARIAN_PEPPER_ROOT;XIRECS;19489.0;3
488433;;;ASH_COATED_OSMIUM;XIRECS;10012.0;4
488893;;;INTARIAN_PEPPER_ROOT;XIRECS;19479.0;3
491204;;;INTARIAN_PEPPER_ROOT;XIRECS;19484.0;6
492683;;;INTARIAN_PEPPER_ROOT;XIRECS;19486.0;5
496454;;;INTARIAN_PEPPER_ROOT;XIRECS;19495.0;4
496617;;;ASH_COATED_OSMIUM;XIRECS;10012.0;7
496780;;;INTARIAN_PEPPER_ROOT;XIRECS;19493.0;6
497444;;;ASH_COATED_OSMIUM;XIRECS;9992.0;3
506144;;;ASH_COATED_OSMIUM;XIRECS;10010.0;4
510873;;;INTARIAN_PEPPER_ROOT;XIRECS;19514.0;7
513008;;;ASH_COATED_OSMIUM;XIRECS;10013.0;6
513718;;;ASH_COATED_OSMIUM;XIRECS;9997.0;7
514007;;;ASH_COATED_OSMIUM;XIRECS;9992.0;2
516468;;;INTARIAN_PEPPER_ROOT;XIRECS;19523.0;4
518202;;;ASH_COATED_OSMIUM;XIRECS;9989.0;6
518464;;;INTARIAN_PEPPER_ROOT;XIRECS;19512.0;6
519354;;;ASH_COATED_OSMIUM;XIRECS;10010.0;6
519998;;;ASH_COATED_OSMIUM;XIRECS;10012.0;2
522846;;;INTARIAN_PEPPER_ROOT;XIRECS;19515.0;5
525394;;;ASH_COATED_OSMIUM;XIRECS;9992.0;2
527241;;;INTARIAN_PEPPER_ROOT;XIRECS;19521.0;3
527869;;;INTARIAN_PEPPER_ROOT;XIRECS;19523.0;3
529139;;;ASH_COATED_OSMIUM;XIRECS;9992.0;6
529926;;;ASH_COATED_OSMIUM;XIRECS;9999.0;6
532674;;;ASH_COATED_OSMIUM;XIRECS;10013.0;10
534516;;;ASH_COATED_OSMIUM;XIRECS;10013.0;3
535126;;;ASH_COATED_OSMIUM;XIRECS;10011.0;9
535711;;;ASH_COATED_OSMIUM;XIRECS;9996.0;3
536970;;;ASH_COATED_OSMIUM;XIRECS;10000.0;5
538531;;;ASH_COATED_OSMIUM;XIRECS;10014.0;3
543400;;;INTARIAN_PEPPER_ROOT;XIRECS;19548.0;3
546464;;;INTARIAN_PEPPER_ROOT;XIRECS;19552.0;6
546779;;;INTARIAN_PEPPER_ROOT;XIRECS;19554.0;5
549415;;;INTARIAN_PEPPER_ROOT;XIRECS;19544.0;5
549843;;;ASH_COATED_OSMIUM;XIRECS;10004.0;2
550654;;;INTARIAN_PEPPER_ROOT;XIRECS;19546.0;7
551191;;;ASH_COATED_OSMIUM;XIRECS;10021.0;5
552733;;;INTARIAN_PEPPER_ROOT;XIRECS;19559.0;5
555831;;;INTARIAN_PEPPER_ROOT;XIRECS;19548.0;7
556800;;;ASH_COATED_OSMIUM;XIRECS;10011.0;6
558324;;;INTARIAN_PEPPER_ROOT;XIRECS;19564.0;6
558382;;;ASH_COATED_OSMIUM;XIRECS;9988.0;6
558875;;;ASH_COATED_OSMIUM;XIRECS;10007.0;2
559505;;;ASH_COATED_OSMIUM;XIRECS;9996.0;6
559520;;;ASH_COATED_OSMIUM;XIRECS;9996.0;5
561170;;;ASH_COATED_OSMIUM;XIRECS;9987.0;7
561978;;;INTARIAN_PEPPER_ROOT;XIRECS;19566.0;7
563961;;;INTARIAN_PEPPER_ROOT;XIRECS;19573.0;5
564010;;;ASH_COATED_OSMIUM;XIRECS;10005.0;6
565880;;;ASH_COATED_OSMIUM;XIRECS;9989.0;5
568932;;;INTARIAN_PEPPER_ROOT;XIRECS;19565.0;6
569200;;;ASH_COATED_OSMIUM;XIRECS;9988.0;5
570690;;;ASH_COATED_OSMIUM;XIRECS;10009.0;10
570711;;;INTARIAN_PEPPER_ROOT;XIRECS;19566.0;8
571987;;;ASH_COATED_OSMIUM;XIRECS;9989.0;3
572465;;;INTARIAN_PEPPER_ROOT;XIRECS;19578.0;6
572910;;;ASH_COATED_OSMIUM;XIRECS;9995.0;2
573425;;;INTARIAN_PEPPER_ROOT;XIRECS;19569.0;3
574179;;;ASH_COATED_OSMIUM;XIRECS;9994.0;8
574241;;;ASH_COATED_OSMIUM;XIRECS;10005.0;8
580029;;;ASH_COATED_OSMIUM;XIRECS;10007.0;6
582108;;;ASH_COATED_OSMIUM;XIRECS;10007.0;6
582231;;;ASH_COATED_OSMIUM;XIRECS;9996.0;10
582331;;;INTARIAN_PEPPER_ROOT;XIRECS;19572.0;6
582531;;;ASH_COATED_OSMIUM;XIRECS;10000.0;8
582754;;;ASH_COATED_OSMIUM;XIRECS;10002.0;6
583960;;;ASH_COATED_OSMIUM;XIRECS;9988.0;4
584495;;;ASH_COATED_OSMIUM;XIRECS;10009.0;8
585830;;;INTARIAN_PEPPER_ROOT;XIRECS;19580.0;4
587642;;;INTARIAN_PEPPER_ROOT;XIRECS;19594.0;4
587843;;;ASH_COATED_OSMIUM;XIRECS;9991.0;3
589752;;;INTARIAN_PEPPER_ROOT;XIRECS;19597.0;6
591666;;;INTARIAN_PEPPER_ROOT;XIRECS;19587.0;7
593425;;;INTARIAN_PEPPER_ROOT;XIRECS;19599.0;7
600946;;;ASH_COATED_OSMIUM;XIRECS;10014.0;4
601726;;;ASH_COATED_OSMIUM;XIRECS;9990.0;5
603368;;;ASH_COATED_OSMIUM;XIRECS;10007.0;7
604209;;;ASH_COATED_OSMIUM;XIRECS;10014.0;8
609816;;;ASH_COATED_OSMIUM;XIRECS;9996.0;3
610097;;;ASH_COATED_OSMIUM;XIRECS;10015.0;3
611412;;;ASH_COATED_OSMIUM;XIRECS;10010.0;2
614641;;;ASH_COATED_OSMIUM;XIRECS;9992.0;5
615285;;;INTARIAN_PEPPER_ROOT;XIRECS;19611.0;7
619530;;;INTARIAN_PEPPER_ROOT;XIRECS;19624.0;6
619890;;;ASH_COATED_OSMIUM;XIRECS;9995.0;3
621641;;;INTARIAN_PEPPER_ROOT;XIRECS;19625.0;4
622862;;;ASH_COATED_OSMIUM;XIRECS;9995.0;5
623239;;;INTARIAN_PEPPER_ROOT;XIRECS;19619.0;4
627233;;;ASH_COATED_OSMIUM;XIRECS;9995.0;5
631297;;;ASH_COATED_OSMIUM;XIRECS;10006.0;6
632797;;;ASH_COATED_OSMIUM;XIRECS;10002.0;7
632872;;;ASH_COATED_OSMIUM;XIRECS;9992.0;8
633159;;;INTARIAN_PEPPER_ROOT;XIRECS;19629.0;3
633911;;;ASH_COATED_OSMIUM;XIRECS;9995.0;10
634097;;;ASH_COATED_OSMIUM;XIRECS;10005.0;10
635207;;;INTARIAN_PEPPER_ROOT;XIRECS;19644.0;4
636827;;;ASH_COATED_OSMIUM;XIRECS;10003.0;3
637820;;;INTARIAN_PEPPER_ROOT;XIRECS;19634.0;5
638200;;;ASH_COATED_OSMIUM;XIRECS;10004.0;7
638441;;;INTARIAN_PEPPER_ROOT;XIRECS;19645.0;6
639522;;;ASH_COATED_OSMIUM;XIRECS;10008.0;3
639600;;;INTARIAN_PEPPER_ROOT;XIRECS;19632.0;5
641439;;;INTARIAN_PEPPER_ROOT;XIRECS;19648.0;8
641669;;;ASH_COATED_OSMIUM;XIRECS;9988.0;2
642237;;;INTARIAN_PEPPER_ROOT;XIRECS;19633.0;5
645667;;;ASH_COATED_OSMIUM;XIRECS;10001.0;9
647098;;;INTARIAN_PEPPER_ROOT;XIRECS;19638.0;3
649298;;;INTARIAN_PEPPER_ROOT;XIRECS;19659.0;8
650593;;;ASH_COATED_OSMIUM;XIRECS;10004.0;3
650630;;;ASH_COATED_OSMIUM;XIRECS;10008.0;4
652926;;;INTARIAN_PEPPER_ROOT;XIRECS;19662.0;4
654376;;;ASH_COATED_OSMIUM;XIRECS;10010.0;2
656377;;;INTARIAN_PEPPER_ROOT;XIRECS;19659.0;5
656588;;;ASH_COATED_OSMIUM;XIRECS;10002.0;8
659989;;;INTARIAN_PEPPER_ROOT;XIRECS;19667.0;6
661231;;;ASH_COATED_OSMIUM;XIRECS;10000.0;6
663743;;;INTARIAN_PEPPER_ROOT;XIRECS;19669.0;3
663816;;;ASH_COATED_OSMIUM;XIRECS;10014.0;6
664898;;;INTARIAN_PEPPER_ROOT;XIRECS;19655.0;6
667043;;;INTARIAN_PEPPER_ROOT;XIRECS;19660.0;4
667084;;;INTARIAN_PEPPER_ROOT;XIRECS;19660.0;5
667100;;;ASH_COATED_OSMIUM;XIRECS;9992.0;6
668925;;;INTARIAN_PEPPER_ROOT;XIRECS;19677.0;6
669026;;;ASH_COATED_OSMIUM;XIRECS;10012.0;6
669830;;;ASH_COATED_OSMIUM;XIRECS;10011.0;4
671963;;;ASH_COATED_OSMIUM;XIRECS;10008.0;9
672937;;;INTARIAN_PEPPER_ROOT;XIRECS;19667.0;5
673837;;;INTARIAN_PEPPER_ROOT;XIRECS;19668.0;5
674399;;;ASH_COATED_OSMIUM;XIRECS;10013.0;6
676108;;;ASH_COATED_OSMIUM;XIRECS;10013.0;5
676610;;;INTARIAN_PEPPER_ROOT;XIRECS;19687.0;4
679292;;;ASH_COATED_OSMIUM;XIRECS;10012.0;9
679369;;;ASH_COATED_OSMIUM;XIRECS;10013.0;2
680366;;;ASH_COATED_OSMIUM;XIRECS;10010.0;4
680394;;;INTARIAN_PEPPER_ROOT;XIRECS;19684.0;3
681997;;;INTARIAN_PEPPER_ROOT;XIRECS;19691.0;3
682705;;;ASH_COATED_OSMIUM;XIRECS;9985.0;6
683759;;;ASH_COATED_OSMIUM;XIRECS;10007.0;8
684065;;;ASH_COATED_OSMIUM;XIRECS;9986.0;3
687213;;;INTARIAN_PEPPER_ROOT;XIRECS;19681.0;7
687826;;;ASH_COATED_OSMIUM;XIRECS;10008.0;5
691277;;;ASH_COATED_OSMIUM;XIRECS;10011.0;10
691293;;;INTARIAN_PEPPER_ROOT;XIRECS;19684.0;5
691602;;;ASH_COATED_OSMIUM;XIRECS;10017.0;10
696184;;;INTARIAN_PEPPER_ROOT;XIRECS;19703.0;7
697265;;;ASH_COATED_OSMIUM;XIRECS;9997.0;2
697381;;;ASH_COATED_OSMIUM;XIRECS;9994.0;10
699520;;;ASH_COATED_OSMIUM;XIRECS;9998.0;6
700785;;;INTARIAN_PEPPER_ROOT;XIRECS;19691.0;4
708011;;;ASH_COATED_OSMIUM;XIRECS;9999.0;7
708116;;;INTARIAN_PEPPER_ROOT;XIRECS;19712.0;7
710803;;;INTARIAN_PEPPER_ROOT;XIRECS;19703.0;3
711450;;;ASH_COATED_OSMIUM;XIRECS;9996.0;3
712505;;;ASH_COATED_OSMIUM;XIRECS;10001.0;5
713986;;;ASH_COATED_OSMIUM;XIRECS;10018.0;6
715152;;;ASH_COATED_OSMIUM;XIRECS;10001.0;10
717216;;;ASH_COATED_OSMIUM;XIRECS;10012.0;5
717737;;;ASH_COATED_OSMIUM;XIRECS;9999.0;4
718027;;;INTARIAN_PEPPER_ROOT;XIRECS;19710.0;4
718334;;;ASH_COATED_OSMIUM;XIRECS;10009.0;5
720264;;;ASH_COATED_OSMIUM;XIRECS;10014.0;5
720815;;;ASH_COATED_OSMIUM;XIRECS;9996.0;7
722083;;;ASH_COATED_OSMIUM;XIRECS;9993.0;5
722811;;;ASH_COATED_OSMIUM;XIRECS;9992.0;3
724161;;;ASH_COATED_OSMIUM;XIRECS;9995.0;3
725338;;;ASH_COATED_OSMIUM;XIRECS;9995.0;4
726435;;;ASH_COATED_OSMIUM;XIRECS;10011.0;6
727247;;;ASH_COATED_OSMIUM;XIRECS;9991.0;2
729023;;;ASH_COATED_OSMIUM;XIRECS;10007.0;6
729616;;;ASH_COATED_OSMIUM;XIRECS;10013.0;3
730936;;;ASH_COATED_OSMIUM;XIRECS;10009.0;3
732493;;;ASH_COATED_OSMIUM;XIRECS;10012.0;3
735904;;;ASH_COATED_OSMIUM;XIRECS;9996.0;5
735931;;;INTARIAN_PEPPER_ROOT;XIRECS;19742.0;5
736752;;;ASH_COATED_OSMIUM;XIRECS;10011.0;2
736768;;;INTARIAN_PEPPER_ROOT;XIRECS;19745.0;5
737433;;;INTARIAN_PEPPER_ROOT;XIRECS;19745.0;6
738511;;;INTARIAN_PEPPER_ROOT;XIRECS;19740.0;5
742213;;;INTARIAN_PEPPER_ROOT;XIRECS;19750.0;4
744270;;;ASH_COATED_OSMIUM;XIRECS;9995.0;3
744700;;;ASH_COATED_OSMIUM;XIRECS;9994.0;4
745920;;;INTARIAN_PEPPER_ROOT;XIRECS;19752.0;7
746707;;;ASH_COATED_OSMIUM;XIRECS;10011.0;10
747950;;;INTARIAN_PEPPER_ROOT;XIRECS;19753.0;5
751936;;;ASH_COATED_OSMIUM;XIRECS;10009.0;6
752096;;;INTARIAN_PEPPER_ROOT;XIRECS;19746.0;7
753057;;;INTARIAN_PEPPER_ROOT;XIRECS;19748.0;5
753851;;;ASH_COATED_OSMIUM;XIRECS;10007.0;4
757827;;;ASH_COATED_OSMIUM;XIRECS;10003.0;3
758591;;;INTARIAN_PEPPER_ROOT;XIRECS;19764.0;5
758873;;;INTARIAN_PEPPER_ROOT;XIRECS;19764.0;6
763054;;;ASH_COATED_OSMIUM;XIRECS;10009.0;4
763133;;;ASH_COATED_OSMIUM;XIRECS;10008.0;9
763584;;;INTARIAN_PEPPER_ROOT;XIRECS;19774.0;6
763717;;;ASH_COATED_OSMIUM;XIRECS;9991.0;8
764579;;;ASH_COATED_OSMIUM;XIRECS;10013.0;2
769257;;;INTARIAN_PEPPER_ROOT;XIRECS;19774.0;3
773342;;;ASH_COATED_OSMIUM;XIRECS;10010.0;6
774289;;;INTARIAN_PEPPER_ROOT;XIRECS;19768.0;3
774315;;;ASH_COATED_OSMIUM;XIRECS;9997.0;8
774750;;;ASH_COATED_OSMIUM;XIRECS;10009.0;2
775465;;;ASH_COATED_OSMIUM;XIRECS;10012.0;2
775641;;;ASH_COATED_OSMIUM;XIRECS;9996.0;4
777562;;;ASH_COATED_OSMIUM;XIRECS;10014.0;2
780173;;;ASH_COATED_OSMIUM;XIRECS;9995.0;2
780259;;;ASH_COATED_OSMIUM;XIRECS;9995.0;5
781804;;;ASH_COATED_OSMIUM;XIRECS;9989.0;2
782325;;;ASH_COATED_OSMIUM;XIRECS;10005.0;8
783875;;;ASH_COATED_OSMIUM;XIRECS;9994.0;3
783936;;;ASH_COATED_OSMIUM;XIRECS;10011.0;3
784727;;;INTARIAN_PEPPER_ROOT;XIRECS;19779.0;6
786959;;;ASH_COATED_OSMIUM;XIRECS;10013.0;10
787147;;;INTARIAN_PEPPER_ROOT;XIRECS;19794.0;7
792754;;;INTARIAN_PEPPER_ROOT;XIRECS;19787.0;7
792985;;;INTARIAN_PEPPER_ROOT;XIRECS;19796.0;4
793526;;;INTARIAN_PEPPER_ROOT;XIRECS;19788.0;4
793716;;;ASH_COATED_OSMIUM;XIRECS;9994.0;5
797327;;;INTARIAN_PEPPER_ROOT;XIRECS;19791.0;6
805395;;;INTARIAN_PEPPER_ROOT;XIRECS;19808.0;6
805929;;;INTARIAN_PEPPER_ROOT;XIRECS;19801.0;7
806408;;;ASH_COATED_OSMIUM;XIRECS;9988.0;4
808064;;;ASH_COATED_OSMIUM;XIRECS;9987.0;8
808671;;;ASH_COATED_OSMIUM;XIRECS;9998.0;8
808836;;;ASH_COATED_OSMIUM;XIRECS;9988.0;9
809323;;;ASH_COATED_OSMIUM;XIRECS;9989.0;4
810845;;;INTARIAN_PEPPER_ROOT;XIRECS;19801.0;7
810983;;;ASH_COATED_OSMIUM;XIRECS;9990.0;4
813422;;;INTARIAN_PEPPER_ROOT;XIRECS;19806.0;7
814408;;;ASH_COATED_OSMIUM;XIRECS;10000.0;6
818056;;;INTARIAN_PEPPER_ROOT;XIRECS;19810.0;7
819497;;;ASH_COATED_OSMIUM;XIRECS;10009.0;3
819748;;;INTARIAN_PEPPER_ROOT;XIRECS;19821.0;3
819900;;;INTARIAN_PEPPER_ROOT;XIRECS;19831.0;8
820343;;;INTARIAN_PEPPER_ROOT;XIRECS;19826.0;7
821675;;;ASH_COATED_OSMIUM;XIRECS;9987.0;6
822132;;;ASH_COATED_OSMIUM;XIRECS;10011.0;4
822226;;;ASH_COATED_OSMIUM;XIRECS;10004.0;5
825012;;;INTARIAN_PEPPER_ROOT;XIRECS;19831.0;6
825510;;;INTARIAN_PEPPER_ROOT;XIRECS;19832.0;4
829759;;;ASH_COATED_OSMIUM;XIRECS;9991.0;10
833520;;;ASH_COATED_OSMIUM;XIRECS;10010.0;5
834474;;;ASH_COATED_OSMIUM;XIRECS;10002.0;4
835394;;;ASH_COATED_OSMIUM;XIRECS;9996.0;5
835703;;;INTARIAN_PEPPER_ROOT;XIRECS;19843.0;3
835914;;;INTARIAN_PEPPER_ROOT;XIRECS;19843.0;5
835932;;;INTARIAN_PEPPER_ROOT;XIRECS;19843.0;5
837186;;;ASH_COATED_OSMIUM;XIRECS;10020.0;6
837267;;;INTARIAN_PEPPER_ROOT;XIRECS;19836.0;7
837386;;;INTARIAN_PEPPER_ROOT;XIRECS;19842.0;6
838097;;;INTARIAN_PEPPER_ROOT;XIRECS;19829.0;4
838857;;;INTARIAN_PEPPER_ROOT;XIRECS;19848.0;6
838885;;;INTARIAN_PEPPER_ROOT;XIRECS;19836.0;8
839148;;;ASH_COATED_OSMIUM;XIRECS;10019.0;4
842251;;;INTARIAN_PEPPER_ROOT;XIRECS;19835.0;2
844752;;;ASH_COATED_OSMIUM;XIRECS;10019.0;7
847641;;;INTARIAN_PEPPER_ROOT;XIRECS;19843.0;5
847782;;;ASH_COATED_OSMIUM;XIRECS;10010.0;3
847938;;;INTARIAN_PEPPER_ROOT;XIRECS;19843.0;5
848842;;;INTARIAN_PEPPER_ROOT;XIRECS;19852.0;5
849608;;;INTARIAN_PEPPER_ROOT;XIRECS;19845.0;6
849966;;;INTARIAN_PEPPER_ROOT;XIRECS;19861.0;3
850168;;;ASH_COATED_OSMIUM;XIRECS;10009.0;2
850626;;;INTARIAN_PEPPER_ROOT;XIRECS;19842.0;5
852615;;;ASH_COATED_OSMIUM;XIRECS;9993.0;2
852653;;;ASH_COATED_OSMIUM;XIRECS;10009.0;5
860098;;;INTARIAN_PEPPER_ROOT;XIRECS;19863.0;6
861538;;;INTARIAN_PEPPER_ROOT;XIRECS;19870.0;3
861844;;;INTARIAN_PEPPER_ROOT;XIRECS;19869.0;3
862182;;;ASH_COATED_OSMIUM;XIRECS;9987.0;3
862798;;;INTARIAN_PEPPER_ROOT;XIRECS;19866.0;7
862944;;;INTARIAN_PEPPER_ROOT;XIRECS;19881.0;6
863257;;;INTARIAN_PEPPER_ROOT;XIRECS;19855.0;4
863403;;;ASH_COATED_OSMIUM;XIRECS;9986.0;4
863507;;;ASH_COATED_OSMIUM;XIRECS;9991.0;4
864006;;;INTARIAN_PEPPER_ROOT;XIRECS;19872.0;7
865190;;;ASH_COATED_OSMIUM;XIRECS;10009.0;5
866257;;;INTARIAN_PEPPER_ROOT;XIRECS;19869.0;7
866494;;;INTARIAN_PEPPER_ROOT;XIRECS;19860.0;6
866799;;;ASH_COATED_OSMIUM;XIRECS;9999.0;7
867844;;;INTARIAN_PEPPER_ROOT;XIRECS;19865.0;7
868136;;;INTARIAN_PEPPER_ROOT;XIRECS;19861.0;7
869635;;;INTARIAN_PEPPER_ROOT;XIRECS;19862.0;6
869701;;;ASH_COATED_OSMIUM;XIRECS;9990.0;8
876983;;;ASH_COATED_OSMIUM;XIRECS;9987.0;7
877414;;;INTARIAN_PEPPER_ROOT;XIRECS;19880.0;5
877780;;;INTARIAN_PEPPER_ROOT;XIRECS;19884.0;4
878541;;;ASH_COATED_OSMIUM;XIRECS;9985.0;3
879141;;;INTARIAN_PEPPER_ROOT;XIRECS;19890.0;5
881519;;;INTARIAN_PEPPER_ROOT;XIRECS;19883.0;5
881576;;;INTARIAN_PEPPER_ROOT;XIRECS;19899.0;6
885001;;;ASH_COATED_OSMIUM;XIRECS;9985.0;3
885234;;;INTARIAN_PEPPER_ROOT;XIRECS;19883.0;5
885361;;;INTARIAN_PEPPER_ROOT;XIRECS;19880.0;6
888500;;;ASH_COATED_OSMIUM;XIRECS;9990.0;7
889253;;;ASH_COATED_OSMIUM;XIRECS;10006.0;8
892198;;;ASH_COATED_OSMIUM;XIRECS;9988.0;6
892915;;;ASH_COATED_OSMIUM;XIRECS;9992.0;6
894641;;;INTARIAN_PEPPER_ROOT;XIRECS;19898.0;4
894729;;;ASH_COATED_OSMIUM;XIRECS;10011.0;8
895163;;;INTARIAN_PEPPER_ROOT;XIRECS;19888.0;4
906786;;;INTARIAN_PEPPER_ROOT;XIRECS;19912.0;8
907820;;;INTARIAN_PEPPER_ROOT;XIRECS;19916.0;5
909606;;;ASH_COATED_OSMIUM;XIRECS;9995.0;5
914255;;;ASH_COATED_OSMIUM;XIRECS;9986.0;5
916610;;;ASH_COATED_OSMIUM;XIRECS;9989.0;4
918761;;;ASH_COATED_OSMIUM;XIRECS;10002.0;5
920314;;;ASH_COATED_OSMIUM;XIRECS;10004.0;6
922346;;;ASH_COATED_OSMIUM;XIRECS;10009.0;4
923582;;;ASH_COATED_OSMIUM;XIRECS;9990.0;9
924293;;;INTARIAN_PEPPER_ROOT;XIRECS;19918.0;3
925413;;;INTARIAN_PEPPER_ROOT;XIRECS;19934.0;4
926870;;;INTARIAN_PEPPER_ROOT;XIRECS;19919.0;6
928461;;;INTARIAN_PEPPER_ROOT;XIRECS;19933.0;6
928585;;;INTARIAN_PEPPER_ROOT;XIRECS;19934.0;6
928828;;;INTARIAN_PEPPER_ROOT;XIRECS;19936.0;3
930156;;;INTARIAN_PEPPER_ROOT;XIRECS;19922.0;4
931607;;;ASH_COATED_OSMIUM;XIRECS;9989.0;5
934489;;;ASH_COATED_OSMIUM;XIRECS;10010.0;9
935727;;;INTARIAN_PEPPER_ROOT;XIRECS;19942.0;3
936485;;;INTARIAN_PEPPER_ROOT;XIRECS;19929.0;4
938950;;;ASH_COATED_OSMIUM;XIRECS;10003.0;2
939502;;;ASH_COATED_OSMIUM;XIRECS;10003.0;10
941906;;;ASH_COATED_OSMIUM;XIRECS;9993.0;2
942061;;;ASH_COATED_OSMIUM;XIRECS;10009.0;3
942409;;;ASH_COATED_OSMIUM;XIRECS;10008.0;5
942490;;;INTARIAN_PEPPER_ROOT;XIRECS;19935.0;3
944889;;;ASH_COATED_OSMIUM;XIRECS;10004.0;6
945119;;;ASH_COATED_OSMIUM;XIRECS;10001.0;5
945734;;;ASH_COATED_OSMIUM;XIRECS;10002.0;6
946061;;;ASH_COATED_OSMIUM;XIRECS;9983.0;7
946749;;;ASH_COATED_OSMIUM;XIRECS;9984.0;9
948383;;;INTARIAN_PEPPER_ROOT;XIRECS;19953.0;6
948617;;;ASH_COATED_OSMIUM;XIRECS;9991.0;4
950325;;;ASH_COATED_OSMIUM;XIRECS;9991.0;2
953517;;;ASH_COATED_OSMIUM;XIRECS;9990.0;4
953622;;;INTARIAN_PEPPER_ROOT;XIRECS;19947.0;7
953839;;;ASH_COATED_OSMIUM;XIRECS;10005.0;5
954016;;;ASH_COATED_OSMIUM;XIRECS;10002.0;4
957272;;;ASH_COATED_OSMIUM;XIRECS;9991.0;4
958066;;;ASH_COATED_OSMIUM;XIRECS;10009.0;9
962843;;;INTARIAN_PEPPER_ROOT;XIRECS;19950.0;3
967208;;;INTARIAN_PEPPER_ROOT;XIRECS;19970.0;7
968302;;;ASH_COATED_OSMIUM;XIRECS;9987.0;2
969776;;;ASH_COATED_OSMIUM;XIRECS;9994.0;3
970290;;;INTARIAN_PEPPER_ROOT;XIRECS;19963.0;7
970532;;;INTARIAN_PEPPER_ROOT;XIRECS;19964.0;3
970831;;;ASH_COATED_OSMIUM;XIRECS;10010.0;5
971038;;;ASH_COATED_OSMIUM;XIRECS;9993.0;4
971641;;;ASH_COATED_OSMIUM;XIRECS;9987.0;5
976015;;;ASH_COATED_OSMIUM;XIRECS;9990.0;2
976433;;;ASH_COATED_OSMIUM;XIRECS;9990.0;5
978050;;;INTARIAN_PEPPER_ROOT;XIRECS;19980.0;3
978487;;;INTARIAN_PEPPER_ROOT;XIRECS;19989.0;5
980526;;;INTARIAN_PEPPER_ROOT;XIRECS;19974.0;3
982471;;;INTARIAN_PEPPER_ROOT;XIRECS;19979.0;3
984243;;;INTARIAN_PEPPER_ROOT;XIRECS;19990.0;7
985854;;;ASH_COATED_OSMIUM;XIRECS;10010.0;10
986192;;;ASH_COATED_OSMIUM;XIRECS;10015.0;8
991328;;;INTARIAN_PEPPER_ROOT;XIRECS;19985.0;5
993839;;;INTARIAN_PEPPER_ROOT;XIRECS;19985.0;4
995403;;;INTARIAN_PEPPER_ROOT;XIRECS;20004.0;7
996436;;;ASH_COATED_OSMIUM;XIRECS;9993.0;5
999731;;;ASH_COATED_OSMIUM;XIRECS;10009.0;3