timestamp;buyer;seller;symbol;currency;price;quantity
1920;;;ASH_COATED_OSMIUM;XIRECS;10005.0;5
2002;;;ASH_COATED_OSMIUM;XIRECS;10000.0;5
6336;;;ASH_COATED_OSMIUM;XIRECS;10009.0;4
7871;;;INTARIAN_PEPPER_ROOT;XIRECS;53999.0;8
11334;;;ASH_COATED_OSMIUM;XIRECS;9989.0;5
12078;;;ASH_COATED_OSMIUM;XIRECS;9994.0;6
12763;;;ASH_COATED_OSMIUM;XIRECS;10009.0;5
15374;;;ASH_COATED_OSMIUM;XIRECS;9988.0;3
15806;;;INTARIAN_PEPPER_ROOT;XIRECS;54008.0;7
15920;;;INTARIAN_PEPPER_ROOT;XIRECS;54020.0;6
16926;;;ASH_COATED_OSMIUM;XIRECS;10005.0;3
17055;;;INTARIAN_PEPPER_ROOT;XIRECS;54002.0;5
17103;;;INTARIAN_PEPPER_ROOT;XIRECS;54022.0;6
17599;;;ASH_COATED_OSMIUM;XIRECS;10005.0;2
18718;;;ASH_COATED_OSMIUM;XIRECS;9993.0;6
19304;;;ASH_COATED_OSMIUM;XIRECS;10028.0;5
20478;;;INTARIAN_PEPPER_ROOT;XIRECS;54016.0;8
20749;;;INTARIAN_PEPPER_ROOT;XIRECS;54026.0;5
22899;;;ASH_COATED_OSMIUM;XIRECS;9992.0;4
25439;;;INTARIAN_PEPPER_ROOT;XIRECS;54014.0;7
27887;;;ASH_COATED_OSMIUM;XIRECS;10004.0;6
27944;;;INTARIAN_PEPPER_ROOT;XIRECS;54033.0;6
28994;;;ASH_COATED_OSMIUM;XIRECS;10001.0;2
29303;;;INTARIAN_PEPPER_ROOT;XIRECS;54020.0;3
30206;;;INTARIAN_PEPPER_ROOT;XIRECS;54038.0;7
30451;;;ASH_COATED_OSMIUM;XIRECS;9999.0;6
31096;;;INTARIAN_PEPPER_ROOT;XIRECS;54021.0;7
31162;;;INTARIAN_PEPPER_ROOT;XIRECS;54026.0;6
31532;;;INTARIAN_PEPPER_ROOT;XIRECS;54025.0;6
31993;;;INTARIAN_PEPPER_ROOT;XIRECS;54028.0;7
32385;;;INTARIAN_PEPPER_ROOT;XIRECS;54020.0;8
33698;;;ASH_COATED_OSMIUM;XIRECS;10018.0;3
35556;;;ASH_COATED_OSMIUM;XIRECS;10000.0;10
35889;;;ASH_COATED_OSMIUM;XIRECS;9991.0;5
36052;;;INTARIAN_PEPPER_ROOT;XIRECS;54041.0;6
36616;;;INTARIAN_PEPPER_ROOT;XIRECS;54030.0;6
36988;;;INTARIAN_PEPPER_ROOT;XIRECS;54030.0;7
38123;;;ASH_COATED_OSMIUM;XIRECS;9983.0;10
39368;;;ASH_COATED_OSMIUM;XIRECS;9996.0;6
39456;;;ASH_COATED_OSMIUM;XIRECS;10001.0;5
39501;;;INTARIAN_PEPPER_ROOT;XIRECS;54030.0;6
40476;;;ASH_COATED_OSMIUM;XIRECS;9996.0;4
41578;;;ASH_COATED_OSMIUM;XIRECS;10007.0;2
41794;;;ASH_COATED_OSMIUM;XIRECS;9986.0;5
42976;;;ASH_COATED_OSMIUM;XIRECS;9995.0;5
48137;;;ASH_COATED_OSMIUM;XIRECS;9980.0;4
50153;;;ASH_COATED_OSMIUM;XIRECS;10003.0;4
50757;;;ASH_COATED_OSMIUM;XIRECS;10008.0;6
50849;;;ASH_COATED_OSMIUM;XIRECS;10014.0;3
53330;;;ASH_COATED_OSMIUM;XIRECS;9990.0;6
53786;;;INTARIAN_PEPPER_ROOT;XIRECS;54060.0;3
54093;;;INTARIAN_PEPPER_ROOT;XIRECS;54062.0;4
57124;;;INTARIAN_PEPPER_ROOT;XIRECS;54052.0;5
57387;;;INTARIAN_PEPPER_ROOT;XIRECS;54066.0;3
60846;;;ASH_COATED_OSMIUM;XIRECS;10003.0;4
64591;;;ASH_COATED_OSMIUM;XIRECS;9990.0;4
64944;;;ASH_COATED_OSMIUM;XIRECS;10007.0;6
65882;;;INTARIAN_PEPPER_ROOT;XIRECS;54073.0;6
66366;;;ASH_COATED_OSMIUM;XIRECS;10011.0;2
71129;;;INTARIAN_PEPPER_ROOT;XIRECS;54079.0;7
72050;;;INTARIAN_PEPPER_ROOT;XIRECS;54079.0;3
72144;;;INTARIAN_PEPPER_ROOT;XIRECS;54065.0;7
72802;;;ASH_COATED_OSMIUM;XIRECS;9994.0;4
73122;;;ASH_COATED_OSMIUM;XIRECS;9989.0;5
74075;;;ASH_COATED_OSMIUM;XIRECS;9996.0;4
76240;;;INTARIAN_PEPPER_ROOT;XIRECS;54066.0;8
77575;;;INTARIAN_PEPPER_ROOT;XIRECS;54080.0;6
78166;;;INTARIAN_PEPPER_ROOT;XIRECS;54068.0;5
78258;;;ASH_COATED_OSMIUM;XIRECS;9991.0;8
79004;;;ASH_COATED_OSMIUM;XIRECS;10003.0;6
79863;;;ASH_COATED_OSMIUM;XIRECS;9985.0;2
81103;;;ASH_COATED_OSMIUM;XIRECS;10000.0;7
81303;;;ASH_COATED_OSMIUM;XIRECS;10013.0;7
81932;;;INTARIAN_PEPPER_ROOT;XIRECS;54073.0;3
83024;;;ASH_COATED_OSMIUM;XIRECS;10003.0;5
83679;;;INTARIAN_PEPPER_ROOT;XIRECS;54081.0;5
84728;;;INTARIAN_PEPPER_ROOT;XIRECS;54080.0;6
85125;;;INTARIAN_PEPPER_ROOT;XIRECS;54079.0;7
86420;;;INTARIAN_PEPPER_ROOT;XIRECS;54080.0;4
86423;;;ASH_COATED_OSMIUM;XIRECS;9999.0;5
87276;;;INTARIAN_PEPPER_ROOT;XIRECS;54083.0;7
88822;;;INTARIAN_PEPPER_ROOT;XIRECS;54095.0;7
89586;;;ASH_COATED_OSMIUM;XIRECS;9992.0;6
89735;;;INTARIAN_PEPPER_ROOT;XIRECS;54080.0;7
90945;;;INTARIAN_PEPPER_ROOT;XIRECS;54080.0;4
91489;;;ASH_COATED_OSMIUM;XIRECS;10000.0;5
92600;;;ASH_COATED_OSMIUM;XIRECS;9996.0;8
95012;;;ASH_COATED_OSMIUM;XIRECS;10013.0;3
95101;;;ASH_COATED_OSMIUM;XIRECS;9998.0;5
96626;;;ASH_COATED_OSMIUM;XIRECS;9990.0;6
97400;;;INTARIAN_PEPPER_ROOT;XIRECS;54088.0;7
98465;;;ASH_COATED_OSMIUM;XIRECS;10000.0;9
98761;;;INTARIAN_PEPPER_ROOT;XIRECS;54092.0;5
99264;;;ASH_COATED_OSMIUM;XIRECS;10017.0;4
99405;;;INTARIAN_PEPPER_ROOT;XIRECS;54093.0;7
100308;;;INTARIAN_PEPPER_ROOT;XIRECS;54100.0;5
103818;;;ASH_COATED_OSMIUM;XIRECS;9991.0;3
105056;;;ASH_COATED_OSMIUM;XIRECS;10006.0;3
105449;;;INTARIAN_PEPPER_ROOT;XIRECS;54104.0;8
105682;;;ASH_COATED_OSMIUM;XIRECS;9993.0;2
111130;;;ASH_COATED_OSMIUM;XIRECS;9991.0;5
111476;;;INTARIAN_PEPPER_ROOT;XIRECS;54120.0;7
112794;;;ASH_COATED_OSMIUM;XIRECS;10015.0;5
113128;;;INTARIAN_PEPPER_ROOT;XIRECS;54122.0;5
114777;;;INTARIAN_PEPPER_ROOT;XIRECS;54107.0;3
117189;;;ASH_COATED_OSMIUM;XIRECS;10000.0;2
117516;;;INTARIAN_PEPPER_ROOT;XIRECS;54109.0;3
118078;;;ASH_COATED_OSMIUM;XIRECS;10004.0;5
118365;;;ASH_COATED_OSMIUM;XIRECS;10004.0;2
119011;;;ASH_COATED_OSMIUM;XIRECS;9987.0;9
120038;;;INTARIAN_PEPPER_ROOT;XIRECS;54130.0;7
120043;;;INTARIAN_PEPPER_ROOT;XIRECS;54130.0;6
120050;;;ASH_COATED_OSMIUM;XIRECS;10008.0;6
121102;;;INTARIAN_PEPPER_ROOT;XIRECS;54128.0;5
121131;;;INTARIAN_PEPPER_ROOT;XIRECS;54128.0;3
125844;;;ASH_COATED_OSMIUM;XIRECS;10007.0;3
129337;;;ASH_COATED_OSMIUM;XIRECS;10000.0;4
129459;;;INTARIAN_PEPPER_ROOT;XIRECS;54130.0;5
129996;;;INTARIAN_PEPPER_ROOT;XIRECS;54120.0;6
130851;;;INTARIAN_PEPPER_ROOT;XIRECS;54126.0;5
131821;;;ASH_COATED_OSMIUM;XIRECS;9995.0;6
132148;;;INTARIAN_PEPPER_ROOT;XIRECS;54129.0;4
133182;;;ASH_COATED_OSMIUM;XIRECS;10007.0;3
133710;;;ASH_COATED_OSMIUM;XIRECS;10000.0;5
136009;;;INTARIAN_PEPPER_ROOT;XIRECS;54143.0;3
136984;;;ASH_COATED_OSMIUM;XIRECS;9991.0;5
137692;;;INTARIAN_PEPPER_ROOT;XIRECS;54148.0;6
140943;;;INTARIAN_PEPPER_ROOT;XIRECS;54147.0;5
141065;;;ASH_COATED_OSMIUM;XIRECS;9997.0;6
141430;;;INTARIAN_PEPPER_ROOT;XIRECS;54146.0;3
143812;;;ASH_COATED_OSMIUM;XIRECS;9998.0;2
144365;;;INTARIAN_PEPPER_ROOT;XIRECS;54135.0;3
146849;;;INTARIAN_PEPPER_ROOT;XIRECS;54141.0;4
148935;;;INTARIAN_PEPPER_ROOT;XIRECS;54142.0;3
150064;;;ASH_COATED_OSMIUM;XIRECS;10015.0;8
157747;;;INTARIAN_PEPPER_ROOT;XIRECS;54168.0;7
159299;;;ASH_COATED_OSMIUM;XIRECS;10009.0;6
162697;;;ASH_COATED_OSMIUM;XIRECS;9999.0;2
162884;;;ASH_COATED_OSMIUM;XIRECS;9997.0;3
164793;;;INTARIAN_PEPPER_ROOT;XIRECS;54173.0;4
165549;;;INTARIAN_PEPPER_ROOT;XIRECS;54171.0;7
166430;;;ASH_COATED_OSMIUM;XIRECS;9991.0;5
170057;;;INTARIAN_PEPPER_ROOT;XIRECS;54164.0;4
170762;;;ASH_COATED_OSMIUM;XIRECS;10008.0;10
170898;;;INTARIAN_PEPPER_ROOT;XIRECS;54166.0;5
171986;;;INTARIAN_PEPPER_ROOT;XIRECS;54169.0;7
172798;;;INTARIAN_PEPPER_ROOT;XIRECS;54177.0;6
174851;;;INTARIAN_PEPPER_ROOT;XIRECS;54173.0;6
177059;;;INTARIAN_PEPPER_ROOT;XIRECS;54184.0;6
181266;;;INTARIAN_PEPPER_ROOT;XIRECS;54188.0;7
182320;;;INTARIAN_PEPPER_ROOT;XIRECS;54176.0;5
182761;;;INTARIAN_PEPPER_ROOT;XIRECS;54192.0;3
186184;;;ASH_COATED_OSMIUM;XIRECS;10008.0;3
188330;;;INTARIAN_PEPPER_ROOT;XIRECS;54196.0;7
188912;;;INTARIAN_PEPPER_ROOT;XIRECS;54196.0;4
190394;;;ASH_COATED_OSMIUM;XIRECS;9998.0;7
191484;;;ASH_COATED_OSMIUM;XIRECS;10007.0;3
193267;;;ASH_COATED_OSMIUM;XIRECS;10017.0;5
194275;;;INTARIAN_PEPPER_ROOT;XIRECS;54201.0;3
195808;;;INTARIAN_PEPPER_ROOT;XIRECS;54190.0;5
196545;;;INTARIAN_PEPPER_ROOT;XIRECS;54190.0;6
196688;;;ASH_COATED_OSMIUM;XIRECS;10015.0;8
197580;;;INTARIAN_PEPPER_ROOT;XIRECS;54201.0;7
200515;;;INTARIAN_PEPPER_ROOT;XIRECS;54193.0;8
200623;;;ASH_COATED_OSMIUM;XIRECS;9988.0;6
203734;;;ASH_COATED_OSMIUM;XIRECS;10010.0;6
210655;;;INTARIAN_PEPPER_ROOT;XIRECS;54214.0;6
213246;;;ASH_COATED_OSMIUM;XIRECS;10008.0;5
213312;;;INTARIAN_PEPPER_ROOT;XIRECS;54207.0;5
214263;;;INTARIAN_PEPPER_ROOT;XIRECS;54207.0;4
215076;;;ASH_COATED_OSMIUM;XIRECS;10008.0;4
216050;;;INTARIAN_PEPPER_ROOT;XIRECS;54229.0;4
217299;;;INTARIAN_PEPPER_ROOT;XIRECS;54224.0;3
218778;;;INTARIAN_PEPPER_ROOT;XIRECS;54215.0;5
220320;;;ASH_COATED_OSMIUM;XIRECS;10002.0;3
220388;;;ASH_COATED_OSMIUM;XIRECS;9983.0;6
222318;;;ASH_COATED_OSMIUM;XIRECS;10007.0;8
222905;;;INTARIAN_PEPPER_ROOT;XIRECS;54231.0;6
223299;;;INTARIAN_PEPPER_ROOT;XIRECS;54226.0;7
226483;;;INTARIAN_PEPPER_ROOT;XIRECS;54230.0;3
229539;;;ASH_COATED_OSMIUM;XIRECS;10017.0;6
230495;;;ASH_COATED_OSMIUM;XIRECS;10005.0;6
232058;;;INTARIAN_PEPPER_ROOT;XIRECS;54240.0;4
234872;;;ASH_COATED_OSMIUM;XIRECS;10006.0;3
237555;;;ASH_COATED_OSMIUM;XIRECS;9994.0;6
238860;;;ASH_COATED_OSMIUM;XIRECS;9993.0;6
239132;;;INTARIAN_PEPPER_ROOT;XIRECS;54233.0;3
244798;;;ASH_COATED_OSMIUM;XIRECS;10004.0;3
245889;;;INTARIAN_PEPPER_ROOT;XIRECS;54236.0;5
246826;;;INTARIAN_PEPPER_ROOT;XIRECS;54240.0;5
247709;;;ASH_COATED_OSMIUM;XIRECS;9992.0;6
248551;;;INTARIAN_PEPPER_ROOT;XIRECS;54254.0;4
249582;;;INTARIAN_PEPPER_ROOT;XIRECS;54250.0;6
249969;;;ASH_COATED_OSMIUM;XIRECS;10013.0;4
252524;;;INTARIAN_PEPPER_ROOT;XIRECS;54258.0;4
253904;;;INTARIAN_PEPPER_ROOT;XIRECS;54250.0;7
254142;;;ASH_COATED_OSMIUM;XIRECS;10007.0;2
255566;;;INTARIAN_PEPPER_ROOT;XIRECS;54255.0;6
256957;;;INTARIAN_PEPPER_ROOT;XIRECS;54251.0;5
258402;;;INTARIAN_PEPPER_ROOT;XIRECS;54267.0;6
259932;;;ASH_COATED_OSMIUM;XIRECS;9999.0;4
262172;;;ASH_COATED_OSMIUM;XIRECS;10014.0;6
266507;;;ASH_COATED_OSMIUM;XIRECS;10010.0;6
266778;;;ASH_COATED_OSMIUM;XIRECS;9992.0;5
266937;;;INTARIAN_PEPPER_ROOT;XIRECS;54258.0;6
267452;;;INTARIAN_PEPPER_ROOT;XIRECS;54272.0;3
267468;;;ASH_COATED_OSMIUM;XIRECS;9995.0;4
272094;;;ASH_COATED_OSMIUM;XIRECS;9992.0;7
272331;;;INTARIAN_PEPPER_ROOT;XIRECS;54277.0;6
272596;;;ASH_COATED_OSMIUM;XIRECS;9997.0;10
275548;;;INTARIAN_PEPPER_ROOT;XIRECS;54271.0;6
276831;;;ASH_COATED_OSMIUM;XIRECS;10004.0;7
276858;;;ASH_COATED_OSMIUM;XIRECS;9988.0;7
277224;;;INTARIAN_PEPPER_ROOT;XIRECS;54285.0;7
279896;;;ASH_COATED_OSMIUM;XIRECS;10009.0;9
282289;;;ASH_COATED_OSMIUM;XIRECS;10002.0;3
282330;;;ASH_COATED_OSMIUM;XIRECS;9986.0;8
282339;;;INTARIAN_PEPPER_ROOT;XIRECS;54286.0;3
284902;;;ASH_COATED_OSMIUM;XIRECS;9995.0;9
288962;;;ASH_COATED_OSMIUM;XIRECS;10016.0;7
290657;;;ASH_COATED_OSMIUM;XIRECS;10010.0;2
292997;;;ASH_COATED_OSMIUM;XIRECS;10005.0;6
296303;;;ASH_COATED_OSMIUM;XIRECS;9992.0;7
298021;;;ASH_COATED_OSMIUM;XIRECS;9997.0;4
298537;;;ASH_COATED_OSMIUM;XIRECS;10007.0;6
299465;;;INTARIAN_PEPPER_ROOT;XIRECS;54308.0;6
301568;;;ASH_COATED_OSMIUM;XIRECS;9997.0;2
303258;;;ASH_COATED_OSMIUM;XIRECS;9989.0;3
305955;;;ASH_COATED_OSMIUM;XIRECS;10017.0;5
308656;;;ASH_COATED_OSMIUM;XIRECS;9988.0;7
310226;;;ASH_COATED_OSMIUM;XIRECS;10000.0;5
310362;;;INTARIAN_PEPPER_ROOT;XIRECS;54320.0;7
310973;;;ASH_COATED_OSMIUM;XIRECS;10013.0;2
310990;;;INTARIAN_PEPPER_ROOT;XIRECS;54300.0;3
312915;;;ASH_COATED_OSMIUM;XIRECS;10014.0;5
313180;;;INTARIAN_PEPPER_ROOT;XIRECS;54311.0;6
313737;;;ASH_COATED_OSMIUM;XIRECS;9998.0;3
314905;;;INTARIAN_PEPPER_ROOT;XIRECS;54306.0;5
315824;;;INTARIAN_PEPPER_ROOT;XIRECS;54328.0;5
316430;;;ASH_COATED_OSMIUM;XIRECS;9983.0;5
317110;;;INTARIAN_PEPPER_ROOT;XIRECS;54313.0;7
320469;;;ASH_COATED_OSMIUM;XIRECS;10013.0;6
320885;;;ASH_COATED_OSMIUM;XIRECS;9998.0;5
321774;;;ASH_COATED_OSMIUM;XIRECS;10008.0;8
321800;;;ASH_COATED_OSMIUM;XIRECS;9985.0;10
322751;;;ASH_COATED_OSMIUM;XIRECS;9993.0;6
323962;;;ASH_COATED_OSMIUM;XIRECS;9986.0;3
324114;;;ASH_COATED_OSMIUM;XIRECS;10003.0;6
324119;;;ASH_COATED_OSMIUM;XIRECS;10003.0;9
325674;;;ASH_COATED_OSMIUM;XIRECS;9990.0;5
326689;;;INTARIAN_PEPPER_ROOT;XIRECS;54316.0;5
326952;;;INTARIAN_PEPPER_ROOT;XIRECS;54331.0;3
329266;;;INTARIAN_PEPPER_ROOT;XIRECS;54332.0;5
329461;;;ASH_COATED_OSMIUM;XIRECS;9997.0;6
332089;;;ASH_COATED_OSMIUM;XIRECS;9995.0;6
332247;;;ASH_COATED_OSMIUM;XIRECS;9996.0;6
333449;;;ASH_COATED_OSMIUM;XIRECS;9993.0;3
333685;;;ASH_COATED_OSMIUM;XIRECS;9994.0;2
333788;;;ASH_COATED_OSMIUM;XIRECS;10014.0;3
336254;;;ASH_COATED_OSMIUM;XIRECS;9990.0;8
337018;;;INTARIAN_PEPPER_ROOT;XIRECS;54331.0;3
337292;;;ASH_COATED_OSMIUM;XIRECS;9992.0;8
337591;;;ASH_COATED_OSMIUM;XIRECS;9988.0;3
338280;;;INTARIAN_PEPPER_ROOT;XIRECS;54344.0;4
338706;;;INTARIAN_PEPPER_ROOT;XIRECS;54343.0;3
338843;;;ASH_COATED_OSMIUM;XIRECS;10007.0;2
339086;;;INTARIAN_PEPPER_ROOT;XIRECS;54347.0;7
339254;;;ASH_COATED_OSMIUM;XIRECS;9992.0;5
339879;;;ASH_COATED_OSMIUM;XIRECS;9982.0;4
342214;;;ASH_COATED_OSMIUM;XIRECS;10001.0;2
343233;;;ASH_COATED_OSMIUM;XIRECS;9985.0;5
343446;;;ASH_COATED_OSMIUM;XIRECS;9982.0;2
344180;;;ASH_COATED_OSMIUM;XIRECS;9987.0;6
345710;;;ASH_COATED_OSMIUM;XIRECS;9994.0;4
346208;;;INTARIAN_PEPPER_ROOT;XIRECS;54355.0;7
348757;;;INTARIAN_PEPPER_ROOT;XIRECS;54353.0;4
348766;;;INTARIAN_PEPPER_ROOT;XIRECS;54342.0;7
349932;;;INTARIAN_PEPPER_ROOT;XIRECS;54345.0;7
350449;;;INTARIAN_PEPPER_ROOT;XIRECS;54343.0;8
351417;;;INTARIAN_PEPPER_ROOT;XIRECS;54346.0;3
351802;;;ASH_COATED_OSMIUM;XIRECS;10011.0;4
351883;;;INTARIAN_PEPPER_ROOT;XIRECS;54346.0;6
352468;;;ASH_COATED_OSMIUM;XIRECS;9984.0;6
355635;;;INTARIAN_PEPPER_ROOT;XIRECS;54365.0;5
356984;;;INTARIAN_PEPPER_ROOT;XIRECS;54351.0;4
358093;;;ASH_COATED_OSMIUM;XIRECS;10003.0;6
359627;;;INTARIAN_PEPPER_ROOT;XIRECS;54365.0;6
363664;;;ASH_COATED_OSMIUM;XIRECS;10012.0;5
365357;;;ASH_COATED_OSMIUM;XIRECS;10006.0;6
369138;;;ASH_COATED_OSMIUM;XIRECS;10006.0;4
371111;;;ASH_COATED_OSMIUM;XIRECS;10006.0;3
373899;;;INTARIAN_PEPPER_ROOT;XIRECS;54381.0;6
375009;;;ASH_COATED_OSMIUM;XIRECS;10008.0;9
375051;;;INTARIAN_PEPPER_ROOT;XIRECS;54379.0;5
375457;;;INTARIAN_PEPPER_ROOT;XIRECS;54385.0;5
375524;;;INTARIAN_PEPPER_ROOT;XIRECS;54380.0;3
376622;;;ASH_COATED_OSMIUM;XIRECS;9992.0;4
379719;;;ASH_COATED_OSMIUM;XIRECS;10013.0;10
380215;;;INTARIAN_PEPPER_ROOT;XIRECS;54386.0;3
383328;;;INTARIAN_PEPPER_ROOT;XIRECS;54376.0;3
384368;;;INTARIAN_PEPPER_ROOT;XIRECS;54377.0;4
385854;;;ASH_COATED_OSMIUM;XIRECS;9990.0;2
386326;;;ASH_COATED_OSMIUM;XIRECS;9992.0;6
386605;;;INTARIAN_PEPPER_ROOT;XIRECS;54390.0;7
387139;;;INTARIAN_PEPPER_ROOT;XIRECS;54382.0;3
387205;;;ASH_COATED_OSMIUM;XIRECS;10012.0;7
391797;;;ASH_COATED_OSMIUM;XIRECS;10007.0;4
393392;;;INTARIAN_PEPPER_ROOT;XIRECS;54402.0;3
393453;;;ASH_COATED_OSMIUM;XIRECS;9999.0;2
396937;;;INTARIAN_PEPPER_ROOT;XIRECS;54387.0;4
397171;;;ASH_COATED_OSMIUM;XIRECS;10011.0;6
398874;;;ASH_COATED_OSMIUM;XIRECS;10000.0;3
401772;;;INTARIAN_PEPPER_ROOT;XIRECS;54406.0;4
401910;;;INTARIAN_PEPPER_ROOT;XIRECS;54395.0;5
402445;;;INTARIAN_PEPPER_ROOT;XIRECS;54396.0;3
402970;;;ASH_COATED_OSMIUM;XIRECS;10006.0;3
405703;;;INTARIAN_PEPPER_ROOT;XIRECS;54398.0;5
407478;;;INTARIAN_PEPPER_ROOT;XIRECS;54415.0;3
409860;;;INTARIAN_PEPPER_ROOT;XIRECS;54417.0;7
410104;;;INTARIAN_PEPPER_ROOT;XIRECS;54417.0;8
410136;;;ASH_COATED_OSMIUM;XIRECS;9987.0;4
410227;;;ASH_COATED_OSMIUM;XIRECS;10005.0;9
411809;;;ASH_COATED_OSMIUM;XIRECS;10014.0;5
413730;;;INTARIAN_PEPPER_ROOT;XIRECS;54422.0;6
413947;;;INTARIAN_PEPPER_ROOT;XIRECS;54420.0;5
415468;;;INTARIAN_PEPPER_ROOT;XIRECS;54418.0;3
419113;;;ASH_COATED_OSMIUM;XIRECS;10004.0;8
419337;;;ASH_COATED_OSMIUM;XIRECS;10010.0;5
419450;;;ASH_COATED_OSMIUM;XIRECS;9990.0;2
423774;;;ASH_COATED_OSMIUM;XIRECS;9993.0;6
425639;;;INTARIAN_PEPPER_ROOT;XIRECS;54419.0;3
426232;;;ASH_COATED_OSMIUM;XIRECS;10009.0;3
433494;;;ASH_COATED_OSMIUM;XIRECS;9990.0;3
433737;;;ASH_COATED_OSMIUM;XIRECS;9988.0;4
435772;;;INTARIAN_PEPPER_ROOT;XIRECS;54445.0;8
435853;;;ASH_COATED_OSMIUM;XIRECS;10010.0;2
437075;;;ASH_COATED_OSMIUM;XIRECS;9991.0;9
439433;;;ASH_COATED_OSMIUM;XIRECS;9991.0;4
440010;;;INTARIAN_PEPPER_ROOT;XIRECS;54446.0;5
445191;;;INTARIAN_PEPPER_ROOT;XIRECS;54449.0;7
446566;;;INTARIAN_PEPPER_ROOT;XIRECS;54436.0;6
446591;;;INTARIAN_PEPPER_ROOT;XIRECS;54450.0;5
447414;;;ASH_COATED_OSMIUM;XIRECS;10011.0;6
449589;;;ASH_COATED_OSMIUM;XIRECS;10014.0;3
450089;;;INTARIAN_PEPPER_ROOT;XIRECS;54443.0;6
450188;;;ASH_COATED_OSMIUM;XIRECS;10008.0;5
450759;;;ASH_COATED_OSMIUM;XIRECS;10003.0;5
453777;;;ASH_COATED_OSMIUM;XIRECS;9987.0;10
454617;;;ASH_COATED_OSMIUM;XIRECS;9994.0;3
455013;;;ASH_COATED_OSMIUM;XIRECS;9989.0;3
455153;;;ASH_COATED_OSMIUM;XIRECS;9988.0;3
457879;;;ASH_COATED_OSMIUM;XIRECS;9982.0;4
459144;;;ASH_COATED_OSMIUM;XIRECS;10009.0;3
459639;;;ASH_COATED_OSMIUM;XIRECS;9991.0;5
461409;;;ASH_COATED_OSMIUM;XIRECS;9994.0;6
466554;;;ASH_COATED_OSMIUM;XIRECS;9987.0;5
467550;;;ASH_COATED_OSMIUM;XIRECS;10009.0;6
468410;;;INTARIAN_PEPPER_ROOT;XIRECS;54474.0;5
468429;;;ASH_COATED_OSMIUM;XIRECS;9990.0;5
470144;;;ASH_COATED_OSMIUM;XIRECS;10000.0;2
471539;;;ASH_COATED_OSMIUM;XIRECS;9992.0;6
472576;;;ASH_COATED_OSMIUM;XIRECS;9998.0;5
474165;;;ASH_COATED_OSMIUM;XIRECS;10005.0;6
474912;;;ASH_COATED_OSMIUM;XIRECS;9991.0;5
475191;;;ASH_COATED_OSMIUM;XIRECS;10010.0;5
480196;;;INTARIAN_PEPPER_ROOT;XIRECS;54488.0;4
480625;;;ASH_COATED_OSMIUM;XIRECS;10008.0;3
483276;;;ASH_COATED_OSMIUM;XIRECS;10011.0;2
483564;;;ASH_COATED_OSMIUM;XIRECS;10006.0;7
483797;;;INTARIAN_PEPPER_ROOT;XIRECS;54491.0;8
484435;;;ASH_COATED_OSMIUM;XIRECS;10004.0;4
484666;;;INTARIAN_PEPPER_ROOT;XIRECS;54478.0;5
485296;;;ASH_COATED_OSMIUM;XIRECS;9988.0;7
485576;;;ASH_COATED_OSMIUM;XIRECS;10007.0;3
490022;;;ASH_COATED_OSMIUM;XIRECS;9998.0;2
490677;;;ASH_COATED_OSMIUM;XIRECS;9990.0;8
493583;;;INTARIAN_PEPPER_ROOT;XIRECS;54501.0;4
493666;;;ASH_COATED_OSMIUM;XIRECS;10000.0;3
494205;;;INTARIAN_PEPPER_ROOT;XIRECS;54487.0;3
496589;;;INTARIAN_PEPPER_ROOT;XIRECS;54507.0;6
496881;;;ASH_COATED_OSMIUM;XIRECS;9998.0;3
499096;;;INTARIAN_PEPPER_ROOT;XIRECS;54493.0;7
502095;;;ASH_COATED_OSMIUM;XIRECS;9999.0;2
507760;;;INTARIAN_PEPPER_ROOT;XIRECS;54499.0;4
508758;;;ASH_COATED_OSMIUM;XIRECS;9999.0;8
509460;;;INTARIAN_PEPPER_ROOT;XIRECS;54516.0;7
509648;;;INTARIAN_PEPPER_ROOT;XIRECS;54515.0;7
511012;;;ASH_COATED_OSMIUM;XIRECS;10018.0;6
513605;;;INTARIAN_PEPPER_ROOT;XIRECS;54515.0;7
514024;;;INTARIAN_PEPPER_ROOT;XIRECS;54512.0;3
514770;;;INTARIAN_PEPPER_ROOT;XIRECS;54511.0;7
515102;;;ASH_COATED_OSMIUM;XIRECS;9999.0;3
517565;;;INTARIAN_PEPPER_ROOT;XIRECS;54522.0;6
520284;;;ASH_COATED_OSMIUM;XIRECS;9992.0;5
520863;;;ASH_COATED_OSMIUM;XIRECS;10011.0;10
521869;;;INTARIAN_PEPPER_ROOT;XIRECS;54513.0;6
521957;;;INTARIAN_PEPPER_ROOT;XIRECS;54522.0;7
522818;;;INTARIAN_PEPPER_ROOT;XIRECS;54526.0;8
523266;;;ASH_COATED_OSMIUM;XIRECS;9989.0;4
524515;;;ASH_COATED_OSMIUM;XIRECS;9998.0;8
524733;;;ASH_COATED_OSMIUM;XIRECS;10010.0;6
525667;;;ASH_COATED_OSMIUM;XIRECS;10004.0;5
526138;;;INTARIAN_PEPPER_ROOT;XIRECS;54520.0;7
528391;;;ASH_COATED_OSMIUM;XIRECS;9996.0;5
528972;;;ASH_COATED_OSMIUM;XIRECS;9990.0;2
531002;;;INTARIAN_PEPPER_ROOT;XIRECS;54539.0;7
535244;;;ASH_COATED_OSMIUM;XIRECS;9995.0;2
537289;;;INTARIAN_PEPPER_ROOT;XIRECS;54545.0;4
537962;;;ASH_COATED_OSMIUM;XIRECS;10006.0;5
539422;;;INTARIAN_PEPPER_ROOT;XIRECS;54535.0;6
540422;;;ASH_COATED_OSMIUM;XIRECS;10003.0;9
540959;;;ASH_COATED_OSMIUM;XIRECS;9998.0;5
543631;;;INTARIAN_PEPPER_ROOT;XIRECS;54534.0;7
544956;;;INTARIAN_PEPPER_ROOT;XIRECS;54549.0;4
545484;;;INTARIAN_PEPPER_ROOT;XIRECS;54555.0;5
547947;;;ASH_COATED_OSMIUM;XIRECS;10005.0;6
553875;;;INTARIAN_PEPPER_ROOT;XIRECS;54546.0;5
556658;;;INTARIAN_PEPPER_ROOT;XIRECS;54562.0;7
557783;;;INTARIAN_PEPPER_ROOT;XIRECS;54566.0;3
560057;;;ASH_COATED_OSMIUM;XIRECS;9993.0;6
560077;;;ASH_COATED_OSMIUM;XIRECS;9993.0;4
560353;;;INTARIAN_PEPPER_ROOT;XIRECS;54552.0;4
560484;;;ASH_COATED_OSMIUM;XIRECS;10012.0;9
561075;;;INTARIAN_PEPPER_ROOT;XIRECS;54567.0;7
563410;;;INTARIAN_PEPPER_ROOT;XIRECS;54573.0;7
563973;;;ASH_COATED_OSMIUM;XIRECS;9996.0;9
569895;;;INTARIAN_PEPPER_ROOT;XIRECS;54563.0;6
570397;;;ASH_COATED_OSMIUM;XIRECS;10001.0;2
572328;;;ASH_COATED_OSMIUM;XIRECS;9994.0;10
574790;;;INTARIAN_PEPPER_ROOT;XIRECS;54579.0;7
576107;;;ASH_COATED_OSMIUM;XIRECS;10014.0;6
578926;;;ASH_COATED_OSMIUM;XIRECS;10002.0;3
579423;;;ASH_COATED_OSMIUM;XIRECS;10007.0;3
580229;;;ASH_COATED_OSMIUM;XIRECS;10011.0;3
581203;;;ASH_COATED_OSMIUM;XIRECS;10012.0;2
581231;;;ASH_COATED_OSMIUM;XIRECS;10012.0;8
582452;;;INTARIAN_PEPPER_ROOT;XIRECS;54575.0;7
586145;;;INTARIAN_PEPPER_ROOT;XIRECS;54583.0;6
586634;;;INTARIAN_PEPPER_ROOT;XIRECS;54595.0;7
588236;;;ASH_COATED_OSMIUM;XIRECS;9997.0;2
592330;;;ASH_COATED_OSMIUM;XIRECS;9998.0;2
594386;;;INTARIAN_PEPPER_ROOT;XIRECS;54587.0;7
595472;;;INTARIAN_PEPPER_ROOT;XIRECS;54587.0;7
595485;;;ASH_COATED_OSMIUM;XIRECS;10018.0;6
598264;;;ASH_COATED_OSMIUM;XIRECS;10011.0;3
601992;;;ASH_COATED_OSMIUM;XIRECS;10015.0;6
604557;;;ASH_COATED_OSMIUM;XIRECS;10012.0;6
606988;;;ASH_COATED_OSMIUM;XIRECS;9997.0;9
607251;;;ASH_COATED_OSMIUM;XIRECS;9994.0;4
607546;;;ASH_COATED_OSMIUM;XIRECS;9988.0;3
608069;;;ASH_COATED_OSMIUM;XIRECS;9993.0;5
609498;;;ASH_COATED_OSMIUM;XIRECS;10007.0;6
610366;;;INTARIAN_PEPPER_ROOT;XIRECS;54603.0;5
613000;;;ASH_COATED_OSMIUM;XIRECS;10009.0;5
613457;;;ASH_COATED_OSMIUM;XIRECS;10012.0;5
614842;;;ASH_COATED_OSMIUM;XIRECS;10014.0;5
617280;;;INTARIAN_PEPPER_ROOT;XIRECS;54608.0;6
623146;;;ASH_COATED_OSMIUM;XIRECS;9993.0;6
623916;;;ASH_COATED_OSMIUM;XIRECS;10008.0;8
624244;;;INTARIAN_PEPPER_ROOT;XIRECS;54628.0;5
624768;;;ASH_COATED_OSMIUM;XIRECS;10010.0;6
626255;;;INTARIAN_PEPPER_ROOT;XIRECS;54616.0;3
628063;;;ASH_COATED_OSMIUM;XIRECS;10011.0;4
631846;;;INTARIAN_PEPPER_ROOT;XIRECS;54638.0;5
636048;;;INTARIAN_PEPPER_ROOT;XIRECS;54628.0;5
637644;;;ASH_COATED_OSMIUM;XIRECS;10000.0;3
637750;;;INTARIAN_PEPPER_ROOT;XIRECS;54643.0;6
638730;;;ASH_COATED_OSMIUM;XIRECS;10001.0;5
641901;;;ASH_COATED_OSMIUM;XIRECS;10011.0;2
642994;;;ASH_COATED_OSMIUM;XIRECS;9992.0;5
644391;;;INTARIAN_PEPPER_ROOT;XIRECS;54652.0;6
645178;;;INTARIAN_PEPPER_ROOT;XIRECS;54637.0;6
651689;;;ASH_COATED_OSMIUM;XIRECS;9989.0;4
652206;;;ASH_COATED_OSMIUM;XIRECS;9994.0;6
653585;;;ASH_COATED_OSMIUM;XIRECS;10011.0;6
653594;;;ASH_COATED_OSMIUM;XIRECS;9995.0;9
653890;;;INTARIAN_PEPPER_ROOT;XIRECS;54661.0;7
655610;;;ASH_COATED_OSMIUM;XIRECS;9988.0;3
656314;;;ASH_COATED_OSMIUM;XIRECS;9997.0;6
656931;;;ASH_COATED_OSMIUM;XIRECS;9986.0;6
658538;;;INTARIAN_PEPPER_ROOT;XIRECS;54664.0;6
658702;;;INTARIAN_PEPPER_ROOT;XIRECS;54664.0;6
660950;;;INTARIAN_PEPPER_ROOT;XIRECS;54656.0;8
665607;;;ASH_COATED_OSMIUM;XIRECS;10009.0;6
666245;;;INTARIAN_PEPPER_ROOT;XIRECS;54659.0;6
669708;;;INTARIAN_PEPPER_ROOT;XIRECS;54678.0;6
670494;;;ASH_COATED_OSMIUM;XIRECS;10010.0;3
671824;;;INTARIAN_PEPPER_ROOT;XIRECS;54675.0;4
673609;;;ASH_COATED_OSMIUM;XIRECS;9994.0;5
676524;;;INTARIAN_PEPPER_ROOT;XIRECS;54681.0;5
679346;;;ASH_COATED_OSMIUM;XIRECS;9998.0;3
680783;;;INTARIAN_PEPPER_ROOT;XIRECS;54671.0;4
680884;;;ASH_COATED_OSMIUM;XIRECS;10004.0;3
682341;;;INTARIAN_PEPPER_ROOT;XIRECS;54688.0;5
683817;;;ASH_COATED_OSMIUM;XIRECS;10017.0;4
685641;;;INTARIAN_PEPPER_ROOT;XIRECS;54693.0;7
688899;;;INTARIAN_PEPPER_ROOT;XIRECS;54698.0;7
689507;;;ASH_COATED_OSMIUM;XIRECS;9998.0;6
689933;;;INTARIAN_PEPPER_ROOT;XIRECS;54680.0;5
690712;;;ASH_COATED_OSMIUM;XIRECS;10009.0;6
690910;;;ASH_COATED_OSMIUM;XIRECS;9987.0;8
695382;;;ASH_COATED_OSMIUM;XIRECS;10008.0;2
696089;;;ASH_COATED_OSMIUM;XIRECS;9999.0;4
696248;;;ASH_COATED_OSMIUM;XIRECS;9992.0;8
697906;;;INTARIAN_PEPPER_ROOT;XIRECS;54704.0;6
700410;;;ASH_COATED_OSMIUM;XIRECS;9997.0;9
701888;;;INTARIAN_PEPPER_ROOT;XIRECS;54697.0;3
702366;;;INTARIAN_PEPPER_ROOT;XIRECS;54693.0;3
702444;;;ASH_COATED_OSMIUM;XIRECS;9995.0;5
702564;;;ASH_COATED_OSMIUM;XIRECS;9982.0;10
707536;;;INTARIAN_PEPPER_ROOT;XIRECS;54714.0;3
711435;;;ASH_COATED_OSMIUM;XIRECS;9993.0;3
712657;;;ASH_COATED_OSMIUM;XIRECS;10008.0;2
712680;;;INTARIAN_PEPPER_ROOT;XIRECS;54707.0;4
712694;;;INTARIAN_PEPPER_ROOT;XIRECS;54707.0;6
713051;;;ASH_COATED_OSMIUM;XIRECS;10011.0;8
713490;;;ASH_COATED_OSMIUM;XIRECS;10018.0;6
713577;;;ASH_COATED_OSMIUM;XIRECS;10012.0;6
714465;;;INTARIAN_PEPPER_ROOT;XIRECS;54719.0;5
714651;;;INTARIAN_PEPPER_ROOT;XIRECS;54720.0;6
714999;;;INTARIAN_PEPPER_ROOT;XIRECS;54707.0;5
715397;;;ASH_COATED_OSMIUM;XIRECS;10011.0;5
716414;;;ASH_COATED_OSMIUM;XIRECS;9985.0;3
716796;;;ASH_COATED_OSMIUM;XIRECS;10005.0;5
716956;;;ASH_COATED_OSMIUM;XIRECS;10001.0;5
718428;;;ASH_COATED_OSMIUM;XIRECS;10010.0;2
718685;;;INTARIAN_PEPPER_ROOT;XIRECS;54708.0;7
718726;;;ASH_COATED_OSMIUM;XIRECS;9986.0;2
719158;;;INTARIAN_PEPPER_ROOT;XIRECS;54724.0;3
719598;;;INTARIAN_PEPPER_ROOT;XIRECS;54712.0;6
720190;;;ASH_COATED_OSMIUM;XIRECS;10006.0;9
721110;;;INTARIAN_PEPPER_ROOT;XIRECS;54728.0;8
722170;;;INTARIAN_PEPPER_ROOT;XIRECS;54732.0;5
722471;;;ASH_COATED_OSMIUM;XIRECS;10002.0;4
723623;;;ASH_COATED_OSMIUM;XIRECS;9985.0;6
725281;;;ASH_COATED_OSMIUM;XIRECS;10004.0;6
725333;;;ASH_COATED_OSMIUM;XIRECS;10007.0;3
726319;;;INTARIAN_PEPPER_ROOT;XIRECS;54731.0;7
729142;;;INTARIAN_PEPPER_ROOT;XIRECS;54723.0;5
731418;;;INTARIAN_PEPPER_ROOT;XIRECS;54726.0;4
734213;;;ASH_COATED_OSMIUM;XIRECS;9988.0;4
734321;;;INTARIAN_PEPPER_ROOT;XIRECS;54732.0;7
739781;;;ASH_COATED_OSMIUM;XIRECS;10001.0;3
741143;;;INTARIAN_PEPPER_ROOT;XIRECS;54738.0;5
741979;;;ASH_COATED_OSMIUM;XIRECS;10018.0;2
742339;;;ASH_COATED_OSMIUM;XIRECS;9991.0;5
742483;;;ASH_COATED_OSMIUM;XIRECS;9997.0;6
744325;;;INTARIAN_PEPPER_ROOT;XIRECS;54735.0;5
744743;;;INTARIAN_PEPPER_ROOT;XIRECS;54753.0;5
747034;;;INTARIAN_PEPPER_ROOT;XIRECS;54743.0;6
747134;;;INTARIAN_PEPPER_ROOT;XIRECS;54753.0;3
750087;;;ASH_COATED_OSMIUM;XIRECS;10008.0;9
750716;;;ASH_COATED_OSMIUM;XIRECS;9996.0;4
751466;;;INTARIAN_PEPPER_ROOT;XIRECS;54761.0;5
751742;;;ASH_COATED_OSMIUM;XIRECS;10000.0;6
752894;;;INTARIAN_PEPPER_ROOT;XIRECS;54762.0;5
753626;;;ASH_COATED_OSMIUM;XIRECS;10008.0;4
754258;;;INTARIAN_PEPPER_ROOT;XIRECS;54747.0;6
756665;;;ASH_COATED_OSMIUM;XIRECS;10011.0;7
756771;;;ASH_COATED_OSMIUM;XIRECS;10009.0;6
760039;;;ASH_COATED_OSMIUM;XIRECS;10003.0;4
761973;;;INTARIAN_PEPPER_ROOT;XIRECS;54767.0;6
762774;;;ASH_COATED_OSMIUM;XIRECS;10004.0;10
764278;;;ASH_COATED_OSMIUM;XIRECS;9997.0;2
764536;;;INTARIAN_PEPPER_ROOT;XIRECS;54768.0;6
764745;;;ASH_COATED_OSMIUM;XIRECS;9994.0;4
767825;;;ASH_COATED_OSMIUM;XIRECS;9998.0;3
768405;;;INTARIAN_PEPPER_ROOT;XIRECS;54763.0;5
768624;;;ASH_COATED_OSMIUM;XIRECS;10006.0;5
769725;;;INTARIAN_PEPPER_ROOT;XIRECS;54772.0;3
770381;;;ASH_COATED_OSMIUM;XIRECS;9996.0;9
770606;;;ASH_COATED_OSMIUM;XIRECS;9987.0;6
771716;;;ASH_COATED_OSMIUM;XIRECS;9990.0;6
771771;;;ASH_COATED_OSMIUM;XIRECS;9990.0;2
773282;;;INTARIAN_PEPPER_ROOT;XIRECS;54766.0;3
775369;;;ASH_COATED_OSMIUM;XIRECS;9994.0;3
775849;;;INTARIAN_PEPPER_ROOT;XIRECS;54783.0;6
778391;;;ASH_COATED_OSMIUM;XIRECS;9992.0;2
778484;;;ASH_COATED_OSMIUM;XIRECS;9988.0;6
780125;;;INTARIAN_PEPPER_ROOT;XIRECS;54771.0;3
780410;;;INTARIAN_PEPPER_ROOT;XIRECS;54774.0;6
781544;;;INTARIAN_PEPPER_ROOT;XIRECS;54787.0;4
787317;;;ASH_COATED_OSMIUM;XIRECS;9990.0;4
788231;;;INTARIAN_PEPPER_ROOT;XIRECS;54792.0;6
788376;;;ASH_COATED_OSMIUM;XIRECS;9992.0;5
788412;;;ASH_COATED_OSMIUM;XIRECS;10010.0;2
790457;;;INTARIAN_PEPPER_ROOT;XIRECS;54783.0;7
793159;;;ASH_COATED_OSMIUM;XIRECS;10001.0;2
794388;;;ASH_COATED_OSMIUM;XIRECS;9988.0;8
796965;;;ASH_COATED_OSMIUM;XIRECS;9998.0;9
799270;;;INTARIAN_PEPPER_ROOT;XIRECS;54808.0;6
800716;;;ASH_COATED_OSMIUM;XIRECS;10012.0;8
801154;;;INTARIAN_PEPPER_ROOT;XIRECS;54794.0;5
802725;;;INTARIAN_PEPPER_ROOT;XIRECS;54789.0;5
803611;;;ASH_COATED_OSMIUM;XIRECS;9984.0;9
806206;;;ASH_COATED_OSMIUM;XIRECS;9994.0;6
806789;;;INTARIAN_PEPPER_ROOT;XIRECS;54796.0;5
807316;;;ASH_COATED_OSMIUM;XIRECS;10012.0;8
807608;;;ASH_COATED_OSMIUM;XIRECS;9994.0;2
808480;;;INTARIAN_PEPPER_ROOT;XIRECS;54800.0;7
812098;;;ASH_COATED_OSMIUM;XIRECS;10010.0;5
813871;;;ASH_COATED_OSMIUM;XIRECS;9999.0;2
814552;;;ASH_COATED_OSMIUM;XIRECS;9994.0;3
816102;;;ASH_COATED_OSMIUM;XIRECS;10005.0;4
817211;;;INTARIAN_PEPPER_ROOT;XIRECS;54824.0;7
819030;;;INTARIAN_PEPPER_ROOT;XIRECS;54809.0;4
820104;;;INTARIAN_PEPPER_ROOT;XIRECS;54812.0;7
821841;;;ASH_COATED_OSMIUM;XIRECS;10006.0;5
822618;;;ASH_COATED_OSMIUM;XIRECS;10009.0;7
824695;;;INTARIAN_PEPPER_ROOT;XIRECS;54820.0;7
824735;;;ASH_COATED_OSMIUM;XIRECS;10018.0;6
825810;;;ASH_COATED_OSMIUM;XIRECS;10008.0;9
827629;;;ASH_COATED_OSMIUM;XIRECS;10004.0;4
828034;;;ASH_COATED_OSMIUM;XIRECS;9993.0;3
828051;;;INTARIAN_PEPPER_ROOT;XIRECS;54838.0;7
829154;;;ASH_COATED_OSMIUM;XIRECS;9979.0;5
830019;;;ASH_COATED_OSMIUM;XIRECS;10009.0;8
830242;;;INTARIAN_PEPPER_ROOT;XIRECS;54823.0;3
832148;;;ASH_COATED_OSMIUM;XIRECS;10006.0;2
834277;;;ASH_COATED_OSMIUM;XIRECS;9998.0;10
835915;;;INTARIAN_PEPPER_ROOT;XIRECS;54832.0;3
837355;;;INTARIAN_PEPPER_ROOT;XIRECS;54845.0;6
838800;;;ASH_COATED_OSMIUM;XIRECS;9990.0;2
839271;;;INTARIAN_PEPPER_ROOT;XIRECS;54831.0;3
839477;;;ASH_COATED_OSMIUM;XIRECS;10005.0;3
840885;;;ASH_COATED_OSMIUM;XIRECS;9992.0;5
841367;;;ASH_COATED_OSMIUM;XIRECS;9988.0;4
842152;;;INTARIAN_PEPPER_ROOT;XIRECS;54847.0;4
843512;;;INTARIAN_PEPPER_ROOT;XIRECS;54839.0;6
844092;;;ASH_COATED_OSMIUM;XIRECS;9991.0;2
844866;;;ASH_COATED_OSMIUM;XIRECS;10007.0;6
847192;;;INTARIAN_PEPPER_ROOT;XIRECS;54840.0;5
848517;;;ASH_COATED_OSMIUM;XIRECS;10003.0;5
849227;;;ASH_COATED_OSMIUM;XIRECS;9993.0;7
851948;;;INTARIAN_PEPPER_ROOT;XIRECS;54854.0;3
852405;;;ASH_COATED_OSMIUM;XIRECS;9976.0;4
852890;;;INTARIAN_PEPPER_ROOT;XIRECS;54859.0;7
854095;;;ASH_COATED_OSMIUM;XIRECS;10008.0;3
854991;;;ASH_COATED_OSMIUM;XIRECS;9985.0;5
855546;;;ASH_COATED_OSMIUM;XIRECS;10013.0;5
855875;;;ASH_COATED_OSMIUM;XIRECS;10007.0;8
856926;;;ASH_COATED_OSMIUM;XIRECS;9993.0;3
858000;;;ASH_COATED_OSMIUM;XIRECS;9997.0;3
858846;;;INTARIAN_PEPPER_ROOT;XIRECS;54862.0;5
859692;;;ASH_COATED_OSMIUM;XIRECS;10000.0;6
860271;;;ASH_COATED_OSMIUM;XIRECS;10012.0;2
860429;;;ASH_COATED_OSMIUM;XIRECS;10012.0;8
862218;;;ASH_COATED_OSMIUM;XIRECS;9986.0;7
868122;;;ASH_COATED_OSMIUM;XIRECS;10001.0;10
871240;;;ASH_COATED_OSMIUM;XIRECS;10014.0;10
873141;;;INTARIAN_PEPPER_ROOT;XIRECS;54866.0;6
874482;;;INTARIAN_PEPPER_ROOT;XIRECS;54888.0;4
875044;;;ASH_COATED_OSMIUM;XIRECS;9994.0;10
876237;;;ASH_COATED_OSMIUM;XIRECS;10003.0;4
877356;;;INTARIAN_PEPPER_ROOT;XIRECS;54887.0;3
878305;;;ASH_COATED_OSMIUM;XIRECS;10011.0;9
879257;;;ASH_COATED_OSMIUM;XIRECS;9989.0;3
880113;;;ASH_COATED_OSMIUM;XIRECS;10013.0;6
883483;;;ASH_COATED_OSMIUM;XIRECS;10007.0;8
883697;;;INTARIAN_PEPPER_ROOT;XIRECS;54887.0;7
883949;;;ASH_COATED_OSMIUM;XIRECS;10000.0;7
884662;;;INTARIAN_PEPPER_ROOT;XIRECS;54894.0;6
887565;;;ASH_COATED_OSMIUM;XIRECS;9984.0;5
889462;;;ASH_COATED_OSMIUM;XIRECS;9987.0;6
890221;;;ASH_COATED_OSMIUM;XIRECS;10008.0;2
890442;;;ASH_COATED_OSMIUM;XIRECS;10002.0;6
890899;;;ASH_COATED_OSMIUM;XIRECS;9987.0;6
892101;;;ASH_COATED_OSMIUM;XIRECS;10001.0;8
893713;;;ASH_COATED_OSMIUM;XIRECS;9992.0;4
896679;;;ASH_COATED_OSMIUM;XIRECS;10012.0;4
897209;;;ASH_COATED_OSMIUM;XIRECS;10009.0;4
897243;;;ASH_COATED_OSMIUM;XIRECS;9993.0;6
898552;;;INTARIAN_PEPPER_ROOT;XIRECS;54905.0;7
898723;;;ASH_COATED_OSMIUM;XIRECS;9988.0;2
898967;;;ASH_COATED_OSMIUM;XIRECS;10015.0;3
900585;;;INTARIAN_PEPPER_ROOT;XIRECS;54908.0;4
902340;;;ASH_COATED_OSMIUM;XIRECS;9982.0;2
902739;;;ASH_COATED_OSMIUM;XIRECS;10006.0;2
904755;;;INTARIAN_PEPPER_ROOT;XIRECS;54909.0;7
905782;;;INTARIAN_PEPPER_ROOT;XIRECS;54898.0;3
905920;;;INTARIAN_PEPPER_ROOT;XIRECS;54911.0;6
906040;;;ASH_COATED_OSMIUM;XIRECS;10011.0;6
906520;;;INTARIAN_PEPPER_ROOT;XIRECS;54914.0;7
906668;;;ASH_COATED_OSMIUM;XIRECS;10003.0;2
910018;;;ASH_COATED_OSMIUM;XIRECS;10015.0;2
916089;;;ASH_COATED_OSMIUM;XIRECS;10004.0;3
917399;;;ASH_COATED_OSMIUM;XIRECS;9986.0;4
917460;;;ASH_COATED_OSMIUM;XIRECS;10003.0;2
918564;;;INTARIAN_PEPPER_ROOT;XIRECS;54911.0;6
920909;;;ASH_COATED_OSMIUM;XIRECS;10006.0;3
921141;;;ASH_COATED_OSMIUM;XIRECS;10002.0;3
921451;;;ASH_COATED_OSMIUM;XIRECS;10014.0;2
922832;;;ASH_COATED_OSMIUM;XIRECS;10003.0;6
923811;;;INTARIAN_PEPPER_ROOT;XIRECS;54931.0;6
927698;;;INTARIAN_PEPPER_ROOT;XIRECS;54921.0;5
929757;;;ASH_COATED_OSMIUM;XIRECS;10001.0;3
930077;;;ASH_COATED_OSMIUM;XIRECS;10002.0;6
930094;;;ASH_COATED_OSMIUM;XIRECS;10002.0;5
930487;;;ASH_COATED_OSMIUM;XIRECS;9990.0;3
931538;;;ASH_COATED_OSMIUM;XIRECS;9996.0;6
932553;;;INTARIAN_PEPPER_ROOT;XIRECS;54929.0;4
935483;;;ASH_COATED_OSMIUM;XIRECS;10006.0;6
935814;;;ASH_COATED_OSMIUM;XIRECS;9984.0;6
936047;;;ASH_COATED_OSMIUM;XIRECS;9987.0;4
938427;;;INTARIAN_PEPPER_ROOT;XIRECS;54932.0;5
939371;;;ASH_COATED_OSMIUM;XIRECS;9986.0;6
942093;;;INTARIAN_PEPPER_ROOT;XIRECS;54936.0;6
943384;;;INTARIAN_PEPPER_ROOT;XIRECS;54948.0;5
948691;;;ASH_COATED_OSMIUM;XIRECS;10014.0;4
951483;;;INTARIAN_PEPPER_ROOT;XIRECS;54956.0;6
951513;;;INTARIAN_PEPPER_ROOT;XIRECS;54962.0;4
952964;;;INTARIAN_PEPPER_ROOT;XIRECS;54957.0;6
955523;;;ASH_COATED_OSMIUM;XIRECS;9992.0;5
957766;;;INTARIAN_PEPPER_ROOT;XIRECS;54952.0;6
958505;;;INTARIAN_PEPPER_ROOT;XIRECS;54966.0;7
959053;;;INTARIAN_PEPPER_ROOT;XIRECS;54968.0;5
963519;;;ASH_COATED_OSMIUM;XIRECS;10001.0;5
964430;;;INTARIAN_PEPPER_ROOT;XIRECS;54971.0;6
965251;;;INTARIAN_PEPPER_ROOT;XIRECS;54964.0;7
968565;;;ASH_COATED_OSMIUM;XIRECS;9985.0;3
969445;;;INTARIAN_PEPPER_ROOT;XIRECS;54959.0;5
970736;;;ASH_COATED_OSMIUM;XIRECS;10009.0;2
972203;;;ASH_COATED_OSMIUM;XIRECS;9992.0;9
974711;;;INTARIAN_PEPPER_ROOT;XIRECS;54983.0;3
975371;;;ASH_COATED_OSMIUM;XIRECS;10000.0;5
977431;;;ASH_COATED_OSMIUM;XIRECS;9988.0;5
978196;;;ASH_COATED_OSMIUM;XIRECS;9983.0;6
978916;;;INTARIAN_PEPPER_ROOT;XIRECS;54984.0;3
986642;;;ASH_COATED_OSMIUM;XIRECS;10016.0;2
987420;;;INTARIAN_PEPPER_ROOT;XIRECS;54981.0;6
992085;;;ASH_COATED_OSMIUM;XIRECS;10002.0;2
993559;;;ASH_COATED_OSMIUM;XIRECS;9989.0;2
993973;;;INTARIAN_PEPPER_ROOT;XIRECS;54999.0;5
994282;;;INTARIAN_PEPPER_ROOT;XIRECS;55005.0;4
994439;;;INTARIAN_PEPPER_ROOT;XIRECS;54998.0;7
995977;;;ASH_COATED_OSMIUM;XIRECS;9988.0;4
997133;;;INTARIAN_PEPPER_ROOT;XIRECS;55007.0;3