timestamp;buyer;seller;symbol;currency;price;quantity
667;;;ASH_COATED_OSMIUM;XIRECS;9998.0;5
1663;;;INTARIAN_PEPPER_ROOT;XIRECS;39995.0;4
1886;;;ASH_COATED_OSMIUM;XIRECS;10011.0;2
5477;;;ASH_COATED_OSMIUM;XIRECS;10010.0;6
7096;;;INTARIAN_PEPPER_ROOT;XIRECS;40018.0;4
7479;;;ASH_COATED_OSMIUM;XIRECS;9995.0;5
8225;;;INTARIAN_PEPPER_ROOT;XIRECS;40000.0;7
8323;;;INTARIAN_PEPPER_ROOT;XIRECS;40016.0;7
11616;;;ASH_COATED_OSMIUM;XIRECS;9991.0;4
12227;;;ASH_COATED_OSMIUM;XIRECS;10006.0;9
14354;;;ASH_COATED_OSMIUM;XIRECS;9981.0;9
15100;;;ASH_COATED_OSMIUM;XIRECS;9997.0;6
15272;;;ASH_COATED_OSMIUM;XIRECS;10010.0;6
16582;;;INTARIAN_PEPPER_ROOT;XIRECS;40007.0;7
16743;;;INTARIAN_PEPPER_ROOT;XIRECS;40015.0;6
18129;;;ASH_COATED_OSMIUM;XIRECS;10017.0;10
18150;;;INTARIAN_PEPPER_ROOT;XIRECS;40011.0;5
18887;;;INTARIAN_PEPPER_ROOT;XIRECS;40023.0;6
19323;;;ASH_COATED_OSMIUM;XIRECS;9988.0;2
20160;;;ASH_COATED_OSMIUM;XIRECS;9990.0;5
22087;;;ASH_COATED_OSMIUM;XIRECS;9989.0;3
23897;;;ASH_COATED_OSMIUM;XIRECS;10000.0;3
24382;;;ASH_COATED_OSMIUM;XIRECS;9988.0;5
27236;;;ASH_COATED_OSMIUM;XIRECS;9988.0;5
29125;;;ASH_COATED_OSMIUM;XIRECS;10007.0;5
30665;;;ASH_COATED_OSMIUM;XIRECS;10006.0;8
32543;;;ASH_COATED_OSMIUM;XIRECS;9993.0;2
34432;;;ASH_COATED_OSMIUM;XIRECS;9998.0;4
35078;;;ASH_COATED_OSMIUM;XIRECS;10011.0;7
36292;;;INTARIAN_PEPPER_ROOT;XIRECS;40045.0;6
37292;;;INTARIAN_PEPPER_ROOT;XIRECS;40041.0;7
37951;;;INTARIAN_PEPPER_ROOT;XIRECS;40036.0;4
38458;;;ASH_COATED_OSMIUM;XIRECS;9986.0;7
41197;;;ASH_COATED_OSMIUM;XIRECS;10000.0;6
43430;;;ASH_COATED_OSMIUM;XIRECS;10006.0;4
45381;;;INTARIAN_PEPPER_ROOT;XIRECS;40053.0;6
45576;;;ASH_COATED_OSMIUM;XIRECS;9993.0;5
46967;;;ASH_COATED_OSMIUM;XIRECS;10013.0;4
48400;;;ASH_COATED_OSMIUM;XIRECS;9987.0;2
49309;;;INTARIAN_PEPPER_ROOT;XIRECS;40041.0;6
49584;;;ASH_COATED_OSMIUM;XIRECS;9985.0;9
52716;;;INTARIAN_PEPPER_ROOT;XIRECS;40061.0;5
54538;;;ASH_COATED_OSMIUM;XIRECS;9992.0;5
56022;;;ASH_COATED_OSMIUM;XIRECS;10001.0;6
57703;;;ASH_COATED_OSMIUM;XIRECS;10018.0;3
59219;;;INTARIAN_PEPPER_ROOT;XIRECS;40068.0;7
62598;;;INTARIAN_PEPPER_ROOT;XIRECS;40065.0;5
64584;;;ASH_COATED_OSMIUM;XIRECS;9994.0;9
67605;;;INTARIAN_PEPPER_ROOT;XIRECS;40062.0;5
67882;;;ASH_COATED_OSMIUM;XIRECS;9993.0;4
68569;;;INTARIAN_PEPPER_ROOT;XIRECS;40064.0;5
68615;;;INTARIAN_PEPPER_ROOT;XIRECS;40072.0;4
71089;;;ASH_COATED_OSMIUM;XIRECS;9984.0;5
71871;;;INTARIAN_PEPPER_ROOT;XIRECS;40076.0;7
73429;;;ASH_COATED_OSMIUM;XIRECS;10006.0;6
74428;;;ASH_COATED_OSMIUM;XIRECS;10014.0;5
74967;;;ASH_COATED_OSMIUM;XIRECS;9996.0;4
75368;;;ASH_COATED_OSMIUM;XIRECS;9999.0;6
80815;;;INTARIAN_PEPPER_ROOT;XIRECS;40076.0;5
81183;;;ASH_COATED_OSMIUM;XIRECS;9992.0;6
82421;;;INTARIAN_PEPPER_ROOT;XIRECS;40077.0;6
84608;;;INTARIAN_PEPPER_ROOT;XIRECS;40079.0;3
84838;;;ASH_COATED_OSMIUM;XIRECS;10008.0;7
85702;;;INTARIAN_PEPPER_ROOT;XIRECS;40080.0;7
85763;;;ASH_COATED_OSMIUM;XIRECS;9982.0;6
86277;;;INTARIAN_PEPPER_ROOT;XIRECS;40097.0;5
86372;;;INTARIAN_PEPPER_ROOT;XIRECS;40088.0;5
91005;;;INTARIAN_PEPPER_ROOT;XIRECS;40097.0;4
93100;;;INTARIAN_PEPPER_ROOT;XIRECS;40102.0;6
96400;;;INTARIAN_PEPPER_ROOT;XIRECS;40105.0;3
96854;;;ASH_COATED_OSMIUM;XIRECS;10017.0;4
97036;;;INTARIAN_PEPPER_ROOT;XIRECS;40083.0;6
99428;;;ASH_COATED_OSMIUM;XIRECS;9989.0;3
101658;;;INTARIAN_PEPPER_ROOT;XIRECS;40107.0;7
104161;;;INTARIAN_PEPPER_ROOT;XIRECS;40111.0;7
104901;;;INTARIAN_PEPPER_ROOT;XIRECS;40102.0;6
106536;;;INTARIAN_PEPPER_ROOT;XIRECS;40112.0;4
106592;;;ASH_COATED_OSMIUM;XIRECS;9990.0;3
107049;;;ASH_COATED_OSMIUM;XIRECS;9988.0;3
108339;;;INTARIAN_PEPPER_ROOT;XIRECS;40114.0;4
109779;;;INTARIAN_PEPPER_ROOT;XIRECS;40102.0;7
112665;;;INTARIAN_PEPPER_ROOT;XIRECS;40119.0;3
113997;;;INTARIAN_PEPPER_ROOT;XIRECS;40102.0;3
116044;;;ASH_COATED_OSMIUM;XIRECS;9994.0;5
121153;;;INTARIAN_PEPPER_ROOT;XIRECS;40128.0;6
121828;;;ASH_COATED_OSMIUM;XIRECS;9988.0;5
124021;;;INTARIAN_PEPPER_ROOT;XIRECS;40132.0;5
125002;;;INTARIAN_PEPPER_ROOT;XIRECS;40131.0;3
127629;;;ASH_COATED_OSMIUM;XIRECS;9991.0;3
127846;;;ASH_COATED_OSMIUM;XIRECS;9994.0;10
130317;;;ASH_COATED_OSMIUM;XIRECS;9984.0;3
130749;;;INTARIAN_PEPPER_ROOT;XIRECS;40125.0;5
134779;;;ASH_COATED_OSMIUM;XIRECS;10001.0;5
136884;;;INTARIAN_PEPPER_ROOT;XIRECS;40131.0;3
141816;;;INTARIAN_PEPPER_ROOT;XIRECS;40147.0;4
142529;;;ASH_COATED_OSMIUM;XIRECS;10005.0;8
145861;;;ASH_COATED_OSMIUM;XIRECS;10004.0;3
146832;;;ASH_COATED_OSMIUM;XIRECS;9988.0;3
147798;;;INTARIAN_PEPPER_ROOT;XIRECS;40155.0;4
149828;;;INTARIAN_PEPPER_ROOT;XIRECS;40155.0;7
150969;;;INTARIAN_PEPPER_ROOT;XIRECS;40159.0;6
151328;;;ASH_COATED_OSMIUM;XIRECS;10011.0;2
153824;;;ASH_COATED_OSMIUM;XIRECS;9993.0;6
153869;;;ASH_COATED_OSMIUM;XIRECS;9977.0;2
154791;;;ASH_COATED_OSMIUM;XIRECS;9996.0;5
155183;;;ASH_COATED_OSMIUM;XIRECS;10014.0;5
155602;;;INTARIAN_PEPPER_ROOT;XIRECS;40161.0;7
155914;;;ASH_COATED_OSMIUM;XIRECS;10007.0;3
155919;;;ASH_COATED_OSMIUM;XIRECS;10007.0;5
157193;;;INTARIAN_PEPPER_ROOT;XIRECS;40164.0;3
159517;;;ASH_COATED_OSMIUM;XIRECS;10000.0;2
165448;;;ASH_COATED_OSMIUM;XIRECS;9995.0;2
165544;;;ASH_COATED_OSMIUM;XIRECS;10007.0;10
168323;;;INTARIAN_PEPPER_ROOT;XIRECS;40164.0;7
170848;;;INTARIAN_PEPPER_ROOT;XIRECS;40165.0;5
171391;;;ASH_COATED_OSMIUM;XIRECS;10012.0;6
171580;;;INTARIAN_PEPPER_ROOT;XIRECS;40164.0;6
173727;;;ASH_COATED_OSMIUM;XIRECS;10012.0;9
174166;;;ASH_COATED_OSMIUM;XIRECS;9993.0;6
174268;;;ASH_COATED_OSMIUM;XIRECS;9990.0;5
174274;;;ASH_COATED_OSMIUM;XIRECS;9990.0;5
175023;;;ASH_COATED_OSMIUM;XIRECS;9990.0;6
176284;;;ASH_COATED_OSMIUM;XIRECS;9999.0;4
176749;;;INTARIAN_PEPPER_ROOT;XIRECS;40169.0;4
176960;;;ASH_COATED_OSMIUM;XIRECS;10005.0;3
177590;;;INTARIAN_PEPPER_ROOT;XIRECS;40186.0;6
180644;;;INTARIAN_PEPPER_ROOT;XIRECS;40191.0;5
181583;;;ASH_COATED_OSMIUM;XIRECS;9993.0;2
182707;;;ASH_COATED_OSMIUM;XIRECS;9988.0;3
183573;;;ASH_COATED_OSMIUM;XIRECS;10012.0;5
184819;;;ASH_COATED_OSMIUM;XIRECS;9987.0;5
184952;;;ASH_COATED_OSMIUM;XIRECS;9985.0;2
184981;;;ASH_COATED_OSMIUM;XIRECS;9985.0;10
185068;;;INTARIAN_PEPPER_ROOT;XIRECS;40193.0;6
189791;;;INTARIAN_PEPPER_ROOT;XIRECS;40199.0;3
190011;;;ASH_COATED_OSMIUM;XIRECS;9999.0;2
194194;;;INTARIAN_PEPPER_ROOT;XIRECS;40200.0;6
194809;;;INTARIAN_PEPPER_ROOT;XIRECS;40189.0;7
195308;;;INTARIAN_PEPPER_ROOT;XIRECS;40200.0;7
195963;;;INTARIAN_PEPPER_ROOT;XIRECS;40200.0;4
196647;;;INTARIAN_PEPPER_ROOT;XIRECS;40199.0;3
197479;;;ASH_COATED_OSMIUM;XIRECS;10001.0;2
197793;;;ASH_COATED_OSMIUM;XIRECS;9981.0;6
199968;;;ASH_COATED_OSMIUM;XIRECS;10009.0;6
203070;;;INTARIAN_PEPPER_ROOT;XIRECS;40200.0;3
204806;;;INTARIAN_PEPPER_ROOT;XIRECS;40210.0;7
208411;;;ASH_COATED_OSMIUM;XIRECS;10008.0;2
209481;;;INTARIAN_PEPPER_ROOT;XIRECS;40214.0;7
214010;;;ASH_COATED_OSMIUM;XIRECS;9999.0;6
215929;;;ASH_COATED_OSMIUM;XIRECS;10006.0;6
217760;;;ASH_COATED_OSMIUM;XIRECS;10002.0;5
222348;;;ASH_COATED_OSMIUM;XIRECS;9990.0;5
222673;;;INTARIAN_PEPPER_ROOT;XIRECS;40214.0;8
222709;;;INTARIAN_PEPPER_ROOT;XIRECS;40216.0;8
224947;;;ASH_COATED_OSMIUM;XIRECS;9985.0;6
225124;;;INTARIAN_PEPPER_ROOT;XIRECS;40233.0;6
225686;;;ASH_COATED_OSMIUM;XIRECS;10002.0;7
227019;;;INTARIAN_PEPPER_ROOT;XIRECS;40218.0;5
227179;;;ASH_COATED_OSMIUM;XIRECS;9997.0;5
228634;;;ASH_COATED_OSMIUM;XIRECS;9995.0;4
229695;;;ASH_COATED_OSMIUM;XIRECS;10009.0;5
232873;;;INTARIAN_PEPPER_ROOT;XIRECS;40239.0;6
234687;;;INTARIAN_PEPPER_ROOT;XIRECS;40240.0;5
235528;;;INTARIAN_PEPPER_ROOT;XIRECS;40243.0;5
237814;;;ASH_COATED_OSMIUM;XIRECS;10011.0;4
238714;;;INTARIAN_PEPPER_ROOT;XIRECS;40246.0;8
239878;;;ASH_COATED_OSMIUM;XIRECS;10011.0;2
241529;;;INTARIAN_PEPPER_ROOT;XIRECS;40250.0;7
241609;;;INTARIAN_PEPPER_ROOT;XIRECS;40239.0;4
242869;;;INTARIAN_PEPPER_ROOT;XIRECS;40238.0;5
246889;;;INTARIAN_PEPPER_ROOT;XIRECS;40241.0;3
250621;;;INTARIAN_PEPPER_ROOT;XIRECS;40243.0;4
251340;;;ASH_COATED_OSMIUM;XIRECS;9988.0;9
252175;;;ASH_COATED_OSMIUM;XIRECS;10000.0;8
252594;;;ASH_COATED_OSMIUM;XIRECS;9999.0;5
253029;;;ASH_COATED_OSMIUM;XIRECS;9995.0;8
253609;;;ASH_COATED_OSMIUM;XIRECS;10017.0;10
254527;;;INTARIAN_PEPPER_ROOT;XIRECS;40249.0;3
255184;;;ASH_COATED_OSMIUM;XIRECS;10012.0;2
257424;;;ASH_COATED_OSMIUM;XIRECS;9993.0;8
257639;;;INTARIAN_PEPPER_ROOT;XIRECS;40253.0;7
260875;;;INTARIAN_PEPPER_ROOT;XIRECS;40254.0;4
261932;;;INTARIAN_PEPPER_ROOT;XIRECS;40254.0;4
262731;;;ASH_COATED_OSMIUM;XIRECS;10005.0;6
263065;;;INTARIAN_PEPPER_ROOT;XIRECS;40274.0;3
264836;;;ASH_COATED_OSMIUM;XIRECS;9985.0;8
265523;;;INTARIAN_PEPPER_ROOT;XIRECS;40261.0;3
267518;;;ASH_COATED_OSMIUM;XIRECS;10004.0;4
270312;;;ASH_COATED_OSMIUM;XIRECS;10009.0;4
271535;;;ASH_COATED_OSMIUM;XIRECS;10006.0;3
277725;;;INTARIAN_PEPPER_ROOT;XIRECS;40270.0;3
279908;;;ASH_COATED_OSMIUM;XIRECS;10005.0;5
281233;;;ASH_COATED_OSMIUM;XIRECS;10012.0;6
281678;;;ASH_COATED_OSMIUM;XIRECS;10001.0;7
282695;;;INTARIAN_PEPPER_ROOT;XIRECS;40274.0;5
282902;;;INTARIAN_PEPPER_ROOT;XIRECS;40286.0;4
284963;;;ASH_COATED_OSMIUM;XIRECS;9983.0;6
285075;;;ASH_COATED_OSMIUM;XIRECS;10003.0;2
285619;;;INTARIAN_PEPPER_ROOT;XIRECS;40278.0;7
291570;;;ASH_COATED_OSMIUM;XIRECS;10009.0;5
294231;;;ASH_COATED_OSMIUM;XIRECS;10007.0;6
294248;;;ASH_COATED_OSMIUM;XIRECS;10007.0;5
300643;;;ASH_COATED_OSMIUM;XIRECS;9994.0;4
300782;;;INTARIAN_PEPPER_ROOT;XIRECS;40293.0;4
300958;;;ASH_COATED_OSMIUM;XIRECS;10007.0;5
306212;;;INTARIAN_PEPPER_ROOT;XIRECS;40312.0;5
307365;;;ASH_COATED_OSMIUM;XIRECS;10008.0;3
308783;;;ASH_COATED_OSMIUM;XIRECS;10015.0;4
309073;;;INTARIAN_PEPPER_ROOT;XIRECS;40316.0;6
312779;;;INTARIAN_PEPPER_ROOT;XIRECS;40306.0;6
313117;;;ASH_COATED_OSMIUM;XIRECS;10015.0;6
313400;;;ASH_COATED_OSMIUM;XIRECS;9999.0;5
314694;;;INTARIAN_PEPPER_ROOT;XIRECS;40321.0;7
315829;;;INTARIAN_PEPPER_ROOT;XIRECS;40305.0;5
317203;;;ASH_COATED_OSMIUM;XIRECS;10006.0;7
318219;;;INTARIAN_PEPPER_ROOT;XIRECS;40310.0;5
320038;;;ASH_COATED_OSMIUM;XIRECS;10002.0;6
321038;;;INTARIAN_PEPPER_ROOT;XIRECS;40327.0;6
322363;;;INTARIAN_PEPPER_ROOT;XIRECS;40327.0;4
323210;;;INTARIAN_PEPPER_ROOT;XIRECS;40316.0;6
323563;;;INTARIAN_PEPPER_ROOT;XIRECS;40317.0;6
324918;;;INTARIAN_PEPPER_ROOT;XIRECS;40332.0;3
328270;;;ASH_COATED_OSMIUM;XIRECS;10011.0;5
328356;;;INTARIAN_PEPPER_ROOT;XIRECS;40322.0;7
328432;;;ASH_COATED_OSMIUM;XIRECS;10010.0;6
329100;;;INTARIAN_PEPPER_ROOT;XIRECS;40323.0;4
329514;;;INTARIAN_PEPPER_ROOT;XIRECS;40325.0;5
330635;;;INTARIAN_PEPPER_ROOT;XIRECS;40322.0;3
331102;;;INTARIAN_PEPPER_ROOT;XIRECS;40340.0;5
332146;;;INTARIAN_PEPPER_ROOT;XIRECS;40323.0;4
332268;;;ASH_COATED_OSMIUM;XIRECS;10005.0;3
333146;;;INTARIAN_PEPPER_ROOT;XIRECS;40339.0;5
334282;;;INTARIAN_PEPPER_ROOT;XIRECS;40327.0;7
335123;;;INTARIAN_PEPPER_ROOT;XIRECS;40342.0;6
337696;;;ASH_COATED_OSMIUM;XIRECS;9992.0;10
341245;;;ASH_COATED_OSMIUM;XIRECS;9984.0;5
342662;;;INTARIAN_PEPPER_ROOT;XIRECS;40340.0;5
342895;;;ASH_COATED_OSMIUM;XIRECS;10003.0;2
343959;;;INTARIAN_PEPPER_ROOT;XIRECS;40336.0;3
344216;;;INTARIAN_PEPPER_ROOT;XIRECS;40353.0;3
348906;;;ASH_COATED_OSMIUM;XIRECS;10011.0;4
349114;;;INTARIAN_PEPPER_ROOT;XIRECS;40349.0;7
349261;;;INTARIAN_PEPPER_ROOT;XIRECS;40343.0;5
352253;;;ASH_COATED_OSMIUM;XIRECS;10020.0;3
352819;;;ASH_COATED_OSMIUM;XIRECS;10016.0;3
353768;;;ASH_COATED_OSMIUM;XIRECS;10011.0;3
359395;;;ASH_COATED_OSMIUM;XIRECS;10006.0;4
359886;;;INTARIAN_PEPPER_ROOT;XIRECS;40349.0;4
360976;;;ASH_COATED_OSMIUM;XIRECS;10010.0;4
362652;;;INTARIAN_PEPPER_ROOT;XIRECS;40355.0;5
362983;;;ASH_COATED_OSMIUM;XIRECS;10018.0;6
364693;;;INTARIAN_PEPPER_ROOT;XIRECS;40371.0;4
366140;;;ASH_COATED_OSMIUM;XIRECS;9986.0;3
366210;;;ASH_COATED_OSMIUM;XIRECS;10002.0;4
370820;;;INTARIAN_PEPPER_ROOT;XIRECS;40378.0;6
373310;;;INTARIAN_PEPPER_ROOT;XIRECS;40380.0;3
374576;;;INTARIAN_PEPPER_ROOT;XIRECS;40385.0;8
377604;;;INTARIAN_PEPPER_ROOT;XIRECS;40381.0;7
378590;;;INTARIAN_PEPPER_ROOT;XIRECS;40371.0;7
379243;;;ASH_COATED_OSMIUM;XIRECS;9985.0;3
380326;;;INTARIAN_PEPPER_ROOT;XIRECS;40371.0;8
381436;;;ASH_COATED_OSMIUM;XIRECS;9996.0;10
383235;;;ASH_COATED_OSMIUM;XIRECS;10012.0;5
384094;;;ASH_COATED_OSMIUM;XIRECS;10006.0;4
384640;;;ASH_COATED_OSMIUM;XIRECS;10004.0;10
385249;;;ASH_COATED_OSMIUM;XIRECS;10005.0;3
387089;;;INTARIAN_PEPPER_ROOT;XIRECS;40396.0;5
389424;;;INTARIAN_PEPPER_ROOT;XIRECS;40379.0;4
390141;;;INTARIAN_PEPPER_ROOT;XIRECS;40399.0;3
390145;;;INTARIAN_PEPPER_ROOT;XIRECS;40390.0;4
390394;;;ASH_COATED_OSMIUM;XIRECS;10006.0;5
391774;;;INTARIAN_PEPPER_ROOT;XIRECS;40400.0;3
392109;;;ASH_COATED_OSMIUM;XIRECS;9982.0;2
392544;;;ASH_COATED_OSMIUM;XIRECS;10001.0;2
399209;;;ASH_COATED_OSMIUM;XIRECS;10002.0;8
399286;;;ASH_COATED_OSMIUM;XIRECS;10002.0;4
401928;;;INTARIAN_PEPPER_ROOT;XIRECS;40396.0;7
402662;;;ASH_COATED_OSMIUM;XIRECS;10013.0;9
402703;;;ASH_COATED_OSMIUM;XIRECS;9994.0;6
403896;;;INTARIAN_PEPPER_ROOT;XIRECS;40393.0;8
404332;;;INTARIAN_PEPPER_ROOT;XIRECS;40398.0;5
404682;;;INTARIAN_PEPPER_ROOT;XIRECS;40399.0;7
409278;;;ASH_COATED_OSMIUM;XIRECS;9993.0;4
409577;;;INTARIAN_PEPPER_ROOT;XIRECS;40414.0;6
410157;;;ASH_COATED_OSMIUM;XIRECS;10013.0;3
411518;;;INTARIAN_PEPPER_ROOT;XIRECS;40418.0;4
412984;;;ASH_COATED_OSMIUM;XIRECS;9983.0;4
416238;;;INTARIAN_PEPPER_ROOT;XIRECS;40420.0;5
420114;;;INTARIAN_PEPPER_ROOT;XIRECS;40413.0;6
421267;;;ASH_COATED_OSMIUM;XIRECS;9990.0;4
422101;;;INTARIAN_PEPPER_ROOT;XIRECS;40425.0;6
422615;;;ASH_COATED_OSMIUM;XIRECS;9986.0;5
424674;;;ASH_COATED_OSMIUM;XIRECS;9994.0;5
424956;;;ASH_COATED_OSMIUM;XIRECS;10002.0;10
426062;;;INTARIAN_PEPPER_ROOT;XIRECS;40419.0;5
427422;;;INTARIAN_PEPPER_ROOT;XIRECS;40433.0;5
427682;;;ASH_COATED_OSMIUM;XIRECS;10007.0;3
430460;;;INTARIAN_PEPPER_ROOT;XIRECS;40440.0;5
430750;;;ASH_COATED_OSMIUM;XIRECS;10006.0;4
430896;;;ASH_COATED_OSMIUM;XIRECS;9989.0;4
433511;;;INTARIAN_PEPPER_ROOT;XIRECS;40440.0;6
438014;;;INTARIAN_PEPPER_ROOT;XIRECS;40435.0;4
439380;;;ASH_COATED_OSMIUM;XIRECS;10010.0;4
441584;;;INTARIAN_PEPPER_ROOT;XIRECS;40441.0;6
441887;;;INTARIAN_PEPPER_ROOT;XIRECS;40429.0;6
442071;;;INTARIAN_PEPPER_ROOT;XIRECS;40433.0;6
445331;;;INTARIAN_PEPPER_ROOT;XIRECS;40447.0;3
446099;;;ASH_COATED_OSMIUM;XIRECS;9981.0;3
446363;;;ASH_COATED_OSMIUM;XIRECS;10009.0;6
447540;;;ASH_COATED_OSMIUM;XIRECS;10010.0;2
448262;;;INTARIAN_PEPPER_ROOT;XIRECS;40438.0;4
448676;;;ASH_COATED_OSMIUM;XIRECS;10011.0;6
448996;;;ASH_COATED_OSMIUM;XIRECS;9990.0;5
452033;;;ASH_COATED_OSMIUM;XIRECS;9987.0;3
452275;;;ASH_COATED_OSMIUM;XIRECS;9992.0;5
453017;;;INTARIAN_PEPPER_ROOT;XIRECS;40444.0;6
453465;;;ASH_COATED_OSMIUM;XIRECS;10008.0;3
459250;;;INTARIAN_PEPPER_ROOT;XIRECS;40463.0;7
460683;;;INTARIAN_PEPPER_ROOT;XIRECS;40458.0;7
462611;;;INTARIAN_PEPPER_ROOT;XIRECS;40458.0;6
465802;;;INTARIAN_PEPPER_ROOT;XIRECS;40459.0;7
465834;;;ASH_COATED_OSMIUM;XIRECS;10008.0;5
467226;;;INTARIAN_PEPPER_ROOT;XIRECS;40463.0;4
469019;;;INTARIAN_PEPPER_ROOT;XIRECS;40461.0;4
469355;;;INTARIAN_PEPPER_ROOT;XIRECS;40476.0;4
469399;;;ASH_COATED_OSMIUM;XIRECS;10004.0;2
469903;;;INTARIAN_PEPPER_ROOT;XIRECS;40460.0;6
473044;;;ASH_COATED_OSMIUM;XIRECS;10008.0;6
474197;;;ASH_COATED_OSMIUM;XIRECS;10009.0;5
474224;;;ASH_COATED_OSMIUM;XIRECS;9989.0;10
474295;;;ASH_COATED_OSMIUM;XIRECS;9989.0;5
474758;;;INTARIAN_PEPPER_ROOT;XIRECS;40478.0;6
474954;;;ASH_COATED_OSMIUM;XIRECS;10007.0;3
474957;;;INTARIAN_PEPPER_ROOT;XIRECS;40478.0;6
475947;;;INTARIAN_PEPPER_ROOT;XIRECS;40482.0;3
479418;;;ASH_COATED_OSMIUM;XIRECS;10008.0;4
480537;;;ASH_COATED_OSMIUM;XIRECS;9997.0;4
480935;;;ASH_COATED_OSMIUM;XIRECS;10005.0;4
481357;;;INTARIAN_PEPPER_ROOT;XIRECS;40488.0;5
481548;;;INTARIAN_PEPPER_ROOT;XIRECS;40485.0;5
482174;;;ASH_COATED_OSMIUM;XIRECS;9997.0;3
482638;;;ASH_COATED_OSMIUM;XIRECS;10003.0;9
483205;;;ASH_COATED_OSMIUM;XIRECS;9986.0;4
484178;;;INTARIAN_PEPPER_ROOT;XIRECS;40491.0;5
484184;;;ASH_COATED_OSMIUM;XIRECS;10006.0;7
485182;;;INTARIAN_PEPPER_ROOT;XIRECS;40490.0;4
487341;;;ASH_COATED_OSMIUM;XIRECS;10010.0;8
487681;;;INTARIAN_PEPPER_ROOT;XIRECS;40493.0;4
487828;;;ASH_COATED_OSMIUM;XIRECS;9995.0;6
491686;;;INTARIAN_PEPPER_ROOT;XIRECS;40486.0;3
494332;;;ASH_COATED_OSMIUM;XIRECS;10012.0;5
495762;;;INTARIAN_PEPPER_ROOT;XIRECS;40499.0;3
496410;;;ASH_COATED_OSMIUM;XIRECS;9996.0;5
496528;;;INTARIAN_PEPPER_ROOT;XIRECS;40503.0;7
496883;;;INTARIAN_PEPPER_ROOT;XIRECS;40488.0;5
499237;;;INTARIAN_PEPPER_ROOT;XIRECS;40505.0;3
500270;;;INTARIAN_PEPPER_ROOT;XIRECS;40507.0;5
506004;;;INTARIAN_PEPPER_ROOT;XIRECS;40502.0;6
506386;;;ASH_COATED_OSMIUM;XIRECS;10012.0;9
506784;;;INTARIAN_PEPPER_ROOT;XIRECS;40497.0;8
507125;;;ASH_COATED_OSMIUM;XIRECS;10011.0;6
509290;;;INTARIAN_PEPPER_ROOT;XIRECS;40519.0;5
510848;;;ASH_COATED_OSMIUM;XIRECS;10016.0;6
511789;;;ASH_COATED_OSMIUM;XIRECS;10018.0;5
513080;;;ASH_COATED_OSMIUM;XIRECS;10008.0;4
513555;;;INTARIAN_PEPPER_ROOT;XIRECS;40521.0;7
514210;;;ASH_COATED_OSMIUM;XIRECS;9987.0;9
514324;;;ASH_COATED_OSMIUM;XIRECS;10004.0;4
515504;;;ASH_COATED_OSMIUM;XIRECS;9998.0;2
515562;;;ASH_COATED_OSMIUM;XIRECS;10014.0;6
516705;;;INTARIAN_PEPPER_ROOT;XIRECS;40521.0;5
516807;;;ASH_COATED_OSMIUM;XIRECS;9993.0;6
518082;;;INTARIAN_PEPPER_ROOT;XIRECS;40512.0;7
518215;;;ASH_COATED_OSMIUM;XIRECS;9987.0;5
520508;;;INTARIAN_PEPPER_ROOT;XIRECS;40527.0;7
521996;;;ASH_COATED_OSMIUM;XIRECS;9993.0;2
523060;;;ASH_COATED_OSMIUM;XIRECS;10011.0;3
523444;;;ASH_COATED_OSMIUM;XIRECS;9986.0;3
523627;;;ASH_COATED_OSMIUM;XIRECS;9995.0;8
523899;;;INTARIAN_PEPPER_ROOT;XIRECS;40528.0;4
526927;;;INTARIAN_PEPPER_ROOT;XIRECS;40521.0;6
527370;;;ASH_COATED_OSMIUM;XIRECS;10000.0;3
527916;;;INTARIAN_PEPPER_ROOT;XIRECS;40522.0;7
528748;;;ASH_COATED_OSMIUM;XIRECS;10010.0;2
530718;;;INTARIAN_PEPPER_ROOT;XIRECS;40540.0;3
531395;;;INTARIAN_PEPPER_ROOT;XIRECS;40537.0;6
535867;;;ASH_COATED_OSMIUM;XIRECS;9989.0;7
536827;;;ASH_COATED_OSMIUM;XIRECS;10007.0;6
538546;;;ASH_COATED_OSMIUM;XIRECS;9989.0;6
540980;;;ASH_COATED_OSMIUM;XIRECS;10015.0;6
541267;;;INTARIAN_PEPPER_ROOT;XIRECS;40548.0;5
542137;;;ASH_COATED_OSMIUM;XIRECS;9992.0;10
543096;;;ASH_COATED_OSMIUM;XIRECS;9996.0;3
544583;;;ASH_COATED_OSMIUM;XIRECS;10001.0;2
547181;;;INTARIAN_PEPPER_ROOT;XIRECS;40553.0;6
547631;;;ASH_COATED_OSMIUM;XIRECS;10017.0;4
548087;;;ASH_COATED_OSMIUM;XIRECS;9992.0;4
553431;;;ASH_COATED_OSMIUM;XIRECS;9993.0;3
553781;;;INTARIAN_PEPPER_ROOT;XIRECS;40561.0;3
554348;;;INTARIAN_PEPPER_ROOT;XIRECS;40561.0;5
556314;;;INTARIAN_PEPPER_ROOT;XIRECS;40566.0;6
556605;;;ASH_COATED_OSMIUM;XIRECS;10010.0;6
556877;;;ASH_COATED_OSMIUM;XIRECS;9989.0;5
557940;;;ASH_COATED_OSMIUM;XIRECS;9989.0;6
561617;;;ASH_COATED_OSMIUM;XIRECS;9992.0;9
565205;;;INTARIAN_PEPPER_ROOT;XIRECS;40572.0;6
565816;;;ASH_COATED_OSMIUM;XIRECS;9994.0;4
568103;;;INTARIAN_PEPPER_ROOT;XIRECS;40575.0;6
572084;;;INTARIAN_PEPPER_ROOT;XIRECS;40577.0;3
574310;;;INTARIAN_PEPPER_ROOT;XIRECS;40583.0;6
574715;;;ASH_COATED_OSMIUM;XIRECS;9995.0;6
574831;;;ASH_COATED_OSMIUM;XIRECS;9993.0;10
576878;;;ASH_COATED_OSMIUM;XIRECS;10019.0;6
583184;;;INTARIAN_PEPPER_ROOT;XIRECS;40578.0;5
584288;;;INTARIAN_PEPPER_ROOT;XIRECS;40588.0;8
585799;;;ASH_COATED_OSMIUM;XIRECS;9988.0;5
585868;;;INTARIAN_PEPPER_ROOT;XIRECS;40580.0;4
586162;;;ASH_COATED_OSMIUM;XIRECS;10008.0;5
586765;;;INTARIAN_PEPPER_ROOT;XIRECS;40594.0;4
586934;;;ASH_COATED_OSMIUM;XIRECS;9996.0;7
592645;;;INTARIAN_PEPPER_ROOT;XIRECS;40600.0;6
594034;;;ASH_COATED_OSMIUM;XIRECS;10000.0;4
594685;;;INTARIAN_PEPPER_ROOT;XIRECS;40587.0;8
597029;;;INTARIAN_PEPPER_ROOT;XIRECS;40602.0;8
598102;;;INTARIAN_PEPPER_ROOT;XIRECS;40593.0;7
598409;;;ASH_COATED_OSMIUM;XIRECS;10008.0;9
600774;;;ASH_COATED_OSMIUM;XIRECS;9991.0;6
602128;;;INTARIAN_PEPPER_ROOT;XIRECS;40606.0;7
603335;;;INTARIAN_PEPPER_ROOT;XIRECS;40599.0;7
603860;;;ASH_COATED_OSMIUM;XIRECS;9988.0;2
608910;;;ASH_COATED_OSMIUM;XIRECS;9992.0;8
609408;;;ASH_COATED_OSMIUM;XIRECS;10010.0;3
610195;;;ASH_COATED_OSMIUM;XIRECS;9993.0;8
611904;;;INTARIAN_PEPPER_ROOT;XIRECS;40618.0;3
613687;;;ASH_COATED_OSMIUM;XIRECS;9996.0;6
614759;;;ASH_COATED_OSMIUM;XIRECS;9994.0;4
617015;;;INTARIAN_PEPPER_ROOT;XIRECS;40621.0;6
619295;;;INTARIAN_PEPPER_ROOT;XIRECS;40609.0;7
620054;;;INTARIAN_PEPPER_ROOT;XIRECS;40626.0;4
621236;;;INTARIAN_PEPPER_ROOT;XIRECS;40625.0;7
622860;;;ASH_COATED_OSMIUM;XIRECS;10003.0;4
624411;;;ASH_COATED_OSMIUM;XIRECS;9993.0;3
627324;;;INTARIAN_PEPPER_ROOT;XIRECS;40621.0;3
627885;;;ASH_COATED_OSMIUM;XIRECS;9995.0;6
629344;;;INTARIAN_PEPPER_ROOT;XIRECS;40623.0;3
629451;;;ASH_COATED_OSMIUM;XIRECS;9995.0;5
632990;;;ASH_COATED_OSMIUM;XIRECS;10008.0;6
633721;;;INTARIAN_PEPPER_ROOT;XIRECS;40627.0;6
635171;;;ASH_COATED_OSMIUM;XIRECS;10011.0;2
635238;;;ASH_COATED_OSMIUM;XIRECS;10005.0;5
635260;;;ASH_COATED_OSMIUM;XIRECS;10005.0;3
636824;;;ASH_COATED_OSMIUM;XIRECS;9993.0;6
636859;;;INTARIAN_PEPPER_ROOT;XIRECS;40631.0;6
637013;;;ASH_COATED_OSMIUM;XIRECS;9999.0;4
638679;;;INTARIAN_PEPPER_ROOT;XIRECS;40646.0;4
641247;;;ASH_COATED_OSMIUM;XIRECS;10004.0;4
641365;;;INTARIAN_PEPPER_ROOT;XIRECS;40634.0;5
641945;;;INTARIAN_PEPPER_ROOT;XIRECS;40649.0;5
643295;;;ASH_COATED_OSMIUM;XIRECS;9983.0;7
643918;;;ASH_COATED_OSMIUM;XIRECS;9998.0;5
646985;;;INTARIAN_PEPPER_ROOT;XIRECS;40654.0;7
647013;;;ASH_COATED_OSMIUM;XIRECS;10012.0;5
650358;;;INTARIAN_PEPPER_ROOT;XIRECS;40644.0;5
651202;;;ASH_COATED_OSMIUM;XIRECS;9997.0;4
652712;;;ASH_COATED_OSMIUM;XIRECS;9994.0;5
655226;;;ASH_COATED_OSMIUM;XIRECS;10001.0;4
655741;;;ASH_COATED_OSMIUM;XIRECS;9984.0;3
656006;;;ASH_COATED_OSMIUM;XIRECS;10001.0;10
659397;;;INTARIAN_PEPPER_ROOT;XIRECS;40666.0;4
660225;;;ASH_COATED_OSMIUM;XIRECS;10002.0;5
660644;;;INTARIAN_PEPPER_ROOT;XIRECS;40664.0;3
663742;;;ASH_COATED_OSMIUM;XIRECS;9984.0;4
665022;;;ASH_COATED_OSMIUM;XIRECS;10012.0;2
665055;;;INTARIAN_PEPPER_ROOT;XIRECS;40671.0;5
668174;;;INTARIAN_PEPPER_ROOT;XIRECS;40677.0;5
668430;;;ASH_COATED_OSMIUM;XIRECS;10002.0;4
669043;;;ASH_COATED_OSMIUM;XIRECS;9996.0;7
669762;;;ASH_COATED_OSMIUM;XIRECS;10005.0;3
670310;;;INTARIAN_PEPPER_ROOT;XIRECS;40679.0;7
670362;;;ASH_COATED_OSMIUM;XIRECS;9985.0;2
672281;;;ASH_COATED_OSMIUM;XIRECS;9996.0;4
672968;;;ASH_COATED_OSMIUM;XIRECS;10005.0;6
676406;;;ASH_COATED_OSMIUM;XIRECS;10003.0;5
676836;;;ASH_COATED_OSMIUM;XIRECS;9989.0;6
677527;;;ASH_COATED_OSMIUM;XIRECS;9993.0;2
678344;;;ASH_COATED_OSMIUM;XIRECS;9995.0;3
679487;;;ASH_COATED_OSMIUM;XIRECS;9986.0;9
679653;;;INTARIAN_PEPPER_ROOT;XIRECS;40673.0;7
681717;;;ASH_COATED_OSMIUM;XIRECS;9997.0;8
681945;;;ASH_COATED_OSMIUM;XIRECS;9999.0;6
683145;;;INTARIAN_PEPPER_ROOT;XIRECS;40674.0;7
684300;;;INTARIAN_PEPPER_ROOT;XIRECS;40677.0;3
687118;;;INTARIAN_PEPPER_ROOT;XIRECS;40696.0;4
688607;;;INTARIAN_PEPPER_ROOT;XIRECS;40694.0;5
692146;;;INTARIAN_PEPPER_ROOT;XIRECS;40696.0;5
692264;;;INTARIAN_PEPPER_ROOT;XIRECS;40699.0;6
693354;;;ASH_COATED_OSMIUM;XIRECS;10007.0;6
694301;;;INTARIAN_PEPPER_ROOT;XIRECS;40691.0;7
695232;;;INTARIAN_PEPPER_ROOT;XIRECS;40692.0;5
696022;;;ASH_COATED_OSMIUM;XIRECS;9995.0;4
696221;;;ASH_COATED_OSMIUM;XIRECS;9997.0;6
696263;;;ASH_COATED_OSMIUM;XIRECS;9997.0;7
697747;;;INTARIAN_PEPPER_ROOT;XIRECS;40704.0;3
698347;;;ASH_COATED_OSMIUM;XIRECS;10003.0;4
698664;;;INTARIAN_PEPPER_ROOT;XIRECS;40689.0;3
698942;;;ASH_COATED_OSMIUM;XIRECS;10016.0;9
700198;;;ASH_COATED_OSMIUM;XIRECS;10019.0;4
700839;;;INTARIAN_PEPPER_ROOT;XIRECS;40707.0;7
702041;;;ASH_COATED_OSMIUM;XIRECS;10007.0;6
703607;;;ASH_COATED_OSMIUM;XIRECS;9999.0;2
706673;;;ASH_COATED_OSMIUM;XIRECS;10005.0;4
706738;;;INTARIAN_PEPPER_ROOT;XIRECS;40704.0;5
707155;;;INTARIAN_PEPPER_ROOT;XIRECS;40699.0;4
707879;;;INTARIAN_PEPPER_ROOT;XIRECS;40715.0;3
709025;;;ASH_COATED_OSMIUM;XIRECS;10002.0;5
709723;;;ASH_COATED_OSMIUM;XIRECS;9993.0;7
711188;;;ASH_COATED_OSMIUM;XIRECS;9988.0;4
714663;;;ASH_COATED_OSMIUM;XIRECS;10007.0;4
714676;;;INTARIAN_PEPPER_ROOT;XIRECS;40708.0;6
718394;;;ASH_COATED_OSMIUM;XIRECS;10010.0;3
720993;;;INTARIAN_PEPPER_ROOT;XIRECS;40716.0;5
721845;;;INTARIAN_PEPPER_ROOT;XIRECS;40732.0;5
724486;;;ASH_COATED_OSMIUM;XIRECS;9989.0;4
725189;;;ASH_COATED_OSMIUM;XIRECS;9999.0;2
725813;;;ASH_COATED_OSMIUM;XIRECS;10005.0;6
727139;;;INTARIAN_PEPPER_ROOT;XIRECS;40719.0;6
729419;;;ASH_COATED_OSMIUM;XIRECS;10012.0;10
734643;;;ASH_COATED_OSMIUM;XIRECS;10013.0;10
735894;;;INTARIAN_PEPPER_ROOT;XIRECS;40733.0;4
736829;;;ASH_COATED_OSMIUM;XIRECS;9997.0;3
738717;;;ASH_COATED_OSMIUM;XIRECS;9994.0;6
738893;;;INTARIAN_PEPPER_ROOT;XIRECS;40744.0;4
739744;;;ASH_COATED_OSMIUM;XIRECS;10009.0;6
741712;;;ASH_COATED_OSMIUM;XIRECS;10007.0;2
743022;;;INTARIAN_PEPPER_ROOT;XIRECS;40736.0;7
743537;;;ASH_COATED_OSMIUM;XIRECS;9989.0;4
749767;;;ASH_COATED_OSMIUM;XIRECS;9995.0;5
752872;;;ASH_COATED_OSMIUM;XIRECS;9988.0;4
754252;;;ASH_COATED_OSMIUM;XIRECS;10008.0;6
754863;;;ASH_COATED_OSMIUM;XIRECS;9990.0;2
757764;;;INTARIAN_PEPPER_ROOT;XIRECS;40766.0;6
758827;;;INTARIAN_PEPPER_ROOT;XIRECS;40752.0;7
762318;;;INTARIAN_PEPPER_ROOT;XIRECS;40767.0;3
765159;;;ASH_COATED_OSMIUM;XIRECS;10015.0;6
766452;;;INTARIAN_PEPPER_ROOT;XIRECS;40762.0;3
767016;;;ASH_COATED_OSMIUM;XIRECS;9999.0;6
767963;;;ASH_COATED_OSMIUM;XIRECS;10005.0;5
768576;;;ASH_COATED_OSMIUM;XIRECS;9988.0;3
768765;;;ASH_COATED_OSMIUM;XIRECS;10008.0;5
769474;;;INTARIAN_PEPPER_ROOT;XIRECS;40773.0;5
770761;;;INTARIAN_PEPPER_ROOT;XIRECS;40776.0;8
771382;;;INTARIAN_PEPPER_ROOT;XIRECS;40774.0;5
771461;;;ASH_COATED_OSMIUM;XIRECS;10015.0;9
772830;;;INTARIAN_PEPPER_ROOT;XIRECS;40772.0;7
772918;;;INTARIAN_PEPPER_ROOT;XIRECS;40764.0;7
773566;;;INTARIAN_PEPPER_ROOT;XIRECS;40770.0;5
779703;;;ASH_COATED_OSMIUM;XIRECS;10006.0;6
779889;;;ASH_COATED_OSMIUM;XIRECS;10013.0;6
781798;;;ASH_COATED_OSMIUM;XIRECS;9989.0;2
786717;;;ASH_COATED_OSMIUM;XIRECS;10009.0;5
787032;;;ASH_COATED_OSMIUM;XIRECS;9990.0;3
788691;;;ASH_COATED_OSMIUM;XIRECS;10015.0;10
788698;;;ASH_COATED_OSMIUM;XIRECS;9996.0;5
788967;;;ASH_COATED_OSMIUM;XIRECS;9997.0;5
791348;;;ASH_COATED_OSMIUM;XIRECS;9996.0;2
791834;;;INTARIAN_PEPPER_ROOT;XIRECS;40786.0;7
792377;;;ASH_COATED_OSMIUM;XIRECS;9995.0;2
793369;;;INTARIAN_PEPPER_ROOT;XIRECS;40797.0;6
793731;;;INTARIAN_PEPPER_ROOT;XIRECS;40798.0;5
793791;;;INTARIAN_PEPPER_ROOT;XIRECS;40787.0;5
797711;;;INTARIAN_PEPPER_ROOT;XIRECS;40807.0;7
797934;;;ASH_COATED_OSMIUM;XIRECS;10000.0;7
798486;;;INTARIAN_PEPPER_ROOT;XIRECS;40804.0;6
798563;;;INTARIAN_PEPPER_ROOT;XIRECS;40800.0;6
799106;;;INTARIAN_PEPPER_ROOT;XIRECS;40805.0;7
799180;;;INTARIAN_PEPPER_ROOT;XIRECS;40792.0;6
801470;;;ASH_COATED_OSMIUM;XIRECS;10001.0;6
805911;;;ASH_COATED_OSMIUM;XIRECS;10006.0;7
809748;;;ASH_COATED_OSMIUM;XIRECS;9995.0;7
810417;;;INTARIAN_PEPPER_ROOT;XIRECS;40819.0;7
810860;;;ASH_COATED_OSMIUM;XIRECS;10010.0;8
814310;;;ASH_COATED_OSMIUM;XIRECS;10007.0;2
816512;;;INTARIAN_PEPPER_ROOT;XIRECS;40820.0;5
817539;;;INTARIAN_PEPPER_ROOT;XIRECS;40808.0;8
818250;;;INTARIAN_PEPPER_ROOT;XIRECS;40814.0;3
819059;;;INTARIAN_PEPPER_ROOT;XIRECS;40823.0;6
820445;;;ASH_COATED_OSMIUM;XIRECS;9995.0;6
820565;;;ASH_COATED_OSMIUM;XIRECS;9996.0;5
821213;;;ASH_COATED_OSMIUM;XIRECS;9991.0;5
829758;;;ASH_COATED_OSMIUM;XIRECS;10001.0;6
830060;;;ASH_COATED_OSMIUM;XIRECS;10009.0;2
830147;;;ASH_COATED_OSMIUM;XIRECS;10009.0;6
830386;;;ASH_COATED_OSMIUM;XIRECS;9996.0;5
831754;;;INTARIAN_PEPPER_ROOT;XIRECS;40827.0;6
831964;;;ASH_COATED_OSMIUM;XIRECS;10012.0;9
833606;;;ASH_COATED_OSMIUM;XIRECS;9997.0;3
834696;;;INTARIAN_PEPPER_ROOT;XIRECS;40840.0;4
834828;;;INTARIAN_PEPPER_ROOT;XIRECS;40841.0;5
836545;;;INTARIAN_PEPPER_ROOT;XIRECS;40846.0;5
837446;;;INTARIAN_PEPPER_ROOT;XIRECS;40834.0;3
837560;;;INTARIAN_PEPPER_ROOT;XIRECS;40842.0;7
840000;;;ASH_COATED_OSMIUM;XIRECS;10003.0;3
841687;;;ASH_COATED_OSMIUM;XIRECS;9989.0;2
842947;;;ASH_COATED_OSMIUM;XIRECS;9993.0;9
845056;;;ASH_COATED_OSMIUM;XIRECS;9985.0;4
845524;;;ASH_COATED_OSMIUM;XIRECS;9995.0;3
845813;;;ASH_COATED_OSMIUM;XIRECS;9996.0;2
847984;;;ASH_COATED_OSMIUM;XIRECS;10006.0;5
850780;;;ASH_COATED_OSMIUM;XIRECS;10006.0;9
851043;;;ASH_COATED_OSMIUM;XIRECS;10007.0;6
851451;;;INTARIAN_PEPPER_ROOT;XIRECS;40855.0;6
853678;;;ASH_COATED_OSMIUM;XIRECS;10008.0;5
853802;;;INTARIAN_PEPPER_ROOT;XIRECS;40864.0;5
854055;;;ASH_COATED_OSMIUM;XIRECS;10003.0;6
857461;;;ASH_COATED_OSMIUM;XIRECS;9993.0;6
859797;;;INTARIAN_PEPPER_ROOT;XIRECS;40853.0;7
860700;;;ASH_COATED_OSMIUM;XIRECS;10010.0;3
860888;;;ASH_COATED_OSMIUM;XIRECS;10002.0;3
861073;;;ASH_COATED_OSMIUM;XIRECS;9991.0;5
863498;;;INTARIAN_PEPPER_ROOT;XIRECS;40852.0;5
863981;;;ASH_COATED_OSMIUM;XIRECS;9996.0;8
864534;;;INTARIAN_PEPPER_ROOT;XIRECS;40874.0;7
864886;;;ASH_COATED_OSMIUM;XIRECS;10014.0;4
865282;;;ASH_COATED_OSMIUM;XIRECS;10010.0;6
866082;;;ASH_COATED_OSMIUM;XIRECS;10013.0;3
867162;;;ASH_COATED_OSMIUM;XIRECS;10010.0;10
868393;;;ASH_COATED_OSMIUM;XIRECS;9996.0;3
869964;;;INTARIAN_PEPPER_ROOT;XIRECS;40862.0;3
870503;;;ASH_COATED_OSMIUM;XIRECS;9992.0;2
871859;;;ASH_COATED_OSMIUM;XIRECS;9988.0;5
874347;;;ASH_COATED_OSMIUM;XIRECS;9991.0;6
874508;;;ASH_COATED_OSMIUM;XIRECS;9993.0;6
877207;;;ASH_COATED_OSMIUM;XIRECS;10002.0;5
879356;;;ASH_COATED_OSMIUM;XIRECS;9993.0;6
881309;;;ASH_COATED_OSMIUM;XIRECS;10002.0;4
881698;;;ASH_COATED_OSMIUM;XIRECS;9994.0;2
882728;;;ASH_COATED_OSMIUM;XIRECS;10010.0;2
882876;;;ASH_COATED_OSMIUM;XIRECS;9996.0;3
889375;;;ASH_COATED_OSMIUM;XIRECS;10004.0;3
889427;;;ASH_COATED_OSMIUM;XIRECS;9992.0;8
890031;;;ASH_COATED_OSMIUM;XIRECS;9990.0;2
890232;;;ASH_COATED_OSMIUM;XIRECS;10009.0;5
890902;;;ASH_COATED_OSMIUM;XIRECS;9984.0;4
891144;;;INTARIAN_PEPPER_ROOT;XIRECS;40882.0;6
892401;;;INTARIAN_PEPPER_ROOT;XIRECS;40888.0;7
893639;;;INTARIAN_PEPPER_ROOT;XIRECS;40886.0;5
894510;;;INTARIAN_PEPPER_ROOT;XIRECS;40885.0;4
897107;;;ASH_COATED_OSMIUM;XIRECS;9992.0;2
898957;;;ASH_COATED_OSMIUM;XIRECS;10007.0;4
902404;;;ASH_COATED_OSMIUM;XIRECS;10008.0;3
903751;;;ASH_COATED_OSMIUM;XIRECS;10005.0;5
904192;;;INTARIAN_PEPPER_ROOT;XIRECS;40909.0;6
904237;;;ASH_COATED_OSMIUM;XIRECS;10009.0;5
905357;;;INTARIAN_PEPPER_ROOT;XIRECS;40893.0;6
906426;;;ASH_COATED_OSMIUM;XIRECS;9999.0;5
907589;;;ASH_COATED_OSMIUM;XIRECS;10006.0;4
910553;;;INTARIAN_PEPPER_ROOT;XIRECS;40904.0;5
910765;;;ASH_COATED_OSMIUM;XIRECS;10011.0;5
912127;;;INTARIAN_PEPPER_ROOT;XIRECS;40917.0;3
914566;;;ASH_COATED_OSMIUM;XIRECS;10013.0;4
918234;;;ASH_COATED_OSMIUM;XIRECS;9992.0;3
918565;;;ASH_COATED_OSMIUM;XIRECS;10004.0;5
919191;;;INTARIAN_PEPPER_ROOT;XIRECS;40922.0;8
919731;;;ASH_COATED_OSMIUM;XIRECS;9980.0;5
919737;;;INTARIAN_PEPPER_ROOT;XIRECS;40914.0;6
922498;;;INTARIAN_PEPPER_ROOT;XIRECS;40914.0;7
923876;;;INTARIAN_PEPPER_ROOT;XIRECS;40917.0;4
927882;;;ASH_COATED_OSMIUM;XIRECS;9999.0;3
928747;;;ASH_COATED_OSMIUM;XIRECS;9985.0;6
932457;;;INTARIAN_PEPPER_ROOT;XIRECS;40935.0;8
933500;;;ASH_COATED_OSMIUM;XIRECS;9995.0;7
933938;;;ASH_COATED_OSMIUM;XIRECS;10006.0;8
936496;;;ASH_COATED_OSMIUM;XIRECS;9992.0;5
936740;;;ASH_COATED_OSMIUM;XIRECS;10006.0;3
938858;;;ASH_COATED_OSMIUM;XIRECS;9992.0;6
939361;;;ASH_COATED_OSMIUM;XIRECS;9992.0;4
940198;;;INTARIAN_PEPPER_ROOT;XIRECS;40945.0;5
941435;;;ASH_COATED_OSMIUM;XIRECS;10002.0;2
942277;;;INTARIAN_PEPPER_ROOT;XIRECS;40943.0;5
942353;;;INTARIAN_PEPPER_ROOT;XIRECS;40951.0;3
943364;;;INTARIAN_PEPPER_ROOT;XIRECS;40954.0;4
945150;;;INTARIAN_PEPPER_ROOT;XIRECS;40938.0;7
945335;;;ASH_COATED_OSMIUM;XIRECS;10001.0;5
949819;;;ASH_COATED_OSMIUM;XIRECS;10020.0;6
950493;;;INTARIAN_PEPPER_ROOT;XIRECS;40953.0;7
952421;;;INTARIAN_PEPPER_ROOT;XIRECS;40941.0;5
953060;;;ASH_COATED_OSMIUM;XIRECS;10007.0;3
953267;;;INTARIAN_PEPPER_ROOT;XIRECS;40962.0;3
953492;;;ASH_COATED_OSMIUM;XIRECS;9991.0;7
956189;;;ASH_COATED_OSMIUM;XIRECS;10000.0;2
959641;;;INTARIAN_PEPPER_ROOT;XIRECS;40969.0;3
960080;;;ASH_COATED_OSMIUM;XIRECS;10002.0;10
961732;;;INTARIAN_PEPPER_ROOT;XIRECS;40951.0;3
963773;;;ASH_COATED_OSMIUM;XIRECS;9995.0;6
965337;;;ASH_COATED_OSMIUM;XIRECS;10010.0;5
971372;;;ASH_COATED_OSMIUM;XIRECS;9990.0;3
971537;;;ASH_COATED_OSMIUM;XIRECS;10005.0;6
972241;;;ASH_COATED_OSMIUM;XIRECS;9995.0;9
977971;;;ASH_COATED_OSMIUM;XIRECS;10010.0;7
978491;;;ASH_COATED_OSMIUM;XIRECS;10007.0;5
978672;;;ASH_COATED_OSMIUM;XIRECS;10010.0;3
980936;;;ASH_COATED_OSMIUM;XIRECS;9996.0;4
981628;;;ASH_COATED_OSMIUM;XIRECS;10014.0;6
982030;;;ASH_COATED_OSMIUM;XIRECS;9987.0;3
982191;;;INTARIAN_PEPPER_ROOT;XIRECS;40977.0;4
984415;;;INTARIAN_PEPPER_ROOT;XIRECS;40979.0;3
984716;;;ASH_COATED_OSMIUM;XIRECS;9991.0;3
988126;;;ASH_COATED_OSMIUM;XIRECS;9996.0;5
988612;;;ASH_COATED_OSMIUM;XIRECS;9995.0;2
989275;;;INTARIAN_PEPPER_ROOT;XIRECS;40997.0;6
989301;;;ASH_COATED_OSMIUM;XIRECS;10001.0;10
992058;;;ASH_COATED_OSMIUM;XIRECS;10000.0;3
992352;;;ASH_COATED_OSMIUM;XIRECS;9987.0;10
996080;;;INTARIAN_PEPPER_ROOT;XIRECS;40989.0;6
998612;;;ASH_COATED_OSMIUM;XIRECS;9994.0;10
998997;;;INTARIAN_PEPPER_ROOT;XIRECS;41004.0;7