timestamp;buyer;seller;symbol;currency;price;quantity
220;;;ASH_COATED_OSMIUM;XIRECS;9985.0;2
2390;;;ASH_COATED_OSMIUM;XIRECS;10017.0;4
8110;;;ASH_COATED_OSMIUM;XIRECS;9998.0;10
8389;;;INTARIAN_PEPPER_ROOT;XIRECS;49010.0;6
9266;;;ASH_COATED_OSMIUM;XIRECS;9995.0;6
9626;;;ASH_COATED_OSMIUM;XIRECS;10022.0;6
9759;;;ASH_COATED_OSMIUM;XIRECS;10021.0;4
9792;;;ASH_COATED_OSMIUM;XIRECS;10003.0;5
13333;;;INTARIAN_PEPPER_ROOT;XIRECS;49007.0;6
13438;;;ASH_COATED_OSMIUM;XIRECS;9998.0;2
15308;;;ASH_COATED_OSMIUM;XIRECS;9990.0;3
16022;;;ASH_COATED_OSMIUM;XIRECS;10009.0;2
16550;;;INTARIAN_PEPPER_ROOT;XIRECS;49010.0;5
16852;;;ASH_COATED_OSMIUM;XIRECS;9990.0;5
17360;;;INTARIAN_PEPPER_ROOT;XIRECS;49027.0;4
17688;;;ASH_COATED_OSMIUM;XIRECS;9995.0;5
18793;;;ASH_COATED_OSMIUM;XIRECS;9990.0;2
19379;;;INTARIAN_PEPPER_ROOT;XIRECS;49026.0;7
20875;;;ASH_COATED_OSMIUM;XIRECS;9984.0;2
24107;;;INTARIAN_PEPPER_ROOT;XIRECS;49025.0;4
24708;;;INTARIAN_PEPPER_ROOT;XIRECS;49015.0;3
25624;;;INTARIAN_PEPPER_ROOT;XIRECS;49033.0;6
25816;;;INTARIAN_PEPPER_ROOT;XIRECS;49029.0;4
27573;;;ASH_COATED_OSMIUM;XIRECS;10017.0;4
31961;;;INTARIAN_PEPPER_ROOT;XIRECS;49019.0;4
32214;;;ASH_COATED_OSMIUM;XIRECS;10006.0;7
34145;;;ASH_COATED_OSMIUM;XIRECS;9994.0;6
35873;;;ASH_COATED_OSMIUM;XIRECS;10002.0;4
36263;;;INTARIAN_PEPPER_ROOT;XIRECS;49042.0;7
37137;;;ASH_COATED_OSMIUM;XIRECS;10015.0;6
39048;;;ASH_COATED_OSMIUM;XIRECS;10001.0;10
39343;;;INTARIAN_PEPPER_ROOT;XIRECS;49030.0;4
40256;;;ASH_COATED_OSMIUM;XIRECS;10011.0;6
43814;;;ASH_COATED_OSMIUM;XIRECS;10010.0;2
44491;;;INTARIAN_PEPPER_ROOT;XIRECS;49034.0;6
44953;;;ASH_COATED_OSMIUM;XIRECS;9992.0;7
46055;;;ASH_COATED_OSMIUM;XIRECS;10008.0;3
46544;;;INTARIAN_PEPPER_ROOT;XIRECS;49040.0;7
46774;;;INTARIAN_PEPPER_ROOT;XIRECS;49054.0;6
51015;;;ASH_COATED_OSMIUM;XIRECS;10006.0;2
51162;;;INTARIAN_PEPPER_ROOT;XIRECS;49059.0;8
51433;;;INTARIAN_PEPPER_ROOT;XIRECS;49046.0;3
51759;;;ASH_COATED_OSMIUM;XIRECS;9990.0;5
55321;;;ASH_COATED_OSMIUM;XIRECS;10002.0;4
56173;;;ASH_COATED_OSMIUM;XIRECS;10006.0;6
58344;;;ASH_COATED_OSMIUM;XIRECS;10013.0;4
59813;;;INTARIAN_PEPPER_ROOT;XIRECS;49054.0;4
61191;;;INTARIAN_PEPPER_ROOT;XIRECS;49074.0;6
62404;;;INTARIAN_PEPPER_ROOT;XIRECS;49060.0;6
63064;;;ASH_COATED_OSMIUM;XIRECS;9995.0;3
63080;;;ASH_COATED_OSMIUM;XIRECS;9995.0;2
63814;;;ASH_COATED_OSMIUM;XIRECS;9988.0;2
64822;;;ASH_COATED_OSMIUM;XIRECS;9989.0;6
65274;;;INTARIAN_PEPPER_ROOT;XIRECS;49065.0;6
66487;;;ASH_COATED_OSMIUM;XIRECS;10000.0;6
69670;;;ASH_COATED_OSMIUM;XIRECS;10017.0;2
71187;;;INTARIAN_PEPPER_ROOT;XIRECS;49075.0;4
72883;;;INTARIAN_PEPPER_ROOT;XIRECS;49065.0;3
73702;;;INTARIAN_PEPPER_ROOT;XIRECS;49069.0;4
75438;;;ASH_COATED_OSMIUM;XIRECS;10004.0;3
75622;;;INTARIAN_PEPPER_ROOT;XIRECS;49082.0;5
76632;;;ASH_COATED_OSMIUM;XIRECS;9998.0;2
79178;;;INTARIAN_PEPPER_ROOT;XIRECS;49068.0;3
80371;;;ASH_COATED_OSMIUM;XIRECS;10011.0;5
80588;;;ASH_COATED_OSMIUM;XIRECS;10004.0;4
81278;;;ASH_COATED_OSMIUM;XIRECS;10012.0;4
81321;;;ASH_COATED_OSMIUM;XIRECS;10009.0;5
81460;;;ASH_COATED_OSMIUM;XIRECS;9992.0;6
82191;;;INTARIAN_PEPPER_ROOT;XIRECS;49088.0;3
83232;;;ASH_COATED_OSMIUM;XIRECS;9986.0;5
83436;;;ASH_COATED_OSMIUM;XIRECS;9987.0;5
85902;;;ASH_COATED_OSMIUM;XIRECS;10013.0;5
86023;;;ASH_COATED_OSMIUM;XIRECS;10011.0;10
86449;;;INTARIAN_PEPPER_ROOT;XIRECS;49076.0;5
87044;;;ASH_COATED_OSMIUM;XIRECS;10003.0;4
90165;;;ASH_COATED_OSMIUM;XIRECS;9998.0;8
90600;;;INTARIAN_PEPPER_ROOT;XIRECS;49085.0;3
90807;;;INTARIAN_PEPPER_ROOT;XIRECS;49095.0;8
91635;;;ASH_COATED_OSMIUM;XIRECS;9992.0;6
91963;;;INTARIAN_PEPPER_ROOT;XIRECS;49086.0;3
93726;;;INTARIAN_PEPPER_ROOT;XIRECS;49090.0;7
94043;;;ASH_COATED_OSMIUM;XIRECS;10006.0;3
94464;;;ASH_COATED_OSMIUM;XIRECS;9992.0;2
96586;;;ASH_COATED_OSMIUM;XIRECS;10016.0;3
96751;;;INTARIAN_PEPPER_ROOT;XIRECS;49102.0;3
97168;;;ASH_COATED_OSMIUM;XIRECS;9992.0;7
97593;;;ASH_COATED_OSMIUM;XIRECS;9990.0;6
98593;;;INTARIAN_PEPPER_ROOT;XIRECS;49104.0;5
101477;;;INTARIAN_PEPPER_ROOT;XIRECS;49108.0;6
101872;;;INTARIAN_PEPPER_ROOT;XIRECS;49096.0;5
101873;;;ASH_COATED_OSMIUM;XIRECS;9999.0;3
107024;;;INTARIAN_PEPPER_ROOT;XIRECS;49101.0;7
115022;;;ASH_COATED_OSMIUM;XIRECS;9991.0;10
116894;;;ASH_COATED_OSMIUM;XIRECS;10005.0;4
119902;;;INTARIAN_PEPPER_ROOT;XIRECS;49113.0;5
123314;;;INTARIAN_PEPPER_ROOT;XIRECS;49131.0;5
124157;;;ASH_COATED_OSMIUM;XIRECS;10011.0;7
124818;;;ASH_COATED_OSMIUM;XIRECS;9987.0;10
125085;;;INTARIAN_PEPPER_ROOT;XIRECS;49130.0;7
126274;;;INTARIAN_PEPPER_ROOT;XIRECS;49119.0;7
126578;;;ASH_COATED_OSMIUM;XIRECS;10006.0;3
126857;;;ASH_COATED_OSMIUM;XIRECS;9991.0;5
127741;;;ASH_COATED_OSMIUM;XIRECS;9990.0;5
130077;;;ASH_COATED_OSMIUM;XIRECS;10008.0;5
130223;;;ASH_COATED_OSMIUM;XIRECS;10017.0;4
131082;;;INTARIAN_PEPPER_ROOT;XIRECS;49140.0;5
131619;;;INTARIAN_PEPPER_ROOT;XIRECS;49134.0;5
134563;;;ASH_COATED_OSMIUM;XIRECS;10019.0;3
135221;;;ASH_COATED_OSMIUM;XIRECS;10013.0;8
136250;;;INTARIAN_PEPPER_ROOT;XIRECS;49140.0;7
138756;;;INTARIAN_PEPPER_ROOT;XIRECS;49142.0;3
142020;;;INTARIAN_PEPPER_ROOT;XIRECS;49136.0;7
142122;;;INTARIAN_PEPPER_ROOT;XIRECS;49149.0;5
142172;;;INTARIAN_PEPPER_ROOT;XIRECS;49149.0;7
143482;;;INTARIAN_PEPPER_ROOT;XIRECS;49153.0;5
143824;;;ASH_COATED_OSMIUM;XIRECS;10002.0;6
143833;;;ASH_COATED_OSMIUM;XIRECS;10002.0;5
146771;;;ASH_COATED_OSMIUM;XIRECS;10008.0;6
147885;;;ASH_COATED_OSMIUM;XIRECS;9985.0;5
150236;;;INTARIAN_PEPPER_ROOT;XIRECS;49154.0;6
150252;;;INTARIAN_PEPPER_ROOT;XIRECS;49154.0;3
154235;;;ASH_COATED_OSMIUM;XIRECS;9986.0;9
155539;;;INTARIAN_PEPPER_ROOT;XIRECS;49148.0;4
155714;;;INTARIAN_PEPPER_ROOT;XIRECS;49150.0;6
156751;;;ASH_COATED_OSMIUM;XIRECS;10006.0;6
157117;;;ASH_COATED_OSMIUM;XIRECS;9991.0;2
158917;;;ASH_COATED_OSMIUM;XIRECS;9995.0;3
164558;;;INTARIAN_PEPPER_ROOT;XIRECS;49171.0;5
172409;;;INTARIAN_PEPPER_ROOT;XIRECS;49175.0;7
174734;;;ASH_COATED_OSMIUM;XIRECS;9999.0;10
175290;;;INTARIAN_PEPPER_ROOT;XIRECS;49166.0;5
175998;;;ASH_COATED_OSMIUM;XIRECS;9987.0;10
176730;;;INTARIAN_PEPPER_ROOT;XIRECS;49179.0;7
177094;;;ASH_COATED_OSMIUM;XIRECS;10006.0;6
178511;;;ASH_COATED_OSMIUM;XIRECS;10012.0;10
178640;;;ASH_COATED_OSMIUM;XIRECS;9993.0;6
178949;;;ASH_COATED_OSMIUM;XIRECS;10002.0;6
179600;;;ASH_COATED_OSMIUM;XIRECS;9995.0;9
179846;;;ASH_COATED_OSMIUM;XIRECS;9995.0;7
180129;;;ASH_COATED_OSMIUM;XIRECS;10002.0;4
180305;;;ASH_COATED_OSMIUM;XIRECS;10015.0;5
181435;;;ASH_COATED_OSMIUM;XIRECS;10009.0;5
183976;;;ASH_COATED_OSMIUM;XIRECS;10000.0;2
184568;;;INTARIAN_PEPPER_ROOT;XIRECS;49176.0;6
185443;;;ASH_COATED_OSMIUM;XIRECS;9997.0;3
185561;;;ASH_COATED_OSMIUM;XIRECS;9996.0;4
185707;;;INTARIAN_PEPPER_ROOT;XIRECS;49181.0;6
186477;;;INTARIAN_PEPPER_ROOT;XIRECS;49189.0;7
187896;;;ASH_COATED_OSMIUM;XIRECS;9994.0;7
189619;;;ASH_COATED_OSMIUM;XIRECS;10007.0;3
189691;;;ASH_COATED_OSMIUM;XIRECS;10007.0;6
189715;;;ASH_COATED_OSMIUM;XIRECS;10010.0;4
189731;;;INTARIAN_PEPPER_ROOT;XIRECS;49199.0;7
190234;;;ASH_COATED_OSMIUM;XIRECS;10004.0;4
193314;;;INTARIAN_PEPPER_ROOT;XIRECS;49190.0;4
193852;;;INTARIAN_PEPPER_ROOT;XIRECS;49203.0;7
193982;;;ASH_COATED_OSMIUM;XIRECS;10008.0;10
194329;;;ASH_COATED_OSMIUM;XIRECS;9989.0;4
197051;;;ASH_COATED_OSMIUM;XIRECS;10003.0;7
197141;;;ASH_COATED_OSMIUM;XIRECS;10003.0;5
198232;;;INTARIAN_PEPPER_ROOT;XIRECS;49201.0;6
199579;;;ASH_COATED_OSMIUM;XIRECS;9990.0;2
199796;;;ASH_COATED_OSMIUM;XIRECS;10007.0;10
200139;;;ASH_COATED_OSMIUM;XIRECS;10019.0;5
200547;;;ASH_COATED_OSMIUM;XIRECS;9987.0;4
201066;;;ASH_COATED_OSMIUM;XIRECS;9986.0;8
201177;;;INTARIAN_PEPPER_ROOT;XIRECS;49210.0;6
205754;;;ASH_COATED_OSMIUM;XIRECS;10007.0;2
206800;;;ASH_COATED_OSMIUM;XIRECS;9999.0;3
208332;;;INTARIAN_PEPPER_ROOT;XIRECS;49204.0;3
209554;;;ASH_COATED_OSMIUM;XIRECS;9993.0;7
212493;;;ASH_COATED_OSMIUM;XIRECS;10008.0;2
213175;;;ASH_COATED_OSMIUM;XIRECS;9998.0;8
215031;;;INTARIAN_PEPPER_ROOT;XIRECS;49211.0;6
215264;;;ASH_COATED_OSMIUM;XIRECS;10008.0;3
219498;;;ASH_COATED_OSMIUM;XIRECS;9991.0;6
219711;;;INTARIAN_PEPPER_ROOT;XIRECS;49212.0;6
220250;;;ASH_COATED_OSMIUM;XIRECS;10018.0;6
220829;;;INTARIAN_PEPPER_ROOT;XIRECS;49217.0;6
222496;;;ASH_COATED_OSMIUM;XIRECS;9991.0;6
223140;;;ASH_COATED_OSMIUM;XIRECS;9985.0;2
223291;;;ASH_COATED_OSMIUM;XIRECS;9983.0;7
223327;;;INTARIAN_PEPPER_ROOT;XIRECS;49218.0;3
226602;;;INTARIAN_PEPPER_ROOT;XIRECS;49214.0;6
227322;;;ASH_COATED_OSMIUM;XIRECS;9986.0;3
230880;;;ASH_COATED_OSMIUM;XIRECS;9995.0;10
232154;;;INTARIAN_PEPPER_ROOT;XIRECS;49225.0;5
233079;;;INTARIAN_PEPPER_ROOT;XIRECS;49229.0;7
233683;;;INTARIAN_PEPPER_ROOT;XIRECS;49225.0;3
234750;;;ASH_COATED_OSMIUM;XIRECS;10000.0;5
234826;;;INTARIAN_PEPPER_ROOT;XIRECS;49239.0;3
235441;;;INTARIAN_PEPPER_ROOT;XIRECS;49230.0;5
236510;;;INTARIAN_PEPPER_ROOT;XIRECS;49244.0;5
238174;;;ASH_COATED_OSMIUM;XIRECS;10004.0;6
238386;;;INTARIAN_PEPPER_ROOT;XIRECS;49236.0;7
238417;;;INTARIAN_PEPPER_ROOT;XIRECS;49245.0;6
239119;;;INTARIAN_PEPPER_ROOT;XIRECS;49249.0;5
240367;;;INTARIAN_PEPPER_ROOT;XIRECS;49246.0;4
243223;;;INTARIAN_PEPPER_ROOT;XIRECS;49242.0;4
244787;;;INTARIAN_PEPPER_ROOT;XIRECS;49231.0;6
245657;;;ASH_COATED_OSMIUM;XIRECS;10003.0;6
245964;;;ASH_COATED_OSMIUM;XIRECS;9991.0;9
246028;;;ASH_COATED_OSMIUM;XIRECS;9995.0;9
247392;;;INTARIAN_PEPPER_ROOT;XIRECS;49255.0;6
255715;;;ASH_COATED_OSMIUM;XIRECS;9989.0;3
257431;;;ASH_COATED_OSMIUM;XIRECS;9985.0;3
257813;;;INTARIAN_PEPPER_ROOT;XIRECS;49250.0;5
259671;;;INTARIAN_PEPPER_ROOT;XIRECS;49251.0;5
260214;;;ASH_COATED_OSMIUM;XIRECS;10005.0;5
260493;;;ASH_COATED_OSMIUM;XIRECS;9994.0;7
261707;;;ASH_COATED_OSMIUM;XIRECS;10004.0;6
262766;;;ASH_COATED_OSMIUM;XIRECS;10006.0;2
263044;;;ASH_COATED_OSMIUM;XIRECS;9987.0;7
263183;;;ASH_COATED_OSMIUM;XIRECS;9992.0;10
263500;;;ASH_COATED_OSMIUM;XIRECS;10011.0;3
266582;;;ASH_COATED_OSMIUM;XIRECS;9998.0;2
268187;;;INTARIAN_PEPPER_ROOT;XIRECS;49261.0;6
268949;;;ASH_COATED_OSMIUM;XIRECS;9997.0;5
272274;;;ASH_COATED_OSMIUM;XIRECS;10005.0;6
274101;;;INTARIAN_PEPPER_ROOT;XIRECS;49266.0;7
274443;;;INTARIAN_PEPPER_ROOT;XIRECS;49286.0;3
274920;;;INTARIAN_PEPPER_ROOT;XIRECS;49267.0;5
275118;;;INTARIAN_PEPPER_ROOT;XIRECS;49269.0;5
279032;;;ASH_COATED_OSMIUM;XIRECS;9998.0;9
280740;;;ASH_COATED_OSMIUM;XIRECS;9986.0;6
282204;;;ASH_COATED_OSMIUM;XIRECS;10006.0;9
282775;;;ASH_COATED_OSMIUM;XIRECS;9997.0;2
283605;;;ASH_COATED_OSMIUM;XIRECS;10013.0;7
285469;;;INTARIAN_PEPPER_ROOT;XIRECS;49277.0;5
286330;;;ASH_COATED_OSMIUM;XIRECS;10010.0;5
287168;;;INTARIAN_PEPPER_ROOT;XIRECS;49293.0;7
288286;;;INTARIAN_PEPPER_ROOT;XIRECS;49298.0;5
289527;;;ASH_COATED_OSMIUM;XIRECS;10000.0;5
289731;;;ASH_COATED_OSMIUM;XIRECS;9988.0;4
291170;;;INTARIAN_PEPPER_ROOT;XIRECS;49287.0;6
291365;;;INTARIAN_PEPPER_ROOT;XIRECS;49283.0;6
292902;;;ASH_COATED_OSMIUM;XIRECS;10001.0;2
293460;;;INTARIAN_PEPPER_ROOT;XIRECS;49286.0;3
295178;;;INTARIAN_PEPPER_ROOT;XIRECS;49303.0;4
295586;;;INTARIAN_PEPPER_ROOT;XIRECS;49298.0;6
298319;;;ASH_COATED_OSMIUM;XIRECS;10013.0;8
299287;;;INTARIAN_PEPPER_ROOT;XIRECS;49306.0;5
300134;;;INTARIAN_PEPPER_ROOT;XIRECS;49306.0;4
304600;;;ASH_COATED_OSMIUM;XIRECS;10010.0;2
305174;;;INTARIAN_PEPPER_ROOT;XIRECS;49311.0;5
306864;;;INTARIAN_PEPPER_ROOT;XIRECS;49318.0;3
308824;;;ASH_COATED_OSMIUM;XIRECS;10010.0;8
309417;;;ASH_COATED_OSMIUM;XIRECS;10007.0;4
311083;;;ASH_COATED_OSMIUM;XIRECS;10005.0;5
311946;;;ASH_COATED_OSMIUM;XIRECS;9993.0;6
312317;;;ASH_COATED_OSMIUM;XIRECS;10007.0;7
313418;;;INTARIAN_PEPPER_ROOT;XIRECS;49307.0;5
318417;;;ASH_COATED_OSMIUM;XIRECS;9993.0;10
321553;;;INTARIAN_PEPPER_ROOT;XIRECS;49330.0;5
321695;;;INTARIAN_PEPPER_ROOT;XIRECS;49327.0;5
327238;;;ASH_COATED_OSMIUM;XIRECS;9997.0;3
327649;;;ASH_COATED_OSMIUM;XIRECS;9994.0;3
330245;;;INTARIAN_PEPPER_ROOT;XIRECS;49324.0;4
331609;;;ASH_COATED_OSMIUM;XIRECS;10009.0;2
331626;;;INTARIAN_PEPPER_ROOT;XIRECS;49325.0;8
332012;;;ASH_COATED_OSMIUM;XIRECS;10008.0;7
332808;;;INTARIAN_PEPPER_ROOT;XIRECS;49326.0;3
336019;;;ASH_COATED_OSMIUM;XIRECS;9989.0;2
336185;;;ASH_COATED_OSMIUM;XIRECS;9985.0;4
336413;;;ASH_COATED_OSMIUM;XIRECS;9987.0;10
338049;;;ASH_COATED_OSMIUM;XIRECS;10013.0;2
340503;;;ASH_COATED_OSMIUM;XIRECS;10001.0;6
340616;;;ASH_COATED_OSMIUM;XIRECS;10004.0;4
344574;;;INTARIAN_PEPPER_ROOT;XIRECS;49336.0;7
345164;;;ASH_COATED_OSMIUM;XIRECS;10005.0;4
345883;;;ASH_COATED_OSMIUM;XIRECS;10016.0;10
347963;;;ASH_COATED_OSMIUM;XIRECS;10010.0;5
348289;;;INTARIAN_PEPPER_ROOT;XIRECS;49339.0;7
349686;;;ASH_COATED_OSMIUM;XIRECS;9994.0;2
351791;;;ASH_COATED_OSMIUM;XIRECS;9995.0;6
353100;;;ASH_COATED_OSMIUM;XIRECS;10002.0;9
356016;;;INTARIAN_PEPPER_ROOT;XIRECS;49362.0;4
357577;;;INTARIAN_PEPPER_ROOT;XIRECS;49352.0;6
358301;;;INTARIAN_PEPPER_ROOT;XIRECS;49365.0;7
360367;;;INTARIAN_PEPPER_ROOT;XIRECS;49368.0;4
361014;;;ASH_COATED_OSMIUM;XIRECS;9993.0;6
365012;;;ASH_COATED_OSMIUM;XIRECS;9995.0;7
365297;;;INTARIAN_PEPPER_ROOT;XIRECS;49371.0;6
366649;;;ASH_COATED_OSMIUM;XIRECS;9986.0;2
366921;;;ASH_COATED_OSMIUM;XIRECS;9985.0;9
366934;;;INTARIAN_PEPPER_ROOT;XIRECS;49360.0;5
367703;;;ASH_COATED_OSMIUM;XIRECS;9992.0;3
368428;;;INTARIAN_PEPPER_ROOT;XIRECS;49379.0;3
369759;;;ASH_COATED_OSMIUM;XIRECS;9994.0;5
371212;;;ASH_COATED_OSMIUM;XIRECS;9989.0;6
373563;;;ASH_COATED_OSMIUM;XIRECS;9988.0;5
374637;;;ASH_COATED_OSMIUM;XIRECS;10010.0;5
375083;;;INTARIAN_PEPPER_ROOT;XIRECS;49382.0;5
375943;;;ASH_COATED_OSMIUM;XIRECS;9988.0;5
378369;;;ASH_COATED_OSMIUM;XIRECS;10009.0;3
379936;;;ASH_COATED_OSMIUM;XIRECS;9995.0;10
381532;;;ASH_COATED_OSMIUM;XIRECS;9987.0;6
382333;;;INTARIAN_PEPPER_ROOT;XIRECS;49387.0;3
384754;;;INTARIAN_PEPPER_ROOT;XIRECS;49392.0;6
386371;;;INTARIAN_PEPPER_ROOT;XIRECS;49400.0;7
387939;;;INTARIAN_PEPPER_ROOT;XIRECS;49386.0;4
391078;;;INTARIAN_PEPPER_ROOT;XIRECS;49396.0;6
392518;;;INTARIAN_PEPPER_ROOT;XIRECS;49389.0;4
393729;;;INTARIAN_PEPPER_ROOT;XIRECS;49389.0;5
394137;;;INTARIAN_PEPPER_ROOT;XIRECS;49385.0;3
394775;;;INTARIAN_PEPPER_ROOT;XIRECS;49392.0;5
394869;;;INTARIAN_PEPPER_ROOT;XIRECS;49400.0;6
396429;;;INTARIAN_PEPPER_ROOT;XIRECS;49402.0;3
396659;;;ASH_COATED_OSMIUM;XIRECS;9998.0;2
397802;;;ASH_COATED_OSMIUM;XIRECS;9995.0;5
399101;;;ASH_COATED_OSMIUM;XIRECS;9992.0;5
399665;;;ASH_COATED_OSMIUM;XIRECS;10016.0;5
400061;;;INTARIAN_PEPPER_ROOT;XIRECS;49392.0;3
400561;;;ASH_COATED_OSMIUM;XIRECS;10006.0;9
401348;;;ASH_COATED_OSMIUM;XIRECS;9986.0;3
402168;;;INTARIAN_PEPPER_ROOT;XIRECS;49411.0;5
402371;;;ASH_COATED_OSMIUM;XIRECS;10009.0;4
403788;;;ASH_COATED_OSMIUM;XIRECS;9995.0;4
410322;;;ASH_COATED_OSMIUM;XIRECS;10010.0;6
411820;;;ASH_COATED_OSMIUM;XIRECS;9992.0;3
413451;;;INTARIAN_PEPPER_ROOT;XIRECS;49423.0;3
413870;;;ASH_COATED_OSMIUM;XIRECS;9986.0;5
416118;;;INTARIAN_PEPPER_ROOT;XIRECS;49423.0;6
416347;;;ASH_COATED_OSMIUM;XIRECS;10006.0;10
417221;;;ASH_COATED_OSMIUM;XIRECS;9998.0;2
420864;;;INTARIAN_PEPPER_ROOT;XIRECS;49426.0;8
420919;;;ASH_COATED_OSMIUM;XIRECS;10013.0;6
425025;;;ASH_COATED_OSMIUM;XIRECS;9989.0;3
427055;;;ASH_COATED_OSMIUM;XIRECS;9998.0;10
428933;;;INTARIAN_PEPPER_ROOT;XIRECS;49423.0;7
429792;;;INTARIAN_PEPPER_ROOT;XIRECS;49438.0;3
429871;;;INTARIAN_PEPPER_ROOT;XIRECS;49438.0;5
430220;;;ASH_COATED_OSMIUM;XIRECS;9994.0;10
430557;;;ASH_COATED_OSMIUM;XIRECS;9984.0;5
430874;;;INTARIAN_PEPPER_ROOT;XIRECS;49422.0;3
434686;;;ASH_COATED_OSMIUM;XIRECS;9991.0;6
436420;;;INTARIAN_PEPPER_ROOT;XIRECS;49447.0;7
436906;;;ASH_COATED_OSMIUM;XIRECS;10003.0;6
438064;;;INTARIAN_PEPPER_ROOT;XIRECS;49436.0;5
439108;;;ASH_COATED_OSMIUM;XIRECS;9998.0;3
439359;;;ASH_COATED_OSMIUM;XIRECS;9984.0;5
439457;;;INTARIAN_PEPPER_ROOT;XIRECS;49432.0;6
441203;;;INTARIAN_PEPPER_ROOT;XIRECS;49436.0;3
441630;;;INTARIAN_PEPPER_ROOT;XIRECS;49437.0;3
441753;;;ASH_COATED_OSMIUM;XIRECS;9996.0;10
441964;;;ASH_COATED_OSMIUM;XIRECS;10015.0;4
442517;;;INTARIAN_PEPPER_ROOT;XIRECS;49448.0;3
442555;;;INTARIAN_PEPPER_ROOT;XIRECS;49436.0;6
442766;;;INTARIAN_PEPPER_ROOT;XIRECS;49450.0;3
442825;;;INTARIAN_PEPPER_ROOT;XIRECS;49451.0;3
445015;;;INTARIAN_PEPPER_ROOT;XIRECS;49453.0;5
445798;;;ASH_COATED_OSMIUM;XIRECS;10014.0;2
446451;;;INTARIAN_PEPPER_ROOT;XIRECS;49442.0;3
447441;;;ASH_COATED_OSMIUM;XIRECS;10005.0;7
447780;;;INTARIAN_PEPPER_ROOT;XIRECS;49450.0;6
449483;;;INTARIAN_PEPPER_ROOT;XIRECS;49439.0;6
449984;;;ASH_COATED_OSMIUM;XIRECS;10000.0;5
452581;;;INTARIAN_PEPPER_ROOT;XIRECS;49464.0;8
454882;;;INTARIAN_PEPPER_ROOT;XIRECS;49460.0;5
455219;;;ASH_COATED_OSMIUM;XIRECS;9997.0;6
455272;;;INTARIAN_PEPPER_ROOT;XIRECS;49463.0;6
455961;;;INTARIAN_PEPPER_ROOT;XIRECS;49460.0;4
456326;;;INTARIAN_PEPPER_ROOT;XIRECS;49461.0;5
458999;;;ASH_COATED_OSMIUM;XIRECS;10006.0;9
459737;;;INTARIAN_PEPPER_ROOT;XIRECS;49463.0;4
459949;;;INTARIAN_PEPPER_ROOT;XIRECS;49454.0;5
460253;;;INTARIAN_PEPPER_ROOT;XIRECS;49468.0;7
461102;;;ASH_COATED_OSMIUM;XIRECS;9996.0;6
462103;;;INTARIAN_PEPPER_ROOT;XIRECS;49469.0;8
462412;;;ASH_COATED_OSMIUM;XIRECS;9982.0;2
466721;;;INTARIAN_PEPPER_ROOT;XIRECS;49476.0;3
471350;;;ASH_COATED_OSMIUM;XIRECS;9993.0;6
475191;;;INTARIAN_PEPPER_ROOT;XIRECS;49474.0;4
478824;;;ASH_COATED_OSMIUM;XIRECS;10013.0;2
479162;;;ASH_COATED_OSMIUM;XIRECS;10001.0;5
480384;;;ASH_COATED_OSMIUM;XIRECS;10005.0;9
480387;;;INTARIAN_PEPPER_ROOT;XIRECS;49475.0;4
481363;;;INTARIAN_PEPPER_ROOT;XIRECS;49474.0;6
482705;;;INTARIAN_PEPPER_ROOT;XIRECS;49473.0;6
483466;;;INTARIAN_PEPPER_ROOT;XIRECS;49477.0;3
483512;;;ASH_COATED_OSMIUM;XIRECS;10011.0;4
489533;;;ASH_COATED_OSMIUM;XIRECS;9989.0;7
489938;;;ASH_COATED_OSMIUM;XIRECS;10008.0;10
489961;;;INTARIAN_PEPPER_ROOT;XIRECS;49496.0;3
491381;;;ASH_COATED_OSMIUM;XIRECS;9996.0;5
494137;;;ASH_COATED_OSMIUM;XIRECS;10018.0;6
494662;;;ASH_COATED_OSMIUM;XIRECS;10006.0;10
495136;;;ASH_COATED_OSMIUM;XIRECS;9987.0;6
496156;;;INTARIAN_PEPPER_ROOT;XIRECS;49503.0;4
500752;;;ASH_COATED_OSMIUM;XIRECS;9987.0;10
502060;;;INTARIAN_PEPPER_ROOT;XIRECS;49507.0;6
502300;;;INTARIAN_PEPPER_ROOT;XIRECS;49496.0;6
502607;;;ASH_COATED_OSMIUM;XIRECS;10009.0;7
507798;;;ASH_COATED_OSMIUM;XIRECS;9998.0;6
508308;;;ASH_COATED_OSMIUM;XIRECS;10007.0;5
510760;;;ASH_COATED_OSMIUM;XIRECS;10009.0;6
513956;;;INTARIAN_PEPPER_ROOT;XIRECS;49520.0;3
517341;;;ASH_COATED_OSMIUM;XIRECS;9989.0;7
520094;;;ASH_COATED_OSMIUM;XIRECS;10015.0;8
520719;;;ASH_COATED_OSMIUM;XIRECS;10004.0;10
521810;;;ASH_COATED_OSMIUM;XIRECS;9987.0;9
522490;;;INTARIAN_PEPPER_ROOT;XIRECS;49528.0;6
523546;;;INTARIAN_PEPPER_ROOT;XIRECS;49530.0;6
524616;;;INTARIAN_PEPPER_ROOT;XIRECS;49521.0;4
526077;;;ASH_COATED_OSMIUM;XIRECS;9978.0;6
526727;;;INTARIAN_PEPPER_ROOT;XIRECS;49523.0;5
530360;;;ASH_COATED_OSMIUM;XIRECS;10011.0;5
532286;;;ASH_COATED_OSMIUM;XIRECS;10008.0;3
532511;;;ASH_COATED_OSMIUM;XIRECS;10013.0;7
532922;;;INTARIAN_PEPPER_ROOT;XIRECS;49526.0;6
533872;;;ASH_COATED_OSMIUM;XIRECS;10004.0;7
536585;;;INTARIAN_PEPPER_ROOT;XIRECS;49526.0;6
538187;;;INTARIAN_PEPPER_ROOT;XIRECS;49530.0;3
540644;;;INTARIAN_PEPPER_ROOT;XIRECS;49533.0;5
544139;;;ASH_COATED_OSMIUM;XIRECS;9991.0;10
544659;;;ASH_COATED_OSMIUM;XIRECS;9987.0;6
545912;;;INTARIAN_PEPPER_ROOT;XIRECS;49549.0;5
546974;;;INTARIAN_PEPPER_ROOT;XIRECS;49552.0;4
548721;;;ASH_COATED_OSMIUM;XIRECS;9993.0;2
550950;;;ASH_COATED_OSMIUM;XIRECS;10003.0;2
551064;;;ASH_COATED_OSMIUM;XIRECS;10009.0;5
553707;;;ASH_COATED_OSMIUM;XIRECS;9989.0;4
553977;;;INTARIAN_PEPPER_ROOT;XIRECS;49560.0;4
559798;;;INTARIAN_PEPPER_ROOT;XIRECS;49566.0;6
560133;;;INTARIAN_PEPPER_ROOT;XIRECS;49554.0;3
560317;;;ASH_COATED_OSMIUM;XIRECS;9983.0;6
563078;;;ASH_COATED_OSMIUM;XIRECS;9995.0;6
567829;;;INTARIAN_PEPPER_ROOT;XIRECS;49561.0;4
567928;;;INTARIAN_PEPPER_ROOT;XIRECS;49577.0;6
568504;;;ASH_COATED_OSMIUM;XIRECS;9995.0;5
569427;;;ASH_COATED_OSMIUM;XIRECS;9991.0;10
569511;;;ASH_COATED_OSMIUM;XIRECS;10009.0;7
571061;;;INTARIAN_PEPPER_ROOT;XIRECS;49563.0;7
571093;;;ASH_COATED_OSMIUM;XIRECS;10011.0;5
571780;;;ASH_COATED_OSMIUM;XIRECS;9982.0;5
574040;;;ASH_COATED_OSMIUM;XIRECS;9999.0;4
576912;;;INTARIAN_PEPPER_ROOT;XIRECS;49571.0;5
577048;;;ASH_COATED_OSMIUM;XIRECS;10006.0;4
579208;;;INTARIAN_PEPPER_ROOT;XIRECS;49584.0;6
580630;;;ASH_COATED_OSMIUM;XIRECS;9995.0;3
580816;;;ASH_COATED_OSMIUM;XIRECS;9989.0;9
582058;;;INTARIAN_PEPPER_ROOT;XIRECS;49575.0;6
584413;;;ASH_COATED_OSMIUM;XIRECS;10007.0;4
588334;;;ASH_COATED_OSMIUM;XIRECS;10007.0;7
590045;;;INTARIAN_PEPPER_ROOT;XIRECS;49595.0;8
592105;;;ASH_COATED_OSMIUM;XIRECS;10013.0;2
592931;;;INTARIAN_PEPPER_ROOT;XIRECS;49588.0;4
593759;;;ASH_COATED_OSMIUM;XIRECS;9990.0;6
594101;;;INTARIAN_PEPPER_ROOT;XIRECS;49592.0;7
595134;;;INTARIAN_PEPPER_ROOT;XIRECS;49588.0;3
595245;;;INTARIAN_PEPPER_ROOT;XIRECS;49587.0;3
596531;;;ASH_COATED_OSMIUM;XIRECS;9992.0;2
598015;;;INTARIAN_PEPPER_ROOT;XIRECS;49604.0;5
598718;;;ASH_COATED_OSMIUM;XIRECS;9990.0;9
599469;;;INTARIAN_PEPPER_ROOT;XIRECS;49595.0;8
599529;;;INTARIAN_PEPPER_ROOT;XIRECS;49594.0;3
602025;;;INTARIAN_PEPPER_ROOT;XIRECS;49607.0;3
603323;;;ASH_COATED_OSMIUM;XIRECS;9997.0;8
605660;;;INTARIAN_PEPPER_ROOT;XIRECS;49614.0;7
606330;;;ASH_COATED_OSMIUM;XIRECS;9996.0;6
607693;;;ASH_COATED_OSMIUM;XIRECS;9987.0;4
607946;;;ASH_COATED_OSMIUM;XIRECS;9998.0;2
609830;;;INTARIAN_PEPPER_ROOT;XIRECS;49601.0;8
611006;;;INTARIAN_PEPPER_ROOT;XIRECS;49604.0;4
611155;;;ASH_COATED_OSMIUM;XIRECS;9982.0;3
611183;;;INTARIAN_PEPPER_ROOT;XIRECS;49617.0;6
612378;;;INTARIAN_PEPPER_ROOT;XIRECS;49604.0;7
614362;;;INTARIAN_PEPPER_ROOT;XIRECS;49622.0;8
615278;;;ASH_COATED_OSMIUM;XIRECS;10008.0;6
615414;;;ASH_COATED_OSMIUM;XIRECS;9992.0;2
615813;;;INTARIAN_PEPPER_ROOT;XIRECS;49608.0;5
616096;;;ASH_COATED_OSMIUM;XIRECS;10021.0;6
616936;;;INTARIAN_PEPPER_ROOT;XIRECS;49619.0;7
618537;;;INTARIAN_PEPPER_ROOT;XIRECS;49622.0;5
619113;;;ASH_COATED_OSMIUM;XIRECS;9981.0;9
620558;;;INTARIAN_PEPPER_ROOT;XIRECS;49615.0;6
620821;;;INTARIAN_PEPPER_ROOT;XIRECS;49628.0;6
621759;;;ASH_COATED_OSMIUM;XIRECS;9999.0;6
622097;;;ASH_COATED_OSMIUM;XIRECS;9991.0;4
624684;;;INTARIAN_PEPPER_ROOT;XIRECS;49620.0;4
625252;;;ASH_COATED_OSMIUM;XIRECS;10004.0;5
628109;;;ASH_COATED_OSMIUM;XIRECS;10009.0;4
628601;;;INTARIAN_PEPPER_ROOT;XIRECS;49637.0;5
629463;;;INTARIAN_PEPPER_ROOT;XIRECS;49625.0;4
631266;;;INTARIAN_PEPPER_ROOT;XIRECS;49623.0;4
631493;;;ASH_COATED_OSMIUM;XIRECS;9983.0;4
631606;;;ASH_COATED_OSMIUM;XIRECS;10001.0;7
632173;;;INTARIAN_PEPPER_ROOT;XIRECS;49638.0;4
632458;;;INTARIAN_PEPPER_ROOT;XIRECS;49626.0;5
633528;;;ASH_COATED_OSMIUM;XIRECS;9995.0;5
633774;;;ASH_COATED_OSMIUM;XIRECS;9988.0;6
634818;;;INTARIAN_PEPPER_ROOT;XIRECS;49646.0;3
640148;;;ASH_COATED_OSMIUM;XIRECS;10009.0;6
641069;;;INTARIAN_PEPPER_ROOT;XIRECS;49633.0;6
641484;;;INTARIAN_PEPPER_ROOT;XIRECS;49645.0;6
644266;;;INTARIAN_PEPPER_ROOT;XIRECS;49654.0;6
644582;;;ASH_COATED_OSMIUM;XIRECS;9983.0;6
645970;;;ASH_COATED_OSMIUM;XIRECS;10010.0;6
647863;;;ASH_COATED_OSMIUM;XIRECS;10000.0;8
650820;;;ASH_COATED_OSMIUM;XIRECS;9992.0;7
656099;;;ASH_COATED_OSMIUM;XIRECS;9991.0;6
656221;;;INTARIAN_PEPPER_ROOT;XIRECS;49652.0;7
656797;;;ASH_COATED_OSMIUM;XIRECS;9984.0;4
661646;;;INTARIAN_PEPPER_ROOT;XIRECS;49650.0;4
665270;;;ASH_COATED_OSMIUM;XIRECS;10001.0;10
674966;;;ASH_COATED_OSMIUM;XIRECS;9999.0;4
676747;;;ASH_COATED_OSMIUM;XIRECS;10011.0;9
677425;;;ASH_COATED_OSMIUM;XIRECS;10009.0;5
677933;;;ASH_COATED_OSMIUM;XIRECS;10023.0;2
678660;;;ASH_COATED_OSMIUM;XIRECS;10012.0;2
679439;;;INTARIAN_PEPPER_ROOT;XIRECS;49672.0;4
680251;;;ASH_COATED_OSMIUM;XIRECS;9992.0;6
683030;;;ASH_COATED_OSMIUM;XIRECS;9998.0;9
683245;;;ASH_COATED_OSMIUM;XIRECS;10006.0;6
685339;;;INTARIAN_PEPPER_ROOT;XIRECS;49690.0;7
685922;;;INTARIAN_PEPPER_ROOT;XIRECS;49677.0;3
687171;;;INTARIAN_PEPPER_ROOT;XIRECS;49674.0;7
689198;;;ASH_COATED_OSMIUM;XIRECS;9988.0;4
691371;;;ASH_COATED_OSMIUM;XIRECS;9998.0;7
691543;;;ASH_COATED_OSMIUM;XIRECS;9991.0;3
694596;;;INTARIAN_PEPPER_ROOT;XIRECS;49689.0;7
694747;;;ASH_COATED_OSMIUM;XIRECS;10001.0;4
696978;;;INTARIAN_PEPPER_ROOT;XIRECS;49692.0;5
698927;;;INTARIAN_PEPPER_ROOT;XIRECS;49695.0;5
699020;;;ASH_COATED_OSMIUM;XIRECS;9990.0;4
699503;;;ASH_COATED_OSMIUM;XIRECS;9999.0;7
700530;;;INTARIAN_PEPPER_ROOT;XIRECS;49697.0;5
702619;;;ASH_COATED_OSMIUM;XIRECS;9978.0;2
704434;;;ASH_COATED_OSMIUM;XIRECS;9984.0;8
707229;;;INTARIAN_PEPPER_ROOT;XIRECS;49714.0;5
709072;;;ASH_COATED_OSMIUM;XIRECS;9988.0;8
709913;;;INTARIAN_PEPPER_ROOT;XIRECS;49703.0;6
710388;;;ASH_COATED_OSMIUM;XIRECS;10012.0;10
712599;;;ASH_COATED_OSMIUM;XIRECS;10001.0;3
716719;;;ASH_COATED_OSMIUM;XIRECS;9988.0;10
717111;;;ASH_COATED_OSMIUM;XIRECS;10010.0;2
718795;;;ASH_COATED_OSMIUM;XIRECS;9991.0;2
720085;;;ASH_COATED_OSMIUM;XIRECS;10017.0;6
721055;;;INTARIAN_PEPPER_ROOT;XIRECS;49716.0;8
721484;;;INTARIAN_PEPPER_ROOT;XIRECS;49731.0;7
721758;;;ASH_COATED_OSMIUM;XIRECS;9994.0;9
721942;;;INTARIAN_PEPPER_ROOT;XIRECS;49720.0;6
722384;;;INTARIAN_PEPPER_ROOT;XIRECS;49727.0;4
723376;;;INTARIAN_PEPPER_ROOT;XIRECS;49732.0;6
723979;;;INTARIAN_PEPPER_ROOT;XIRECS;49717.0;3
724481;;;INTARIAN_PEPPER_ROOT;XIRECS;49731.0;7
724652;;;INTARIAN_PEPPER_ROOT;XIRECS;49730.0;3
724837;;;ASH_COATED_OSMIUM;XIRECS;9992.0;5
725948;;;INTARIAN_PEPPER_ROOT;XIRECS;49732.0;7
726542;;;INTARIAN_PEPPER_ROOT;XIRECS;49735.0;7
733445;;;INTARIAN_PEPPER_ROOT;XIRECS;49744.0;7
734573;;;ASH_COATED_OSMIUM;XIRECS;9984.0;6
735060;;;INTARIAN_PEPPER_ROOT;XIRECS;49731.0;4
737643;;;INTARIAN_PEPPER_ROOT;XIRECS;49728.0;6
738661;;;INTARIAN_PEPPER_ROOT;XIRECS;49730.0;7
743379;;;INTARIAN_PEPPER_ROOT;XIRECS;49748.0;6
744424;;;ASH_COATED_OSMIUM;XIRECS;9980.0;7
745225;;;ASH_COATED_OSMIUM;XIRECS;9987.0;6
745340;;;ASH_COATED_OSMIUM;XIRECS;9997.0;2
746330;;;INTARIAN_PEPPER_ROOT;XIRECS;49745.0;8
747566;;;INTARIAN_PEPPER_ROOT;XIRECS;49743.0;4
749001;;;ASH_COATED_OSMIUM;XIRECS;9987.0;5
749369;;;INTARIAN_PEPPER_ROOT;XIRECS;49758.0;5
752760;;;ASH_COATED_OSMIUM;XIRECS;10001.0;5
752804;;;ASH_COATED_OSMIUM;XIRECS;10007.0;6
752973;;;ASH_COATED_OSMIUM;XIRECS;9993.0;4
753309;;;ASH_COATED_OSMIUM;XIRECS;10010.0;2
757640;;;ASH_COATED_OSMIUM;XIRECS;9985.0;4
757643;;;ASH_COATED_OSMIUM;XIRECS;10006.0;2
759647;;;INTARIAN_PEPPER_ROOT;XIRECS;49767.0;3
762326;;;INTARIAN_PEPPER_ROOT;XIRECS;49771.0;4
762460;;;INTARIAN_PEPPER_ROOT;XIRECS;49756.0;3
763633;;;INTARIAN_PEPPER_ROOT;XIRECS;49759.0;7
765815;;;ASH_COATED_OSMIUM;XIRECS;10016.0;4
767147;;;INTARIAN_PEPPER_ROOT;XIRECS;49775.0;4
767819;;;ASH_COATED_OSMIUM;XIRECS;10011.0;5
767922;;;ASH_COATED_OSMIUM;XIRECS;10010.0;4
769003;;;INTARIAN_PEPPER_ROOT;XIRECS;49773.0;6
769907;;;INTARIAN_PEPPER_ROOT;XIRECS;49764.0;7
774607;;;INTARIAN_PEPPER_ROOT;XIRECS;49770.0;3
775758;;;INTARIAN_PEPPER_ROOT;XIRECS;49768.0;6
776662;;;ASH_COATED_OSMIUM;XIRECS;9988.0;10
776871;;;ASH_COATED_OSMIUM;XIRECS;9985.0;10
779037;;;ASH_COATED_OSMIUM;XIRECS;9988.0;3
779270;;;INTARIAN_PEPPER_ROOT;XIRECS;49776.0;4
783052;;;ASH_COATED_OSMIUM;XIRECS;9996.0;5
783073;;;INTARIAN_PEPPER_ROOT;XIRECS;49789.0;3
784815;;;INTARIAN_PEPPER_ROOT;XIRECS;49777.0;3
786714;;;ASH_COATED_OSMIUM;XIRECS;10023.0;7
789190;;;INTARIAN_PEPPER_ROOT;XIRECS;49784.0;4
791984;;;ASH_COATED_OSMIUM;XIRECS;9993.0;5
792890;;;ASH_COATED_OSMIUM;XIRECS;9982.0;2
793646;;;INTARIAN_PEPPER_ROOT;XIRECS;49789.0;3
796768;;;ASH_COATED_OSMIUM;XIRECS;9996.0;3
797286;;;ASH_COATED_OSMIUM;XIRECS;10010.0;3
800572;;;ASH_COATED_OSMIUM;XIRECS;9996.0;8
801486;;;ASH_COATED_OSMIUM;XIRECS;9992.0;4
801518;;;ASH_COATED_OSMIUM;XIRECS;10007.0;4
802918;;;ASH_COATED_OSMIUM;XIRECS;9983.0;6
803146;;;INTARIAN_PEPPER_ROOT;XIRECS;49809.0;5
804136;;;INTARIAN_PEPPER_ROOT;XIRECS;49810.0;6
805063;;;INTARIAN_PEPPER_ROOT;XIRECS;49796.0;5
806129;;;ASH_COATED_OSMIUM;XIRECS;10001.0;4
806410;;;ASH_COATED_OSMIUM;XIRECS;10007.0;10
810003;;;ASH_COATED_OSMIUM;XIRECS;9992.0;6
811084;;;ASH_COATED_OSMIUM;XIRECS;9986.0;6
812350;;;ASH_COATED_OSMIUM;XIRECS;10001.0;6
812655;;;ASH_COATED_OSMIUM;XIRECS;9994.0;2
813278;;;ASH_COATED_OSMIUM;XIRECS;10012.0;4
813766;;;INTARIAN_PEPPER_ROOT;XIRECS;49824.0;6
814510;;;INTARIAN_PEPPER_ROOT;XIRECS;49811.0;5
815131;;;INTARIAN_PEPPER_ROOT;XIRECS;49811.0;4
818348;;;INTARIAN_PEPPER_ROOT;XIRECS;49815.0;3
819116;;;ASH_COATED_OSMIUM;XIRECS;10006.0;2
820382;;;INTARIAN_PEPPER_ROOT;XIRECS;49814.0;3
820779;;;ASH_COATED_OSMIUM;XIRECS;9992.0;6
822084;;;INTARIAN_PEPPER_ROOT;XIRECS;49813.0;6
827179;;;INTARIAN_PEPPER_ROOT;XIRECS;49836.0;5
827468;;;INTARIAN_PEPPER_ROOT;XIRECS;49818.0;3
827761;;;ASH_COATED_OSMIUM;XIRECS;9996.0;6
829960;;;INTARIAN_PEPPER_ROOT;XIRECS;49833.0;4
830709;;;INTARIAN_PEPPER_ROOT;XIRECS;49823.0;6
830840;;;INTARIAN_PEPPER_ROOT;XIRECS;49840.0;5
834027;;;INTARIAN_PEPPER_ROOT;XIRECS;49830.0;3
842254;;;INTARIAN_PEPPER_ROOT;XIRECS;49853.0;6
843830;;;INTARIAN_PEPPER_ROOT;XIRECS;49837.0;5
844423;;;INTARIAN_PEPPER_ROOT;XIRECS;49849.0;4
848694;;;ASH_COATED_OSMIUM;XIRECS;9997.0;6
850554;;;INTARIAN_PEPPER_ROOT;XIRECS;49854.0;4
851795;;;ASH_COATED_OSMIUM;XIRECS;10005.0;4
852019;;;INTARIAN_PEPPER_ROOT;XIRECS;49846.0;3
852495;;;INTARIAN_PEPPER_ROOT;XIRECS;49856.0;7
855801;;;ASH_COATED_OSMIUM;XIRECS;10006.0;9
856162;;;ASH_COATED_OSMIUM;XIRECS;10013.0;2
857339;;;ASH_COATED_OSMIUM;XIRECS;10010.0;4
857418;;;INTARIAN_PEPPER_ROOT;XIRECS;49847.0;5
858016;;;INTARIAN_PEPPER_ROOT;XIRECS;49863.0;5
858157;;;ASH_COATED_OSMIUM;XIRECS;9999.0;3
858842;;;INTARIAN_PEPPER_ROOT;XIRECS;49863.0;7
861564;;;INTARIAN_PEPPER_ROOT;XIRECS;49858.0;5
862218;;;INTARIAN_PEPPER_ROOT;XIRECS;49854.0;7
867346;;;INTARIAN_PEPPER_ROOT;XIRECS;49866.0;6
868291;;;ASH_COATED_OSMIUM;XIRECS;10007.0;2
870888;;;ASH_COATED_OSMIUM;XIRECS;9988.0;6
871298;;;INTARIAN_PEPPER_ROOT;XIRECS;49867.0;6
873482;;;ASH_COATED_OSMIUM;XIRECS;10000.0;8
874373;;;ASH_COATED_OSMIUM;XIRECS;10001.0;6
874491;;;ASH_COATED_OSMIUM;XIRECS;9998.0;7
874495;;;INTARIAN_PEPPER_ROOT;XIRECS;49868.0;7
876404;;;ASH_COATED_OSMIUM;XIRECS;9995.0;3
876816;;;INTARIAN_PEPPER_ROOT;XIRECS;49866.0;5
877573;;;ASH_COATED_OSMIUM;XIRECS;9988.0;5
878079;;;ASH_COATED_OSMIUM;XIRECS;10006.0;5
880148;;;ASH_COATED_OSMIUM;XIRECS;9991.0;4
880261;;;ASH_COATED_OSMIUM;XIRECS;10008.0;3
880724;;;ASH_COATED_OSMIUM;XIRECS;10007.0;7
883740;;;INTARIAN_PEPPER_ROOT;XIRECS;49889.0;3
885135;;;ASH_COATED_OSMIUM;XIRECS;10005.0;6
885698;;;ASH_COATED_OSMIUM;XIRECS;10007.0;5
885889;;;ASH_COATED_OSMIUM;XIRECS;9983.0;9
886132;;;INTARIAN_PEPPER_ROOT;XIRECS;49880.0;3
888323;;;INTARIAN_PEPPER_ROOT;XIRECS;49894.0;6
891416;;;ASH_COATED_OSMIUM;XIRECS;10003.0;4
898106;;;ASH_COATED_OSMIUM;XIRECS;10009.0;6
898778;;;ASH_COATED_OSMIUM;XIRECS;10007.0;6
900886;;;ASH_COATED_OSMIUM;XIRECS;9984.0;4
902033;;;ASH_COATED_OSMIUM;XIRECS;10008.0;5
902370;;;INTARIAN_PEPPER_ROOT;XIRECS;49911.0;4
906466;;;INTARIAN_PEPPER_ROOT;XIRECS;49913.0;5
907152;;;ASH_COATED_OSMIUM;XIRECS;9992.0;5
908581;;;ASH_COATED_OSMIUM;XIRECS;9991.0;5
909570;;;ASH_COATED_OSMIUM;XIRECS;9991.0;2
910024;;;ASH_COATED_OSMIUM;XIRECS;9992.0;3
913823;;;INTARIAN_PEPPER_ROOT;XIRECS;49909.0;3
914105;;;ASH_COATED_OSMIUM;XIRECS;9984.0;5
915034;;;ASH_COATED_OSMIUM;XIRECS;9992.0;2
916212;;;INTARIAN_PEPPER_ROOT;XIRECS;49908.0;3
916331;;;INTARIAN_PEPPER_ROOT;XIRECS;49910.0;5
916524;;;ASH_COATED_OSMIUM;XIRECS;10006.0;2
917423;;;INTARIAN_PEPPER_ROOT;XIRECS;49922.0;3
918973;;;INTARIAN_PEPPER_ROOT;XIRECS;49910.0;5
920280;;;INTARIAN_PEPPER_ROOT;XIRECS;49909.0;4
920711;;;INTARIAN_PEPPER_ROOT;XIRECS;49913.0;6
921430;;;INTARIAN_PEPPER_ROOT;XIRECS;49915.0;6
922423;;;INTARIAN_PEPPER_ROOT;XIRECS;49917.0;6
923123;;;INTARIAN_PEPPER_ROOT;XIRECS;49931.0;5
923310;;;INTARIAN_PEPPER_ROOT;XIRECS;49916.0;5
926327;;;INTARIAN_PEPPER_ROOT;XIRECS;49939.0;3
926588;;;ASH_COATED_OSMIUM;XIRECS;9987.0;6
928964;;;INTARIAN_PEPPER_ROOT;XIRECS;49926.0;5
931416;;;ASH_COATED_OSMIUM;XIRECS;10003.0;8
933294;;;ASH_COATED_OSMIUM;XIRECS;10007.0;3
933823;;;ASH_COATED_OSMIUM;XIRECS;9987.0;8
934133;;;ASH_COATED_OSMIUM;XIRECS;10011.0;3
936319;;;INTARIAN_PEPPER_ROOT;XIRECS;49944.0;4
936940;;;INTARIAN_PEPPER_ROOT;XIRECS;49932.0;4
938242;;;INTARIAN_PEPPER_ROOT;XIRECS;49942.0;6
938363;;;INTARIAN_PEPPER_ROOT;XIRECS;49947.0;5
939004;;;ASH_COATED_OSMIUM;XIRECS;9992.0;8
939994;;;INTARIAN_PEPPER_ROOT;XIRECS;49946.0;4
940963;;;ASH_COATED_OSMIUM;XIRECS;9991.0;8
947775;;;ASH_COATED_OSMIUM;XIRECS;10010.0;2
948514;;;INTARIAN_PEPPER_ROOT;XIRECS;49942.0;6
949577;;;INTARIAN_PEPPER_ROOT;XIRECS;49954.0;4
949667;;;ASH_COATED_OSMIUM;XIRECS;10007.0;3
949705;;;ASH_COATED_OSMIUM;XIRECS;10005.0;5
949787;;;ASH_COATED_OSMIUM;XIRECS;10005.0;4
949976;;;INTARIAN_PEPPER_ROOT;XIRECS;49948.0;7
951308;;;ASH_COATED_OSMIUM;XIRECS;9994.0;2
951405;;;INTARIAN_PEPPER_ROOT;XIRECS;49952.0;3
952368;;;ASH_COATED_OSMIUM;XIRECS;10005.0;7
952722;;;ASH_COATED_OSMIUM;XIRECS;9998.0;3
954564;;;INTARIAN_PEPPER_ROOT;XIRECS;49946.0;4
956892;;;ASH_COATED_OSMIUM;XIRECS;9996.0;2
957259;;;INTARIAN_PEPPER_ROOT;XIRECS;49950.0;6
959793;;;ASH_COATED_OSMIUM;XIRECS;10009.0;3
964470;;;ASH_COATED_OSMIUM;XIRECS;10012.0;6
964997;;;ASH_COATED_OSMIUM;XIRECS;9995.0;6
966473;;;INTARIAN_PEPPER_ROOT;XIRECS;49960.0;6
968152;;;INTARIAN_PEPPER_ROOT;XIRECS;49973.0;5
969515;;;ASH_COATED_OSMIUM;XIRECS;9991.0;6
970068;;;INTARIAN_PEPPER_ROOT;XIRECS;49963.0;8
971534;;;ASH_COATED_OSMIUM;XIRECS;9997.0;6
971714;;;ASH_COATED_OSMIUM;XIRECS;10002.0;2
972151;;;INTARIAN_PEPPER_ROOT;XIRECS;49979.0;6
972313;;;ASH_COATED_OSMIUM;XIRECS;9993.0;5
975215;;;INTARIAN_PEPPER_ROOT;XIRECS;49978.0;7
978150;;;ASH_COATED_OSMIUM;XIRECS;9986.0;2
979622;;;INTARIAN_PEPPER_ROOT;XIRECS;49979.0;8
980179;;;ASH_COATED_OSMIUM;XIRECS;10013.0;3
980439;;;ASH_COATED_OSMIUM;XIRECS;10013.0;2
981248;;;ASH_COATED_OSMIUM;XIRECS;10008.0;5
981458;;;ASH_COATED_OSMIUM;XIRECS;9990.0;5
981783;;;ASH_COATED_OSMIUM;XIRECS;10012.0;6
981960;;;INTARIAN_PEPPER_ROOT;XIRECS;49988.0;3
982740;;;ASH_COATED_OSMIUM;XIRECS;9989.0;5
984115;;;INTARIAN_PEPPER_ROOT;XIRECS;49980.0;4
988707;;;ASH_COATED_OSMIUM;XIRECS;10011.0;5
990780;;;ASH_COATED_OSMIUM;XIRECS;9990.0;3
993597;;;INTARIAN_PEPPER_ROOT;XIRECS;49986.0;3
993788;;;ASH_COATED_OSMIUM;XIRECS;10004.0;5
994422;;;ASH_COATED_OSMIUM;XIRECS;10005.0;3
994484;;;INTARIAN_PEPPER_ROOT;XIRECS;50000.0;7
994824;;;ASH_COATED_OSMIUM;XIRECS;9991.0;2
994857;;;INTARIAN_PEPPER_ROOT;XIRECS;49993.0;7
995067;;;INTARIAN_PEPPER_ROOT;XIRECS;49987.0;8
996228;;;INTARIAN_PEPPER_ROOT;XIRECS;49989.0;6
996528;;;ASH_COATED_OSMIUM;XIRECS;10012.0;2
997318;;;INTARIAN_PEPPER_ROOT;XIRECS;50003.0;3