timestamp;buyer;seller;symbol;currency;price;quantity
79;;;ASH_COATED_OSMIUM;XIRECS;9996.0;4
2326;;;ASH_COATED_OSMIUM;XIRECS;10012.0;3
3540;;;ASH_COATED_OSMIUM;XIRECS;10014.0;3
5688;;;INTARIAN_PEPPER_ROOT;XIRECS;33001.0;6
6939;;;INTARIAN_PEPPER_ROOT;XIRECS;32998.0;4
7470;;;ASH_COATED_OSMIUM;XIRECS;10000.0;5
10858;;;INTARIAN_PEPPER_ROOT;XIRECS;33018.0;4
11340;;;INTARIAN_PEPPER_ROOT;XIRECS;33015.0;6
12838;;;INTARIAN_PEPPER_ROOT;XIRECS;33005.0;7
15272;;;ASH_COATED_OSMIUM;XIRECS;10006.0;9
19816;;;ASH_COATED_OSMIUM;XIRECS;10005.0;3
20555;;;INTARIAN_PEPPER_ROOT;XIRECS;33012.0;6
20756;;;ASH_COATED_OSMIUM;XIRECS;9994.0;10
22912;;;INTARIAN_PEPPER_ROOT;XIRECS;33026.0;3
23535;;;INTARIAN_PEPPER_ROOT;XIRECS;33014.0;4
24619;;;ASH_COATED_OSMIUM;XIRECS;9984.0;5
26306;;;ASH_COATED_OSMIUM;XIRECS;9993.0;5
26989;;;ASH_COATED_OSMIUM;XIRECS;9985.0;9
27537;;;ASH_COATED_OSMIUM;XIRECS;9993.0;8
28156;;;INTARIAN_PEPPER_ROOT;XIRECS;33034.0;5
31204;;;ASH_COATED_OSMIUM;XIRECS;10006.0;10
31666;;;ASH_COATED_OSMIUM;XIRECS;10002.0;3
32398;;;INTARIAN_PEPPER_ROOT;XIRECS;33027.0;7
33053;;;ASH_COATED_OSMIUM;XIRECS;9989.0;7
33903;;;INTARIAN_PEPPER_ROOT;XIRECS;33028.0;3
37851;;;INTARIAN_PEPPER_ROOT;XIRECS;33045.0;6
38829;;;ASH_COATED_OSMIUM;XIRECS;10008.0;5
40806;;;INTARIAN_PEPPER_ROOT;XIRECS;33036.0;4
43127;;;INTARIAN_PEPPER_ROOT;XIRECS;33050.0;3
45154;;;ASH_COATED_OSMIUM;XIRECS;10015.0;5
45182;;;INTARIAN_PEPPER_ROOT;XIRECS;33039.0;5
47196;;;ASH_COATED_OSMIUM;XIRECS;9991.0;3
47598;;;ASH_COATED_OSMIUM;XIRECS;10010.0;6
49653;;;ASH_COATED_OSMIUM;XIRECS;10010.0;3
50340;;;ASH_COATED_OSMIUM;XIRECS;9988.0;3
51329;;;ASH_COATED_OSMIUM;XIRECS;9994.0;3
51791;;;ASH_COATED_OSMIUM;XIRECS;10018.0;9
52683;;;ASH_COATED_OSMIUM;XIRECS;10002.0;6
53260;;;ASH_COATED_OSMIUM;XIRECS;9993.0;2
53301;;;INTARIAN_PEPPER_ROOT;XIRECS;33045.0;3
53435;;;INTARIAN_PEPPER_ROOT;XIRECS;33059.0;6
54881;;;INTARIAN_PEPPER_ROOT;XIRECS;33057.0;3
58090;;;ASH_COATED_OSMIUM;XIRECS;9991.0;3
58528;;;ASH_COATED_OSMIUM;XIRECS;10012.0;4
60649;;;ASH_COATED_OSMIUM;XIRECS;10013.0;3
63032;;;INTARIAN_PEPPER_ROOT;XIRECS;33071.0;6
63089;;;ASH_COATED_OSMIUM;XIRECS;10012.0;4
64121;;;ASH_COATED_OSMIUM;XIRECS;9990.0;5
64977;;;ASH_COATED_OSMIUM;XIRECS;9990.0;6
67410;;;ASH_COATED_OSMIUM;XIRECS;10011.0;6
68275;;;INTARIAN_PEPPER_ROOT;XIRECS;33077.0;3
68344;;;ASH_COATED_OSMIUM;XIRECS;10006.0;2
69623;;;ASH_COATED_OSMIUM;XIRECS;9991.0;4
70172;;;INTARIAN_PEPPER_ROOT;XIRECS;33063.0;5
73134;;;ASH_COATED_OSMIUM;XIRECS;10015.0;6
73873;;;ASH_COATED_OSMIUM;XIRECS;10012.0;3
75038;;;INTARIAN_PEPPER_ROOT;XIRECS;33085.0;6
75819;;;INTARIAN_PEPPER_ROOT;XIRECS;33081.0;3
78741;;;INTARIAN_PEPPER_ROOT;XIRECS;33068.0;4
81140;;;ASH_COATED_OSMIUM;XIRECS;10006.0;5
81374;;;ASH_COATED_OSMIUM;XIRECS;10006.0;10
82299;;;INTARIAN_PEPPER_ROOT;XIRECS;33092.0;6
83844;;;INTARIAN_PEPPER_ROOT;XIRECS;33077.0;6
84159;;;INTARIAN_PEPPER_ROOT;XIRECS;33087.0;7
87380;;;ASH_COATED_OSMIUM;XIRECS;10016.0;9
87608;;;ASH_COATED_OSMIUM;XIRECS;9994.0;5
88667;;;ASH_COATED_OSMIUM;XIRECS;10011.0;7
90474;;;INTARIAN_PEPPER_ROOT;XIRECS;33084.0;7
93883;;;ASH_COATED_OSMIUM;XIRECS;9982.0;4
95656;;;ASH_COATED_OSMIUM;XIRECS;9987.0;6
96458;;;ASH_COATED_OSMIUM;XIRECS;10004.0;8
99806;;;ASH_COATED_OSMIUM;XIRECS;10010.0;9
100193;;;INTARIAN_PEPPER_ROOT;XIRECS;33093.0;5
104161;;;INTARIAN_PEPPER_ROOT;XIRECS;33109.0;6
105081;;;INTARIAN_PEPPER_ROOT;XIRECS;33100.0;3
105578;;;INTARIAN_PEPPER_ROOT;XIRECS;33108.0;5
106036;;;INTARIAN_PEPPER_ROOT;XIRECS;33112.0;5
106421;;;INTARIAN_PEPPER_ROOT;XIRECS;33103.0;4
106930;;;INTARIAN_PEPPER_ROOT;XIRECS;33112.0;5
108491;;;ASH_COATED_OSMIUM;XIRECS;9997.0;8
108955;;;INTARIAN_PEPPER_ROOT;XIRECS;33104.0;3
112943;;;INTARIAN_PEPPER_ROOT;XIRECS;33118.0;7
114861;;;INTARIAN_PEPPER_ROOT;XIRECS;33110.0;3
118344;;;ASH_COATED_OSMIUM;XIRECS;10004.0;7
119824;;;INTARIAN_PEPPER_ROOT;XIRECS;33112.0;3
120677;;;ASH_COATED_OSMIUM;XIRECS;10007.0;5
121579;;;ASH_COATED_OSMIUM;XIRECS;10012.0;2
123101;;;ASH_COATED_OSMIUM;XIRECS;9993.0;5
126569;;;ASH_COATED_OSMIUM;XIRECS;9995.0;4
126723;;;ASH_COATED_OSMIUM;XIRECS;10009.0;5
127063;;;ASH_COATED_OSMIUM;XIRECS;10008.0;10
127215;;;ASH_COATED_OSMIUM;XIRECS;10007.0;3
128383;;;ASH_COATED_OSMIUM;XIRECS;9981.0;5
128385;;;ASH_COATED_OSMIUM;XIRECS;10000.0;6
131109;;;ASH_COATED_OSMIUM;XIRECS;9997.0;8
132294;;;INTARIAN_PEPPER_ROOT;XIRECS;33137.0;7
132742;;;INTARIAN_PEPPER_ROOT;XIRECS;33122.0;5
132992;;;INTARIAN_PEPPER_ROOT;XIRECS;33125.0;8
133399;;;ASH_COATED_OSMIUM;XIRECS;9997.0;3
135237;;;ASH_COATED_OSMIUM;XIRECS;9988.0;7
140877;;;INTARIAN_PEPPER_ROOT;XIRECS;33132.0;7
145182;;;ASH_COATED_OSMIUM;XIRECS;9990.0;2
145440;;;ASH_COATED_OSMIUM;XIRECS;9987.0;5
151367;;;INTARIAN_PEPPER_ROOT;XIRECS;33153.0;3
152867;;;ASH_COATED_OSMIUM;XIRECS;10010.0;10
154454;;;ASH_COATED_OSMIUM;XIRECS;9989.0;10
156980;;;INTARIAN_PEPPER_ROOT;XIRECS;33162.0;5
157579;;;ASH_COATED_OSMIUM;XIRECS;9979.0;10
157672;;;ASH_COATED_OSMIUM;XIRECS;9988.0;5
159250;;;INTARIAN_PEPPER_ROOT;XIRECS;33158.0;5
159698;;;ASH_COATED_OSMIUM;XIRECS;10004.0;7
159815;;;ASH_COATED_OSMIUM;XIRECS;9988.0;5
164725;;;ASH_COATED_OSMIUM;XIRECS;9989.0;2
165342;;;ASH_COATED_OSMIUM;XIRECS;10010.0;4
167732;;;INTARIAN_PEPPER_ROOT;XIRECS;33171.0;3
169909;;;ASH_COATED_OSMIUM;XIRECS;10010.0;2
169956;;;INTARIAN_PEPPER_ROOT;XIRECS;33168.0;4
170917;;;ASH_COATED_OSMIUM;XIRECS;9994.0;9
173684;;;INTARIAN_PEPPER_ROOT;XIRECS;33181.0;7
177030;;;ASH_COATED_OSMIUM;XIRECS;9997.0;6
177968;;;INTARIAN_PEPPER_ROOT;XIRECS;33183.0;7
179565;;;INTARIAN_PEPPER_ROOT;XIRECS;33177.0;3
179666;;;ASH_COATED_OSMIUM;XIRECS;10009.0;2
180682;;;ASH_COATED_OSMIUM;XIRECS;10005.0;4
181729;;;ASH_COATED_OSMIUM;XIRECS;10003.0;4
184493;;;ASH_COATED_OSMIUM;XIRECS;9992.0;9
184861;;;ASH_COATED_OSMIUM;XIRECS;9988.0;4
188127;;;INTARIAN_PEPPER_ROOT;XIRECS;33178.0;7
188246;;;INTARIAN_PEPPER_ROOT;XIRECS;33192.0;6
188559;;;INTARIAN_PEPPER_ROOT;XIRECS;33186.0;5
191044;;;INTARIAN_PEPPER_ROOT;XIRECS;33186.0;6
192105;;;ASH_COATED_OSMIUM;XIRECS;9988.0;5
196332;;;INTARIAN_PEPPER_ROOT;XIRECS;33208.0;5
198267;;;ASH_COATED_OSMIUM;XIRECS;9993.0;6
199552;;;INTARIAN_PEPPER_ROOT;XIRECS;33197.0;3
201731;;;ASH_COATED_OSMIUM;XIRECS;10012.0;7
202792;;;ASH_COATED_OSMIUM;XIRECS;10007.0;9
204624;;;INTARIAN_PEPPER_ROOT;XIRECS;33207.0;6
207088;;;ASH_COATED_OSMIUM;XIRECS;9999.0;5
211237;;;ASH_COATED_OSMIUM;XIRECS;10014.0;5
211321;;;ASH_COATED_OSMIUM;XIRECS;10020.0;4
212385;;;INTARIAN_PEPPER_ROOT;XIRECS;33214.0;5
213503;;;ASH_COATED_OSMIUM;XIRECS;10000.0;7
214451;;;ASH_COATED_OSMIUM;XIRECS;9992.0;5
217681;;;ASH_COATED_OSMIUM;XIRECS;10007.0;3
217770;;;INTARIAN_PEPPER_ROOT;XIRECS;33212.0;3
218860;;;ASH_COATED_OSMIUM;XIRECS;10015.0;10
224921;;;INTARIAN_PEPPER_ROOT;XIRECS;33230.0;5
225108;;;ASH_COATED_OSMIUM;XIRECS;9994.0;4
227959;;;INTARIAN_PEPPER_ROOT;XIRECS;33223.0;6
228045;;;ASH_COATED_OSMIUM;XIRECS;9991.0;6
228190;;;ASH_COATED_OSMIUM;XIRECS;9986.0;5
228231;;;ASH_COATED_OSMIUM;XIRECS;9992.0;3
229066;;;INTARIAN_PEPPER_ROOT;XIRECS;33220.0;6
229499;;;ASH_COATED_OSMIUM;XIRECS;10009.0;6
230026;;;INTARIAN_PEPPER_ROOT;XIRECS;33238.0;3
230705;;;INTARIAN_PEPPER_ROOT;XIRECS;33240.0;6
230879;;;INTARIAN_PEPPER_ROOT;XIRECS;33236.0;4
231006;;;INTARIAN_PEPPER_ROOT;XIRECS;33221.0;6
232108;;;INTARIAN_PEPPER_ROOT;XIRECS;33242.0;4
232739;;;ASH_COATED_OSMIUM;XIRECS;9992.0;7
236332;;;ASH_COATED_OSMIUM;XIRECS;10009.0;6
237127;;;ASH_COATED_OSMIUM;XIRECS;10002.0;10
238264;;;ASH_COATED_OSMIUM;XIRECS;9989.0;4
239685;;;ASH_COATED_OSMIUM;XIRECS;10001.0;4
239863;;;ASH_COATED_OSMIUM;XIRECS;10020.0;3
240665;;;INTARIAN_PEPPER_ROOT;XIRECS;33247.0;4
242196;;;ASH_COATED_OSMIUM;XIRECS;10011.0;10
243185;;;INTARIAN_PEPPER_ROOT;XIRECS;33255.0;5
243231;;;INTARIAN_PEPPER_ROOT;XIRECS;33253.0;6
243338;;;ASH_COATED_OSMIUM;XIRECS;10013.0;4
243990;;;INTARIAN_PEPPER_ROOT;XIRECS;33242.0;4
244317;;;ASH_COATED_OSMIUM;XIRECS;10008.0;7
245675;;;INTARIAN_PEPPER_ROOT;XIRECS;33246.0;7
246625;;;ASH_COATED_OSMIUM;XIRECS;10007.0;6
249876;;;INTARIAN_PEPPER_ROOT;XIRECS;33257.0;6
250092;;;ASH_COATED_OSMIUM;XIRECS;10008.0;2
251482;;;INTARIAN_PEPPER_ROOT;XIRECS;33259.0;7
252179;;;ASH_COATED_OSMIUM;XIRECS;9999.0;6
255348;;;INTARIAN_PEPPER_ROOT;XIRECS;33260.0;7
255550;;;ASH_COATED_OSMIUM;XIRECS;9994.0;5
257765;;;ASH_COATED_OSMIUM;XIRECS;9980.0;2
258128;;;ASH_COATED_OSMIUM;XIRECS;10003.0;8
258741;;;INTARIAN_PEPPER_ROOT;XIRECS;33266.0;5
261481;;;INTARIAN_PEPPER_ROOT;XIRECS;33255.0;4
261987;;;ASH_COATED_OSMIUM;XIRECS;10004.0;2
262038;;;ASH_COATED_OSMIUM;XIRECS;9987.0;6
263352;;;ASH_COATED_OSMIUM;XIRECS;10011.0;5
265085;;;INTARIAN_PEPPER_ROOT;XIRECS;33268.0;6
266644;;;INTARIAN_PEPPER_ROOT;XIRECS;33258.0;5
266870;;;INTARIAN_PEPPER_ROOT;XIRECS;33261.0;7
268272;;;ASH_COATED_OSMIUM;XIRECS;9996.0;3
271657;;;INTARIAN_PEPPER_ROOT;XIRECS;33276.0;6
272298;;;INTARIAN_PEPPER_ROOT;XIRECS;33278.0;3
273064;;;INTARIAN_PEPPER_ROOT;XIRECS;33269.0;3
275514;;;ASH_COATED_OSMIUM;XIRECS;9991.0;6
278393;;;ASH_COATED_OSMIUM;XIRECS;10005.0;8
280428;;;INTARIAN_PEPPER_ROOT;XIRECS;33291.0;4
280845;;;INTARIAN_PEPPER_ROOT;XIRECS;33273.0;5
281204;;;ASH_COATED_OSMIUM;XIRECS;10004.0;2
283129;;;ASH_COATED_OSMIUM;XIRECS;9996.0;2
283465;;;INTARIAN_PEPPER_ROOT;XIRECS;33293.0;6
284451;;;ASH_COATED_OSMIUM;XIRECS;10002.0;5
284753;;;ASH_COATED_OSMIUM;XIRECS;9988.0;2
286771;;;INTARIAN_PEPPER_ROOT;XIRECS;33294.0;7
287930;;;ASH_COATED_OSMIUM;XIRECS;9991.0;7
290317;;;INTARIAN_PEPPER_ROOT;XIRECS;33297.0;6
292147;;;ASH_COATED_OSMIUM;XIRECS;10002.0;7
292645;;;ASH_COATED_OSMIUM;XIRECS;9999.0;10
296076;;;INTARIAN_PEPPER_ROOT;XIRECS;33300.0;5
300177;;;INTARIAN_PEPPER_ROOT;XIRECS;33293.0;6
300719;;;INTARIAN_PEPPER_ROOT;XIRECS;33306.0;3
302272;;;ASH_COATED_OSMIUM;XIRECS;10011.0;5
306238;;;INTARIAN_PEPPER_ROOT;XIRECS;33301.0;4
307139;;;INTARIAN_PEPPER_ROOT;XIRECS;33312.0;6
307825;;;INTARIAN_PEPPER_ROOT;XIRECS;33303.0;3
308429;;;ASH_COATED_OSMIUM;XIRECS;10002.0;8
311781;;;ASH_COATED_OSMIUM;XIRECS;9992.0;5
312777;;;ASH_COATED_OSMIUM;XIRECS;9986.0;5
313884;;;ASH_COATED_OSMIUM;XIRECS;9992.0;6
314258;;;ASH_COATED_OSMIUM;XIRECS;10008.0;9
314518;;;ASH_COATED_OSMIUM;XIRECS;10005.0;6
314601;;;INTARIAN_PEPPER_ROOT;XIRECS;33320.0;3
316330;;;INTARIAN_PEPPER_ROOT;XIRECS;33323.0;6
318857;;;ASH_COATED_OSMIUM;XIRECS;10008.0;3
319967;;;ASH_COATED_OSMIUM;XIRECS;9995.0;6
321487;;;INTARIAN_PEPPER_ROOT;XIRECS;33319.0;5
321742;;;INTARIAN_PEPPER_ROOT;XIRECS;33324.0;4
321925;;;ASH_COATED_OSMIUM;XIRECS;10010.0;5
322484;;;ASH_COATED_OSMIUM;XIRECS;10009.0;9
326364;;;ASH_COATED_OSMIUM;XIRECS;10009.0;4
331782;;;ASH_COATED_OSMIUM;XIRECS;9997.0;3
332135;;;INTARIAN_PEPPER_ROOT;XIRECS;33325.0;5
332499;;;ASH_COATED_OSMIUM;XIRECS;9994.0;9
339536;;;INTARIAN_PEPPER_ROOT;XIRECS;33331.0;7
340187;;;ASH_COATED_OSMIUM;XIRECS;10013.0;9
342781;;;INTARIAN_PEPPER_ROOT;XIRECS;33337.0;4
343670;;;ASH_COATED_OSMIUM;XIRECS;9983.0;8
344813;;;ASH_COATED_OSMIUM;XIRECS;10005.0;10
344961;;;ASH_COATED_OSMIUM;XIRECS;9992.0;3
345011;;;ASH_COATED_OSMIUM;XIRECS;10005.0;5
345397;;;INTARIAN_PEPPER_ROOT;XIRECS;33336.0;7
346493;;;INTARIAN_PEPPER_ROOT;XIRECS;33353.0;5
347675;;;ASH_COATED_OSMIUM;XIRECS;10006.0;5
348050;;;ASH_COATED_OSMIUM;XIRECS;9992.0;5
349003;;;ASH_COATED_OSMIUM;XIRECS;10013.0;8
350188;;;ASH_COATED_OSMIUM;XIRECS;9997.0;2
350509;;;ASH_COATED_OSMIUM;XIRECS;9989.0;6
351750;;;ASH_COATED_OSMIUM;XIRECS;9990.0;5
352705;;;INTARIAN_PEPPER_ROOT;XIRECS;33357.0;3
353246;;;INTARIAN_PEPPER_ROOT;XIRECS;33359.0;5
353419;;;INTARIAN_PEPPER_ROOT;XIRECS;33360.0;6
353678;;;INTARIAN_PEPPER_ROOT;XIRECS;33347.0;6
355109;;;INTARIAN_PEPPER_ROOT;XIRECS;33351.0;4
356211;;;INTARIAN_PEPPER_ROOT;XIRECS;33359.0;7
359024;;;ASH_COATED_OSMIUM;XIRECS;10000.0;3
359894;;;INTARIAN_PEPPER_ROOT;XIRECS;33365.0;3
360198;;;INTARIAN_PEPPER_ROOT;XIRECS;33366.0;4
362248;;;INTARIAN_PEPPER_ROOT;XIRECS;33357.0;4
362370;;;ASH_COATED_OSMIUM;XIRECS;10002.0;6
367187;;;INTARIAN_PEPPER_ROOT;XIRECS;33361.0;7
367283;;;INTARIAN_PEPPER_ROOT;XIRECS;33360.0;5
368248;;;INTARIAN_PEPPER_ROOT;XIRECS;33363.0;5
368686;;;ASH_COATED_OSMIUM;XIRECS;10007.0;4
371027;;;ASH_COATED_OSMIUM;XIRECS;9997.0;5
371129;;;ASH_COATED_OSMIUM;XIRECS;10014.0;2
372099;;;ASH_COATED_OSMIUM;XIRECS;10004.0;2
373401;;;ASH_COATED_OSMIUM;XIRECS;10015.0;8
374155;;;ASH_COATED_OSMIUM;XIRECS;10009.0;4
375483;;;ASH_COATED_OSMIUM;XIRECS;10017.0;5
375688;;;ASH_COATED_OSMIUM;XIRECS;9998.0;4
375772;;;ASH_COATED_OSMIUM;XIRECS;9998.0;7
375787;;;ASH_COATED_OSMIUM;XIRECS;9998.0;6
377055;;;ASH_COATED_OSMIUM;XIRECS;9991.0;3
379975;;;ASH_COATED_OSMIUM;XIRECS;9993.0;2
380271;;;INTARIAN_PEPPER_ROOT;XIRECS;33384.0;6
381881;;;ASH_COATED_OSMIUM;XIRECS;9994.0;6
382124;;;ASH_COATED_OSMIUM;XIRECS;10008.0;4
383995;;;ASH_COATED_OSMIUM;XIRECS;10012.0;7
384148;;;ASH_COATED_OSMIUM;XIRECS;10003.0;9
385301;;;ASH_COATED_OSMIUM;XIRECS;9993.0;2
385345;;;INTARIAN_PEPPER_ROOT;XIRECS;33380.0;3
385413;;;ASH_COATED_OSMIUM;XIRECS;10014.0;9
388529;;;ASH_COATED_OSMIUM;XIRECS;10000.0;10
389880;;;INTARIAN_PEPPER_ROOT;XIRECS;33401.0;7
390093;;;ASH_COATED_OSMIUM;XIRECS;9993.0;7
390212;;;ASH_COATED_OSMIUM;XIRECS;10005.0;2
390954;;;ASH_COATED_OSMIUM;XIRECS;10011.0;2
391684;;;INTARIAN_PEPPER_ROOT;XIRECS;33380.0;4
392385;;;INTARIAN_PEPPER_ROOT;XIRECS;33383.0;6
392824;;;INTARIAN_PEPPER_ROOT;XIRECS;33399.0;7
392984;;;ASH_COATED_OSMIUM;XIRECS;10008.0;3
393461;;;INTARIAN_PEPPER_ROOT;XIRECS;33401.0;5
394370;;;ASH_COATED_OSMIUM;XIRECS;10009.0;5
395932;;;ASH_COATED_OSMIUM;XIRECS;9994.0;4
397255;;;ASH_COATED_OSMIUM;XIRECS;10020.0;8
397433;;;INTARIAN_PEPPER_ROOT;XIRECS;33401.0;8
397537;;;INTARIAN_PEPPER_ROOT;XIRECS;33392.0;5
399782;;;ASH_COATED_OSMIUM;XIRECS;9993.0;4
401895;;;INTARIAN_PEPPER_ROOT;XIRECS;33393.0;7
403008;;;ASH_COATED_OSMIUM;XIRECS;10012.0;3
407087;;;ASH_COATED_OSMIUM;XIRECS;10010.0;5
407510;;;ASH_COATED_OSMIUM;XIRECS;9987.0;5
409989;;;ASH_COATED_OSMIUM;XIRECS;9990.0;9
415333;;;INTARIAN_PEPPER_ROOT;XIRECS;33423.0;6
415817;;;INTARIAN_PEPPER_ROOT;XIRECS;33414.0;7
416169;;;ASH_COATED_OSMIUM;XIRECS;10010.0;2
417989;;;ASH_COATED_OSMIUM;XIRECS;9996.0;4
419166;;;INTARIAN_PEPPER_ROOT;XIRECS;33425.0;5
419879;;;ASH_COATED_OSMIUM;XIRECS;10007.0;2
420614;;;INTARIAN_PEPPER_ROOT;XIRECS;33427.0;5
421004;;;INTARIAN_PEPPER_ROOT;XIRECS;33428.0;4
421393;;;INTARIAN_PEPPER_ROOT;XIRECS;33411.0;3
421966;;;INTARIAN_PEPPER_ROOT;XIRECS;33416.0;6
422788;;;ASH_COATED_OSMIUM;XIRECS;9978.0;6
426287;;;ASH_COATED_OSMIUM;XIRECS;10009.0;5
426359;;;ASH_COATED_OSMIUM;XIRECS;10011.0;3
429416;;;INTARIAN_PEPPER_ROOT;XIRECS;33434.0;7
430126;;;INTARIAN_PEPPER_ROOT;XIRECS;33437.0;6
431315;;;ASH_COATED_OSMIUM;XIRECS;10008.0;7
433621;;;ASH_COATED_OSMIUM;XIRECS;9994.0;5
433772;;;ASH_COATED_OSMIUM;XIRECS;10012.0;4
433975;;;ASH_COATED_OSMIUM;XIRECS;9994.0;8
435401;;;INTARIAN_PEPPER_ROOT;XIRECS;33428.0;7
436201;;;INTARIAN_PEPPER_ROOT;XIRECS;33447.0;6
440563;;;INTARIAN_PEPPER_ROOT;XIRECS;33434.0;6
443096;;;INTARIAN_PEPPER_ROOT;XIRECS;33438.0;7
444122;;;ASH_COATED_OSMIUM;XIRECS;9991.0;3
444693;;;INTARIAN_PEPPER_ROOT;XIRECS;33451.0;7
449258;;;ASH_COATED_OSMIUM;XIRECS;9994.0;8
451985;;;INTARIAN_PEPPER_ROOT;XIRECS;33460.0;5
455037;;;ASH_COATED_OSMIUM;XIRECS;9987.0;4
457287;;;INTARIAN_PEPPER_ROOT;XIRECS;33451.0;3
458899;;;ASH_COATED_OSMIUM;XIRECS;9984.0;2
461646;;;ASH_COATED_OSMIUM;XIRECS;10014.0;9
461985;;;INTARIAN_PEPPER_ROOT;XIRECS;33453.0;3
462422;;;INTARIAN_PEPPER_ROOT;XIRECS;33472.0;4
462488;;;ASH_COATED_OSMIUM;XIRECS;10013.0;6
463103;;;INTARIAN_PEPPER_ROOT;XIRECS;33459.0;4
464358;;;ASH_COATED_OSMIUM;XIRECS;9986.0;6
464526;;;ASH_COATED_OSMIUM;XIRECS;10004.0;2
465691;;;ASH_COATED_OSMIUM;XIRECS;9994.0;4
466886;;;ASH_COATED_OSMIUM;XIRECS;10005.0;6
469622;;;ASH_COATED_OSMIUM;XIRECS;10010.0;5
469669;;;ASH_COATED_OSMIUM;XIRECS;10010.0;2
470449;;;INTARIAN_PEPPER_ROOT;XIRECS;33461.0;5
473674;;;INTARIAN_PEPPER_ROOT;XIRECS;33480.0;6
474210;;;INTARIAN_PEPPER_ROOT;XIRECS;33478.0;5
474394;;;INTARIAN_PEPPER_ROOT;XIRECS;33468.0;3
475948;;;INTARIAN_PEPPER_ROOT;XIRECS;33467.0;4
476381;;;INTARIAN_PEPPER_ROOT;XIRECS;33480.0;5
476770;;;ASH_COATED_OSMIUM;XIRECS;10015.0;5
478602;;;INTARIAN_PEPPER_ROOT;XIRECS;33476.0;5
479625;;;INTARIAN_PEPPER_ROOT;XIRECS;33485.0;6
479659;;;ASH_COATED_OSMIUM;XIRECS;10003.0;6
481307;;;INTARIAN_PEPPER_ROOT;XIRECS;33490.0;7
483154;;;INTARIAN_PEPPER_ROOT;XIRECS;33483.0;4
483205;;;INTARIAN_PEPPER_ROOT;XIRECS;33477.0;4
483265;;;INTARIAN_PEPPER_ROOT;XIRECS;33489.0;4
484565;;;INTARIAN_PEPPER_ROOT;XIRECS;33477.0;6
488119;;;ASH_COATED_OSMIUM;XIRECS;10011.0;2
492459;;;ASH_COATED_OSMIUM;XIRECS;10006.0;5
493037;;;INTARIAN_PEPPER_ROOT;XIRECS;33500.0;8
498351;;;INTARIAN_PEPPER_ROOT;XIRECS;33506.0;4
500383;;;ASH_COATED_OSMIUM;XIRECS;9990.0;5
500939;;;INTARIAN_PEPPER_ROOT;XIRECS;33509.0;5
501040;;;ASH_COATED_OSMIUM;XIRECS;10014.0;6
501881;;;ASH_COATED_OSMIUM;XIRECS;10007.0;10
505777;;;ASH_COATED_OSMIUM;XIRECS;9994.0;3
507683;;;ASH_COATED_OSMIUM;XIRECS;10010.0;10
507892;;;ASH_COATED_OSMIUM;XIRECS;9997.0;4
508269;;;ASH_COATED_OSMIUM;XIRECS;10012.0;6
509439;;;INTARIAN_PEPPER_ROOT;XIRECS;33502.0;3
510381;;;ASH_COATED_OSMIUM;XIRECS;9993.0;4
513627;;;INTARIAN_PEPPER_ROOT;XIRECS;33507.0;6
513742;;;INTARIAN_PEPPER_ROOT;XIRECS;33510.0;5
513847;;;ASH_COATED_OSMIUM;XIRECS;9997.0;2
513857;;;INTARIAN_PEPPER_ROOT;XIRECS;33517.0;5
513892;;;INTARIAN_PEPPER_ROOT;XIRECS;33506.0;5
514328;;;INTARIAN_PEPPER_ROOT;XIRECS;33520.0;7
514871;;;INTARIAN_PEPPER_ROOT;XIRECS;33521.0;4
515495;;;ASH_COATED_OSMIUM;XIRECS;9989.0;5
519592;;;INTARIAN_PEPPER_ROOT;XIRECS;33522.0;4
521156;;;INTARIAN_PEPPER_ROOT;XIRECS;33523.0;7
521423;;;ASH_COATED_OSMIUM;XIRECS;9991.0;6
521525;;;ASH_COATED_OSMIUM;XIRECS;9993.0;7
522164;;;INTARIAN_PEPPER_ROOT;XIRECS;33515.0;4
522570;;;INTARIAN_PEPPER_ROOT;XIRECS;33527.0;3
524304;;;INTARIAN_PEPPER_ROOT;XIRECS;33513.0;4
526020;;;INTARIAN_PEPPER_ROOT;XIRECS;33535.0;4
526044;;;ASH_COATED_OSMIUM;XIRECS;10007.0;5
526481;;;INTARIAN_PEPPER_ROOT;XIRECS;33522.0;6
529721;;;INTARIAN_PEPPER_ROOT;XIRECS;33525.0;6
531787;;;INTARIAN_PEPPER_ROOT;XIRECS;33539.0;3
532340;;;INTARIAN_PEPPER_ROOT;XIRECS;33520.0;6
533800;;;INTARIAN_PEPPER_ROOT;XIRECS;33541.0;7
534035;;;ASH_COATED_OSMIUM;XIRECS;9993.0;4
538665;;;INTARIAN_PEPPER_ROOT;XIRECS;33545.0;5
539902;;;ASH_COATED_OSMIUM;XIRECS;9991.0;4
540671;;;ASH_COATED_OSMIUM;XIRECS;9992.0;6
541290;;;ASH_COATED_OSMIUM;XIRECS;9993.0;6
544153;;;INTARIAN_PEPPER_ROOT;XIRECS;33552.0;7
544840;;;INTARIAN_PEPPER_ROOT;XIRECS;33552.0;3
545063;;;ASH_COATED_OSMIUM;XIRECS;9994.0;5
547420;;;INTARIAN_PEPPER_ROOT;XIRECS;33541.0;3
550793;;;INTARIAN_PEPPER_ROOT;XIRECS;33557.0;4
552187;;;INTARIAN_PEPPER_ROOT;XIRECS;33560.0;5
559050;;;INTARIAN_PEPPER_ROOT;XIRECS;33556.0;4
560214;;;INTARIAN_PEPPER_ROOT;XIRECS;33554.0;6
560849;;;INTARIAN_PEPPER_ROOT;XIRECS;33553.0;4
561169;;;ASH_COATED_OSMIUM;XIRECS;10003.0;3
562436;;;INTARIAN_PEPPER_ROOT;XIRECS;33556.0;3
562472;;;INTARIAN_PEPPER_ROOT;XIRECS;33556.0;4
565609;;;ASH_COATED_OSMIUM;XIRECS;9997.0;7
567537;;;INTARIAN_PEPPER_ROOT;XIRECS;33563.0;4
569058;;;INTARIAN_PEPPER_ROOT;XIRECS;33577.0;5
570458;;;ASH_COATED_OSMIUM;XIRECS;9997.0;4
572432;;;ASH_COATED_OSMIUM;XIRECS;9996.0;3
575930;;;INTARIAN_PEPPER_ROOT;XIRECS;33570.0;3
576680;;;ASH_COATED_OSMIUM;XIRECS;10001.0;3
577324;;;INTARIAN_PEPPER_ROOT;XIRECS;33570.0;7
577553;;;ASH_COATED_OSMIUM;XIRECS;9989.0;3
580945;;;INTARIAN_PEPPER_ROOT;XIRECS;33587.0;4
581615;;;ASH_COATED_OSMIUM;XIRECS;10008.0;3
581808;;;INTARIAN_PEPPER_ROOT;XIRECS;33587.0;5
583091;;;ASH_COATED_OSMIUM;XIRECS;10005.0;10
583580;;;ASH_COATED_OSMIUM;XIRECS;10004.0;9
583726;;;INTARIAN_PEPPER_ROOT;XIRECS;33579.0;3
583882;;;ASH_COATED_OSMIUM;XIRECS;10002.0;5
585923;;;ASH_COATED_OSMIUM;XIRECS;9995.0;3
586308;;;ASH_COATED_OSMIUM;XIRECS;9989.0;2
588218;;;INTARIAN_PEPPER_ROOT;XIRECS;33585.0;4
589329;;;ASH_COATED_OSMIUM;XIRECS;9995.0;8
595600;;;INTARIAN_PEPPER_ROOT;XIRECS;33600.0;6
596092;;;ASH_COATED_OSMIUM;XIRECS;10005.0;9
596439;;;ASH_COATED_OSMIUM;XIRECS;9986.0;2
596889;;;ASH_COATED_OSMIUM;XIRECS;10001.0;6
597237;;;INTARIAN_PEPPER_ROOT;XIRECS;33601.0;4
598290;;;INTARIAN_PEPPER_ROOT;XIRECS;33603.0;6
599505;;;ASH_COATED_OSMIUM;XIRECS;10012.0;5
600430;;;INTARIAN_PEPPER_ROOT;XIRECS;33593.0;6
600916;;;INTARIAN_PEPPER_ROOT;XIRECS;33608.0;7
600996;;;ASH_COATED_OSMIUM;XIRECS;10012.0;2
603406;;;INTARIAN_PEPPER_ROOT;XIRECS;33606.0;3
603481;;;ASH_COATED_OSMIUM;XIRECS;9985.0;3
603567;;;ASH_COATED_OSMIUM;XIRECS;10003.0;8
605954;;;ASH_COATED_OSMIUM;XIRECS;10007.0;7
606107;;;ASH_COATED_OSMIUM;XIRECS;10008.0;6
607278;;;INTARIAN_PEPPER_ROOT;XIRECS;33598.0;6
608372;;;INTARIAN_PEPPER_ROOT;XIRECS;33604.0;6
612758;;;ASH_COATED_OSMIUM;XIRECS;9990.0;3
613577;;;ASH_COATED_OSMIUM;XIRECS;9999.0;6
613780;;;ASH_COATED_OSMIUM;XIRECS;10003.0;3
614913;;;INTARIAN_PEPPER_ROOT;XIRECS;33621.0;5
616460;;;ASH_COATED_OSMIUM;XIRECS;10007.0;2
616556;;;INTARIAN_PEPPER_ROOT;XIRECS;33613.0;6
616891;;;ASH_COATED_OSMIUM;XIRECS;10013.0;2
617497;;;INTARIAN_PEPPER_ROOT;XIRECS;33610.0;4
617643;;;ASH_COATED_OSMIUM;XIRECS;9986.0;9
618393;;;ASH_COATED_OSMIUM;XIRECS;10009.0;2
619165;;;INTARIAN_PEPPER_ROOT;XIRECS;33621.0;7
619933;;;INTARIAN_PEPPER_ROOT;XIRECS;33625.0;4
619990;;;INTARIAN_PEPPER_ROOT;XIRECS;33625.0;7
620663;;;ASH_COATED_OSMIUM;XIRECS;9993.0;6
627397;;;ASH_COATED_OSMIUM;XIRECS;9994.0;5
628275;;;ASH_COATED_OSMIUM;XIRECS;9988.0;4
628753;;;INTARIAN_PEPPER_ROOT;XIRECS;33620.0;6
631327;;;ASH_COATED_OSMIUM;XIRECS;9986.0;4
632875;;;ASH_COATED_OSMIUM;XIRECS;9992.0;3
633520;;;ASH_COATED_OSMIUM;XIRECS;9985.0;2
636927;;;INTARIAN_PEPPER_ROOT;XIRECS;33627.0;4
636993;;;ASH_COATED_OSMIUM;XIRECS;9995.0;8
637065;;;INTARIAN_PEPPER_ROOT;XIRECS;33646.0;5
638559;;;ASH_COATED_OSMIUM;XIRECS;10002.0;4
638995;;;INTARIAN_PEPPER_ROOT;XIRECS;33628.0;6
639990;;;ASH_COATED_OSMIUM;XIRECS;9987.0;4
643815;;;ASH_COATED_OSMIUM;XIRECS;9986.0;10
643894;;;ASH_COATED_OSMIUM;XIRECS;9986.0;6
644501;;;INTARIAN_PEPPER_ROOT;XIRECS;33650.0;6
645638;;;INTARIAN_PEPPER_ROOT;XIRECS;33635.0;6
653048;;;INTARIAN_PEPPER_ROOT;XIRECS;33660.0;6
654014;;;INTARIAN_PEPPER_ROOT;XIRECS;33661.0;6
657054;;;INTARIAN_PEPPER_ROOT;XIRECS;33663.0;6
657507;;;INTARIAN_PEPPER_ROOT;XIRECS;33664.0;3
659894;;;ASH_COATED_OSMIUM;XIRECS;9988.0;8
662441;;;ASH_COATED_OSMIUM;XIRECS;9993.0;6
662557;;;ASH_COATED_OSMIUM;XIRECS;10013.0;6
662701;;;INTARIAN_PEPPER_ROOT;XIRECS;33656.0;5
662911;;;ASH_COATED_OSMIUM;XIRECS;10012.0;5
666344;;;ASH_COATED_OSMIUM;XIRECS;9989.0;8
666710;;;ASH_COATED_OSMIUM;XIRECS;9993.0;3
667672;;;INTARIAN_PEPPER_ROOT;XIRECS;33661.0;3
668585;;;ASH_COATED_OSMIUM;XIRECS;9994.0;5
671234;;;INTARIAN_PEPPER_ROOT;XIRECS;33666.0;6
671749;;;ASH_COATED_OSMIUM;XIRECS;9988.0;4
672452;;;ASH_COATED_OSMIUM;XIRECS;9989.0;6
674339;;;INTARIAN_PEPPER_ROOT;XIRECS;33681.0;4
675994;;;INTARIAN_PEPPER_ROOT;XIRECS;33666.0;6
677574;;;ASH_COATED_OSMIUM;XIRECS;10014.0;3
678078;;;ASH_COATED_OSMIUM;XIRECS;10011.0;3
679947;;;INTARIAN_PEPPER_ROOT;XIRECS;33677.0;6
680137;;;INTARIAN_PEPPER_ROOT;XIRECS;33675.0;3
681029;;;ASH_COATED_OSMIUM;XIRECS;10012.0;5
681872;;;INTARIAN_PEPPER_ROOT;XIRECS;33693.0;5
682061;;;ASH_COATED_OSMIUM;XIRECS;9997.0;5
684033;;;ASH_COATED_OSMIUM;XIRECS;9987.0;5
685226;;;INTARIAN_PEPPER_ROOT;XIRECS;33678.0;4
687040;;;ASH_COATED_OSMIUM;XIRECS;9994.0;2
687219;;;INTARIAN_PEPPER_ROOT;XIRECS;33684.0;6
687306;;;INTARIAN_PEPPER_ROOT;XIRECS;33693.0;6
687939;;;ASH_COATED_OSMIUM;XIRECS;9996.0;6
688787;;;INTARIAN_PEPPER_ROOT;XIRECS;33695.0;6
690349;;;ASH_COATED_OSMIUM;XIRECS;9989.0;5
690352;;;ASH_COATED_OSMIUM;XIRECS;9989.0;2
691671;;;ASH_COATED_OSMIUM;XIRECS;10001.0;9
698507;;;ASH_COATED_OSMIUM;XIRECS;9993.0;9
698787;;;ASH_COATED_OSMIUM;XIRECS;9999.0;3
699054;;;INTARIAN_PEPPER_ROOT;XIRECS;33693.0;5
702046;;;ASH_COATED_OSMIUM;XIRECS;9980.0;6
703844;;;ASH_COATED_OSMIUM;XIRECS;9986.0;2
703881;;;ASH_COATED_OSMIUM;XIRECS;10002.0;3
704415;;;ASH_COATED_OSMIUM;XIRECS;9996.0;3
705500;;;INTARIAN_PEPPER_ROOT;XIRECS;33718.0;3
705883;;;INTARIAN_PEPPER_ROOT;XIRECS;33698.0;6
707630;;;ASH_COATED_OSMIUM;XIRECS;10009.0;3
710583;;;INTARIAN_PEPPER_ROOT;XIRECS;33702.0;6
712935;;;ASH_COATED_OSMIUM;XIRECS;10008.0;10
723144;;;INTARIAN_PEPPER_ROOT;XIRECS;33716.0;8
723509;;;ASH_COATED_OSMIUM;XIRECS;9989.0;6
726515;;;INTARIAN_PEPPER_ROOT;XIRECS;33719.0;4
726836;;;INTARIAN_PEPPER_ROOT;XIRECS;33725.0;7
727328;;;ASH_COATED_OSMIUM;XIRECS;9988.0;7
728425;;;INTARIAN_PEPPER_ROOT;XIRECS;33723.0;5
729431;;;INTARIAN_PEPPER_ROOT;XIRECS;33724.0;7
729549;;;ASH_COATED_OSMIUM;XIRECS;9988.0;3
730658;;;ASH_COATED_OSMIUM;XIRECS;9987.0;4
730659;;;ASH_COATED_OSMIUM;XIRECS;10006.0;5
732907;;;ASH_COATED_OSMIUM;XIRECS;10005.0;4
733877;;;ASH_COATED_OSMIUM;XIRECS;10001.0;9
737394;;;ASH_COATED_OSMIUM;XIRECS;9996.0;6
737638;;;ASH_COATED_OSMIUM;XIRECS;9991.0;5
738564;;;ASH_COATED_OSMIUM;XIRECS;10018.0;6
738633;;;INTARIAN_PEPPER_ROOT;XIRECS;33745.0;6
738962;;;ASH_COATED_OSMIUM;XIRECS;9996.0;3
739107;;;INTARIAN_PEPPER_ROOT;XIRECS;33730.0;4
740834;;;ASH_COATED_OSMIUM;XIRECS;9983.0;2
741293;;;INTARIAN_PEPPER_ROOT;XIRECS;33731.0;7
741988;;;INTARIAN_PEPPER_ROOT;XIRECS;33751.0;7
746905;;;INTARIAN_PEPPER_ROOT;XIRECS;33742.0;6
747798;;;ASH_COATED_OSMIUM;XIRECS;10015.0;4
748892;;;ASH_COATED_OSMIUM;XIRECS;10009.0;6
749790;;;INTARIAN_PEPPER_ROOT;XIRECS;33745.0;6
750143;;;ASH_COATED_OSMIUM;XIRECS;10006.0;5
750852;;;ASH_COATED_OSMIUM;XIRECS;10009.0;5
751134;;;ASH_COATED_OSMIUM;XIRECS;10004.0;3
753627;;;INTARIAN_PEPPER_ROOT;XIRECS;33760.0;4
754898;;;ASH_COATED_OSMIUM;XIRECS;10005.0;6
756336;;;ASH_COATED_OSMIUM;XIRECS;10015.0;5
760598;;;ASH_COATED_OSMIUM;XIRECS;10005.0;2
761128;;;ASH_COATED_OSMIUM;XIRECS;10005.0;5
761520;;;INTARIAN_PEPPER_ROOT;XIRECS;33770.0;5
765390;;;ASH_COATED_OSMIUM;XIRECS;9993.0;2
766590;;;ASH_COATED_OSMIUM;XIRECS;9995.0;6
766655;;;INTARIAN_PEPPER_ROOT;XIRECS;33776.0;3
767947;;;ASH_COATED_OSMIUM;XIRECS;10010.0;7
769948;;;ASH_COATED_OSMIUM;XIRECS;9996.0;8
770827;;;ASH_COATED_OSMIUM;XIRECS;10006.0;6
771366;;;ASH_COATED_OSMIUM;XIRECS;10015.0;5
772147;;;INTARIAN_PEPPER_ROOT;XIRECS;33760.0;3
773556;;;ASH_COATED_OSMIUM;XIRECS;10005.0;5
775071;;;INTARIAN_PEPPER_ROOT;XIRECS;33766.0;7
777947;;;ASH_COATED_OSMIUM;XIRECS;10004.0;5
780543;;;INTARIAN_PEPPER_ROOT;XIRECS;33775.0;3
782685;;;ASH_COATED_OSMIUM;XIRECS;10011.0;5
783461;;;ASH_COATED_OSMIUM;XIRECS;10012.0;4
783471;;;ASH_COATED_OSMIUM;XIRECS;9994.0;6
785242;;;ASH_COATED_OSMIUM;XIRECS;10013.0;5
785262;;;INTARIAN_PEPPER_ROOT;XIRECS;33778.0;5
789131;;;ASH_COATED_OSMIUM;XIRECS;10005.0;6
789923;;;INTARIAN_PEPPER_ROOT;XIRECS;33782.0;5
790544;;;ASH_COATED_OSMIUM;XIRECS;10005.0;3
792358;;;INTARIAN_PEPPER_ROOT;XIRECS;33788.0;3
793583;;;ASH_COATED_OSMIUM;XIRECS;9978.0;8
795331;;;ASH_COATED_OSMIUM;XIRECS;9999.0;5
795936;;;ASH_COATED_OSMIUM;XIRECS;9989.0;8
796837;;;ASH_COATED_OSMIUM;XIRECS;9987.0;7
797491;;;INTARIAN_PEPPER_ROOT;XIRECS;33789.0;7
800117;;;ASH_COATED_OSMIUM;XIRECS;10005.0;3
800581;;;ASH_COATED_OSMIUM;XIRECS;9987.0;5
800850;;;ASH_COATED_OSMIUM;XIRECS;10011.0;5
804437;;;ASH_COATED_OSMIUM;XIRECS;9990.0;4
806253;;;INTARIAN_PEPPER_ROOT;XIRECS;33796.0;5
806928;;;ASH_COATED_OSMIUM;XIRECS;10010.0;6
808519;;;INTARIAN_PEPPER_ROOT;XIRECS;33807.0;3
810569;;;INTARIAN_PEPPER_ROOT;XIRECS;33799.0;3
810662;;;INTARIAN_PEPPER_ROOT;XIRECS;33821.0;8
811415;;;ASH_COATED_OSMIUM;XIRECS;9987.0;3
812895;;;ASH_COATED_OSMIUM;XIRECS;9988.0;3
813933;;;ASH_COATED_OSMIUM;XIRECS;10002.0;9
814245;;;ASH_COATED_OSMIUM;XIRECS;9997.0;3
814850;;;ASH_COATED_OSMIUM;XIRECS;9991.0;10
815508;;;INTARIAN_PEPPER_ROOT;XIRECS;33805.0;4
816656;;;ASH_COATED_OSMIUM;XIRECS;9998.0;5
818153;;;ASH_COATED_OSMIUM;XIRECS;9989.0;5
818374;;;ASH_COATED_OSMIUM;XIRECS;9990.0;6
820827;;;INTARIAN_PEPPER_ROOT;XIRECS;33825.0;3
828195;;;ASH_COATED_OSMIUM;XIRECS;10010.0;7
829340;;;INTARIAN_PEPPER_ROOT;XIRECS;33823.0;4
832273;;;INTARIAN_PEPPER_ROOT;XIRECS;33840.0;4
833512;;;INTARIAN_PEPPER_ROOT;XIRECS;33839.0;3
833540;;;INTARIAN_PEPPER_ROOT;XIRECS;33839.0;6
836107;;;INTARIAN_PEPPER_ROOT;XIRECS;33842.0;6
838726;;;ASH_COATED_OSMIUM;XIRECS;10003.0;9
839028;;;ASH_COATED_OSMIUM;XIRECS;10007.0;4
839423;;;ASH_COATED_OSMIUM;XIRECS;10014.0;6
844303;;;ASH_COATED_OSMIUM;XIRECS;9996.0;2
846516;;;ASH_COATED_OSMIUM;XIRECS;9989.0;6
847172;;;INTARIAN_PEPPER_ROOT;XIRECS;33836.0;6
849163;;;INTARIAN_PEPPER_ROOT;XIRECS;33856.0;4
850515;;;INTARIAN_PEPPER_ROOT;XIRECS;33852.0;4
853390;;;INTARIAN_PEPPER_ROOT;XIRECS;33847.0;8
853469;;;ASH_COATED_OSMIUM;XIRECS;9993.0;8
853966;;;ASH_COATED_OSMIUM;XIRECS;9993.0;6
855661;;;ASH_COATED_OSMIUM;XIRECS;10006.0;5
858675;;;ASH_COATED_OSMIUM;XIRECS;10004.0;9
866171;;;ASH_COATED_OSMIUM;XIRECS;10002.0;3
866454;;;ASH_COATED_OSMIUM;XIRECS;9986.0;5
866993;;;INTARIAN_PEPPER_ROOT;XIRECS;33860.0;5
868836;;;ASH_COATED_OSMIUM;XIRECS;10017.0;4
870173;;;INTARIAN_PEPPER_ROOT;XIRECS;33877.0;3
870374;;;INTARIAN_PEPPER_ROOT;XIRECS;33868.0;5
870509;;;INTARIAN_PEPPER_ROOT;XIRECS;33870.0;7
871357;;;INTARIAN_PEPPER_ROOT;XIRECS;33862.0;5
874381;;;ASH_COATED_OSMIUM;XIRECS;9988.0;2
874864;;;INTARIAN_PEPPER_ROOT;XIRECS;33881.0;5
876730;;;ASH_COATED_OSMIUM;XIRECS;10004.0;5
877609;;;ASH_COATED_OSMIUM;XIRECS;9996.0;6
877784;;;ASH_COATED_OSMIUM;XIRECS;10011.0;6
880213;;;ASH_COATED_OSMIUM;XIRECS;10001.0;9
881495;;;ASH_COATED_OSMIUM;XIRECS;10005.0;5
881673;;;ASH_COATED_OSMIUM;XIRECS;10004.0;4
883388;;;INTARIAN_PEPPER_ROOT;XIRECS;33873.0;7
883980;;;ASH_COATED_OSMIUM;XIRECS;9995.0;2
888292;;;INTARIAN_PEPPER_ROOT;XIRECS;33881.0;7
888620;;;ASH_COATED_OSMIUM;XIRECS;9996.0;6
891706;;;INTARIAN_PEPPER_ROOT;XIRECS;33903.0;3
892815;;;ASH_COATED_OSMIUM;XIRECS;10001.0;3
894030;;;INTARIAN_PEPPER_ROOT;XIRECS;33889.0;7
898268;;;ASH_COATED_OSMIUM;XIRECS;10012.0;5
898538;;;INTARIAN_PEPPER_ROOT;XIRECS;33893.0;7
903496;;;ASH_COATED_OSMIUM;XIRECS;10000.0;3
904666;;;INTARIAN_PEPPER_ROOT;XIRECS;33913.0;4
905346;;;ASH_COATED_OSMIUM;XIRECS;9987.0;7
906854;;;ASH_COATED_OSMIUM;XIRECS;10003.0;3
913181;;;INTARIAN_PEPPER_ROOT;XIRECS;33911.0;4
913526;;;ASH_COATED_OSMIUM;XIRECS;9988.0;6
914252;;;INTARIAN_PEPPER_ROOT;XIRECS;33924.0;6
914433;;;ASH_COATED_OSMIUM;XIRECS;10001.0;6
914622;;;INTARIAN_PEPPER_ROOT;XIRECS;33922.0;8
915063;;;INTARIAN_PEPPER_ROOT;XIRECS;33910.0;3
915958;;;INTARIAN_PEPPER_ROOT;XIRECS;33922.0;8
917405;;;ASH_COATED_OSMIUM;XIRECS;10008.0;7
917416;;;INTARIAN_PEPPER_ROOT;XIRECS;33924.0;4
917727;;;INTARIAN_PEPPER_ROOT;XIRECS;33927.0;3
917862;;;ASH_COATED_OSMIUM;XIRECS;9979.0;10
920876;;;ASH_COATED_OSMIUM;XIRECS;10005.0;4
922810;;;ASH_COATED_OSMIUM;XIRECS;10009.0;10
923104;;;INTARIAN_PEPPER_ROOT;XIRECS;33911.0;8
924906;;;ASH_COATED_OSMIUM;XIRECS;9995.0;5
926353;;;INTARIAN_PEPPER_ROOT;XIRECS;33932.0;5
926378;;;ASH_COATED_OSMIUM;XIRECS;10009.0;5
928279;;;INTARIAN_PEPPER_ROOT;XIRECS;33921.0;3
928374;;;INTARIAN_PEPPER_ROOT;XIRECS;33938.0;6
928781;;;INTARIAN_PEPPER_ROOT;XIRECS;33933.0;7
929328;;;ASH_COATED_OSMIUM;XIRECS;10000.0;8
932128;;;INTARIAN_PEPPER_ROOT;XIRECS;33940.0;3
932293;;;INTARIAN_PEPPER_ROOT;XIRECS;33924.0;7
932665;;;ASH_COATED_OSMIUM;XIRECS;9992.0;10
933003;;;INTARIAN_PEPPER_ROOT;XIRECS;33939.0;5
940895;;;INTARIAN_PEPPER_ROOT;XIRECS;33948.0;5
941212;;;ASH_COATED_OSMIUM;XIRECS;9985.0;4
941811;;;INTARIAN_PEPPER_ROOT;XIRECS;33933.0;5
943226;;;INTARIAN_PEPPER_ROOT;XIRECS;33937.0;6
944578;;;INTARIAN_PEPPER_ROOT;XIRECS;33939.0;7
944929;;;ASH_COATED_OSMIUM;XIRECS;9989.0;8
947572;;;ASH_COATED_OSMIUM;XIRECS;10001.0;10
949050;;;ASH_COATED_OSMIUM;XIRECS;9975.0;3
949582;;;INTARIAN_PEPPER_ROOT;XIRECS;33951.0;4
950622;;;INTARIAN_PEPPER_ROOT;XIRECS;33943.0;5
951680;;;INTARIAN_PEPPER_ROOT;XIRECS;33947.0;3
953268;;;ASH_COATED_OSMIUM;XIRECS;10008.0;9
953689;;;ASH_COATED_OSMIUM;XIRECS;10009.0;2
954249;;;ASH_COATED_OSMIUM;XIRECS;10013.0;2
954534;;;INTARIAN_PEPPER_ROOT;XIRECS;33948.0;6
956678;;;INTARIAN_PEPPER_ROOT;XIRECS;33953.0;5
958830;;;INTARIAN_PEPPER_ROOT;XIRECS;33959.0;7
958965;;;ASH_COATED_OSMIUM;XIRECS;9995.0;7
959077;;;INTARIAN_PEPPER_ROOT;XIRECS;33969.0;5
965101;;;ASH_COATED_OSMIUM;XIRECS;10000.0;6
965951;;;ASH_COATED_OSMIUM;XIRECS;9995.0;3
967808;;;ASH_COATED_OSMIUM;XIRECS;9994.0;2
970233;;;ASH_COATED_OSMIUM;XIRECS;10012.0;4
970392;;;ASH_COATED_OSMIUM;XIRECS;9996.0;5
971411;;;INTARIAN_PEPPER_ROOT;XIRECS;33976.0;3
971749;;;ASH_COATED_OSMIUM;XIRECS;10007.0;2
972234;;;INTARIAN_PEPPER_ROOT;XIRECS;33981.0;6
972608;;;INTARIAN_PEPPER_ROOT;XIRECS;33976.0;5
973078;;;INTARIAN_PEPPER_ROOT;XIRECS;33971.0;3
975845;;;ASH_COATED_OSMIUM;XIRECS;10013.0;6
976070;;;INTARIAN_PEPPER_ROOT;XIRECS;33985.0;7
976774;;;INTARIAN_PEPPER_ROOT;XIRECS;33971.0;7
978750;;;ASH_COATED_OSMIUM;XIRECS;10004.0;5
979126;;;ASH_COATED_OSMIUM;XIRECS;10008.0;6
980152;;;INTARIAN_PEPPER_ROOT;XIRECS;33970.0;4
981129;;;ASH_COATED_OSMIUM;XIRECS;9990.0;4
981862;;;ASH_COATED_OSMIUM;XIRECS;10004.0;8
984404;;;INTARIAN_PEPPER_ROOT;XIRECS;33978.0;3
985067;;;INTARIAN_PEPPER_ROOT;XIRECS;33979.0;5
987781;;;ASH_COATED_OSMIUM;XIRECS;9993.0;2
987978;;;ASH_COATED_OSMIUM;XIRECS;10008.0;4
990098;;;INTARIAN_PEPPER_ROOT;XIRECS;33979.0;3
991067;;;INTARIAN_PEPPER_ROOT;XIRECS;33993.0;5
992562;;;ASH_COATED_OSMIUM;XIRECS;10007.0;10
993111;;;ASH_COATED_OSMIUM;XIRECS;10005.0;5
998188;;;ASH_COATED_OSMIUM;XIRECS;9984.0;10