timestamp;buyer;seller;symbol;currency;price;quantity
10292;;;ASH_COATED_OSMIUM;XIRECS;10007.0;7
10382;;;INTARIAN_PEPPER_ROOT;XIRECS;39019.0;4
11605;;;ASH_COATED_OSMIUM;XIRECS;10008.0;3
11847;;;ASH_COATED_OSMIUM;XIRECS;9987.0;3
12577;;;INTARIAN_PEPPER_ROOT;XIRECS;39022.0;8
13934;;;ASH_COATED_OSMIUM;XIRECS;9988.0;4
15605;;;ASH_COATED_OSMIUM;XIRECS;10005.0;2
16122;;;INTARIAN_PEPPER_ROOT;XIRECS;39005.0;3
17216;;;INTARIAN_PEPPER_ROOT;XIRECS;39025.0;5
18009;;;ASH_COATED_OSMIUM;XIRECS;9991.0;2
18268;;;ASH_COATED_OSMIUM;XIRECS;10015.0;6
19961;;;ASH_COATED_OSMIUM;XIRECS;9989.0;3
20269;;;ASH_COATED_OSMIUM;XIRECS;9989.0;6
20511;;;ASH_COATED_OSMIUM;XIRECS;10009.0;4
21513;;;ASH_COATED_OSMIUM;XIRECS;10012.0;5
21566;;;INTARIAN_PEPPER_ROOT;XIRECS;39027.0;5
23675;;;INTARIAN_PEPPER_ROOT;XIRECS;39017.0;3
25870;;;ASH_COATED_OSMIUM;XIRECS;9988.0;5
25895;;;INTARIAN_PEPPER_ROOT;XIRECS;39031.0;5
28314;;;ASH_COATED_OSMIUM;XIRECS;10002.0;5
31821;;;INTARIAN_PEPPER_ROOT;XIRECS;39027.0;5
33839;;;ASH_COATED_OSMIUM;XIRECS;10010.0;2
33857;;;INTARIAN_PEPPER_ROOT;XIRECS;39041.0;7
35522;;;INTARIAN_PEPPER_ROOT;XIRECS;39042.0;6
36583;;;INTARIAN_PEPPER_ROOT;XIRECS;39044.0;4
36734;;;INTARIAN_PEPPER_ROOT;XIRECS;39032.0;3
38112;;;ASH_COATED_OSMIUM;XIRECS;10010.0;7
40389;;;ASH_COATED_OSMIUM;XIRECS;9990.0;8
40420;;;ASH_COATED_OSMIUM;XIRECS;10007.0;4
40600;;;ASH_COATED_OSMIUM;XIRECS;9992.0;3
40763;;;ASH_COATED_OSMIUM;XIRECS;10009.0;3
41191;;;ASH_COATED_OSMIUM;XIRECS;9986.0;6
44578;;;INTARIAN_PEPPER_ROOT;XIRECS;39052.0;5
45276;;;ASH_COATED_OSMIUM;XIRECS;9997.0;5
46467;;;ASH_COATED_OSMIUM;XIRECS;10000.0;5
46876;;;ASH_COATED_OSMIUM;XIRECS;9989.0;6
48184;;;ASH_COATED_OSMIUM;XIRECS;10012.0;5
50396;;;INTARIAN_PEPPER_ROOT;XIRECS;39057.0;6
51506;;;INTARIAN_PEPPER_ROOT;XIRECS;39056.0;3
52032;;;INTARIAN_PEPPER_ROOT;XIRECS;39048.0;6
53415;;;ASH_COATED_OSMIUM;XIRECS;10013.0;4
54192;;;ASH_COATED_OSMIUM;XIRECS;9986.0;6
54294;;;ASH_COATED_OSMIUM;XIRECS;10003.0;5
54759;;;INTARIAN_PEPPER_ROOT;XIRECS;39052.0;3
55372;;;INTARIAN_PEPPER_ROOT;XIRECS;39053.0;7
56882;;;ASH_COATED_OSMIUM;XIRECS;9988.0;3
57410;;;INTARIAN_PEPPER_ROOT;XIRECS;39049.0;7
57771;;;INTARIAN_PEPPER_ROOT;XIRECS;39063.0;7
57905;;;ASH_COATED_OSMIUM;XIRECS;9988.0;6
58329;;;INTARIAN_PEPPER_ROOT;XIRECS;39061.0;7
62788;;;ASH_COATED_OSMIUM;XIRECS;10011.0;5
63012;;;INTARIAN_PEPPER_ROOT;XIRECS;39055.0;5
63581;;;ASH_COATED_OSMIUM;XIRECS;10006.0;6
65338;;;INTARIAN_PEPPER_ROOT;XIRECS;39056.0;5
65943;;;ASH_COATED_OSMIUM;XIRECS;10002.0;7
66436;;;ASH_COATED_OSMIUM;XIRECS;9996.0;2
67460;;;ASH_COATED_OSMIUM;XIRECS;9997.0;5
69710;;;INTARIAN_PEPPER_ROOT;XIRECS;39073.0;5
70856;;;ASH_COATED_OSMIUM;XIRECS;10018.0;4
71342;;;INTARIAN_PEPPER_ROOT;XIRECS;39063.0;6
72860;;;ASH_COATED_OSMIUM;XIRECS;10002.0;6
73076;;;INTARIAN_PEPPER_ROOT;XIRECS;39067.0;5
73982;;;ASH_COATED_OSMIUM;XIRECS;10007.0;4
74108;;;ASH_COATED_OSMIUM;XIRECS;10002.0;7
74840;;;ASH_COATED_OSMIUM;XIRECS;10010.0;5
77103;;;INTARIAN_PEPPER_ROOT;XIRECS;39069.0;5
77310;;;ASH_COATED_OSMIUM;XIRECS;10012.0;2
79871;;;ASH_COATED_OSMIUM;XIRECS;10009.0;4
80665;;;ASH_COATED_OSMIUM;XIRECS;9994.0;10
80899;;;INTARIAN_PEPPER_ROOT;XIRECS;39086.0;4
82501;;;INTARIAN_PEPPER_ROOT;XIRECS;39093.0;3
83058;;;ASH_COATED_OSMIUM;XIRECS;10012.0;6
85459;;;INTARIAN_PEPPER_ROOT;XIRECS;39092.0;3
85581;;;ASH_COATED_OSMIUM;XIRECS;9998.0;6
87100;;;INTARIAN_PEPPER_ROOT;XIRECS;39079.0;7
87593;;;INTARIAN_PEPPER_ROOT;XIRECS;39092.0;7
88724;;;ASH_COATED_OSMIUM;XIRECS;9993.0;6
92763;;;INTARIAN_PEPPER_ROOT;XIRECS;39093.0;7
93235;;;INTARIAN_PEPPER_ROOT;XIRECS;39085.0;3
93420;;;ASH_COATED_OSMIUM;XIRECS;9984.0;4
93988;;;INTARIAN_PEPPER_ROOT;XIRECS;39086.0;5
94803;;;INTARIAN_PEPPER_ROOT;XIRECS;39086.0;5
95141;;;INTARIAN_PEPPER_ROOT;XIRECS;39085.0;3
96090;;;ASH_COATED_OSMIUM;XIRECS;10009.0;4
96374;;;INTARIAN_PEPPER_ROOT;XIRECS;39089.0;3
96733;;;INTARIAN_PEPPER_ROOT;XIRECS;39103.0;3
96758;;;ASH_COATED_OSMIUM;XIRECS;10013.0;9
97573;;;ASH_COATED_OSMIUM;XIRECS;10010.0;5
99941;;;ASH_COATED_OSMIUM;XIRECS;9989.0;5
102722;;;INTARIAN_PEPPER_ROOT;XIRECS;39109.0;8
104645;;;ASH_COATED_OSMIUM;XIRECS;9989.0;9
105032;;;INTARIAN_PEPPER_ROOT;XIRECS;39102.0;7
105572;;;ASH_COATED_OSMIUM;XIRECS;9996.0;2
106400;;;INTARIAN_PEPPER_ROOT;XIRECS;39102.0;7
107836;;;ASH_COATED_OSMIUM;XIRECS;9991.0;6
108332;;;INTARIAN_PEPPER_ROOT;XIRECS;39100.0;7
110585;;;ASH_COATED_OSMIUM;XIRECS;9993.0;10
112148;;;INTARIAN_PEPPER_ROOT;XIRECS;39110.0;8
112377;;;INTARIAN_PEPPER_ROOT;XIRECS;39121.0;6
114695;;;ASH_COATED_OSMIUM;XIRECS;10003.0;3
115813;;;ASH_COATED_OSMIUM;XIRECS;10002.0;6
117251;;;INTARIAN_PEPPER_ROOT;XIRECS;39128.0;5
118711;;;ASH_COATED_OSMIUM;XIRECS;10010.0;9
120798;;;INTARIAN_PEPPER_ROOT;XIRECS;39128.0;5
123847;;;INTARIAN_PEPPER_ROOT;XIRECS;39133.0;6
124305;;;ASH_COATED_OSMIUM;XIRECS;9992.0;5
124389;;;ASH_COATED_OSMIUM;XIRECS;9992.0;5
124661;;;ASH_COATED_OSMIUM;XIRECS;9997.0;6
124780;;;ASH_COATED_OSMIUM;XIRECS;9979.0;5
126173;;;INTARIAN_PEPPER_ROOT;XIRECS;39120.0;5
126388;;;ASH_COATED_OSMIUM;XIRECS;10015.0;6
129403;;;ASH_COATED_OSMIUM;XIRECS;10003.0;4
129455;;;ASH_COATED_OSMIUM;XIRECS;10003.0;5
130498;;;ASH_COATED_OSMIUM;XIRECS;10005.0;2
130622;;;ASH_COATED_OSMIUM;XIRECS;10013.0;5
132259;;;ASH_COATED_OSMIUM;XIRECS;9994.0;2
132349;;;INTARIAN_PEPPER_ROOT;XIRECS;39129.0;4
133627;;;ASH_COATED_OSMIUM;XIRECS;9995.0;2
134192;;;ASH_COATED_OSMIUM;XIRECS;9997.0;5
134468;;;ASH_COATED_OSMIUM;XIRECS;10010.0;5
134862;;;ASH_COATED_OSMIUM;XIRECS;9996.0;6
135619;;;INTARIAN_PEPPER_ROOT;XIRECS;39136.0;5
137875;;;ASH_COATED_OSMIUM;XIRECS;9983.0;4
143864;;;ASH_COATED_OSMIUM;XIRECS;10001.0;2
143889;;;ASH_COATED_OSMIUM;XIRECS;10001.0;3
143997;;;ASH_COATED_OSMIUM;XIRECS;10003.0;4
144783;;;ASH_COATED_OSMIUM;XIRECS;10014.0;2
145126;;;ASH_COATED_OSMIUM;XIRECS;10002.0;10
145205;;;INTARIAN_PEPPER_ROOT;XIRECS;39139.0;6
145692;;;ASH_COATED_OSMIUM;XIRECS;10004.0;5
145697;;;ASH_COATED_OSMIUM;XIRECS;10004.0;7
147160;;;INTARIAN_PEPPER_ROOT;XIRECS;39155.0;8
149284;;;INTARIAN_PEPPER_ROOT;XIRECS;39142.0;5
150088;;;INTARIAN_PEPPER_ROOT;XIRECS;39143.0;7
151294;;;INTARIAN_PEPPER_ROOT;XIRECS;39153.0;4
152390;;;ASH_COATED_OSMIUM;XIRECS;9997.0;8
154090;;;INTARIAN_PEPPER_ROOT;XIRECS;39164.0;3
154159;;;INTARIAN_PEPPER_ROOT;XIRECS;39147.0;6
154991;;;INTARIAN_PEPPER_ROOT;XIRECS;39157.0;3
155594;;;INTARIAN_PEPPER_ROOT;XIRECS;39163.0;7
156445;;;INTARIAN_PEPPER_ROOT;XIRECS;39148.0;6
157059;;;ASH_COATED_OSMIUM;XIRECS;10000.0;5
157439;;;INTARIAN_PEPPER_ROOT;XIRECS;39151.0;5
157543;;;ASH_COATED_OSMIUM;XIRECS;9991.0;3
159389;;;ASH_COATED_OSMIUM;XIRECS;10010.0;7
159861;;;ASH_COATED_OSMIUM;XIRECS;10002.0;2
160642;;;ASH_COATED_OSMIUM;XIRECS;10000.0;4
161272;;;ASH_COATED_OSMIUM;XIRECS;10016.0;3
164844;;;INTARIAN_PEPPER_ROOT;XIRECS;39157.0;7
169439;;;INTARIAN_PEPPER_ROOT;XIRECS;39163.0;3
171690;;;INTARIAN_PEPPER_ROOT;XIRECS;39165.0;5
172008;;;INTARIAN_PEPPER_ROOT;XIRECS;39163.0;5
172718;;;INTARIAN_PEPPER_ROOT;XIRECS;39182.0;7
173288;;;INTARIAN_PEPPER_ROOT;XIRECS;39167.0;5
175793;;;INTARIAN_PEPPER_ROOT;XIRECS;39168.0;5
179064;;;ASH_COATED_OSMIUM;XIRECS;9990.0;3
181342;;;INTARIAN_PEPPER_ROOT;XIRECS;39191.0;5
183112;;;INTARIAN_PEPPER_ROOT;XIRECS;39185.0;5
183648;;;ASH_COATED_OSMIUM;XIRECS;9985.0;6
183962;;;ASH_COATED_OSMIUM;XIRECS;10014.0;2
184073;;;INTARIAN_PEPPER_ROOT;XIRECS;39174.0;4
188161;;;INTARIAN_PEPPER_ROOT;XIRECS;39181.0;5
188293;;;ASH_COATED_OSMIUM;XIRECS;10002.0;8
189053;;;INTARIAN_PEPPER_ROOT;XIRECS;39196.0;6
190219;;;ASH_COATED_OSMIUM;XIRECS;10005.0;10
191035;;;ASH_COATED_OSMIUM;XIRECS;10013.0;2
191087;;;INTARIAN_PEPPER_ROOT;XIRECS;39179.0;3
191306;;;ASH_COATED_OSMIUM;XIRECS;10012.0;4
191356;;;ASH_COATED_OSMIUM;XIRECS;9993.0;7
195833;;;INTARIAN_PEPPER_ROOT;XIRECS;39188.0;4
198521;;;ASH_COATED_OSMIUM;XIRECS;10007.0;2
198953;;;ASH_COATED_OSMIUM;XIRECS;10015.0;3
203043;;;INTARIAN_PEPPER_ROOT;XIRECS;39197.0;4
203126;;;INTARIAN_PEPPER_ROOT;XIRECS;39211.0;5
203740;;;ASH_COATED_OSMIUM;XIRECS;9991.0;2
204303;;;ASH_COATED_OSMIUM;XIRECS;10004.0;2
207133;;;ASH_COATED_OSMIUM;XIRECS;10008.0;6
207781;;;ASH_COATED_OSMIUM;XIRECS;9998.0;9
208754;;;INTARIAN_PEPPER_ROOT;XIRECS;39204.0;4
210692;;;INTARIAN_PEPPER_ROOT;XIRECS;39212.0;3
211362;;;ASH_COATED_OSMIUM;XIRECS;9993.0;3
213624;;;ASH_COATED_OSMIUM;XIRECS;10004.0;3
213635;;;ASH_COATED_OSMIUM;XIRECS;10004.0;2
214539;;;ASH_COATED_OSMIUM;XIRECS;10009.0;5
215363;;;INTARIAN_PEPPER_ROOT;XIRECS;39220.0;3
216801;;;INTARIAN_PEPPER_ROOT;XIRECS;39221.0;6
217887;;;INTARIAN_PEPPER_ROOT;XIRECS;39223.0;8
217927;;;INTARIAN_PEPPER_ROOT;XIRECS;39211.0;3
221700;;;ASH_COATED_OSMIUM;XIRECS;10010.0;2
222627;;;ASH_COATED_OSMIUM;XIRECS;10005.0;6
225067;;;ASH_COATED_OSMIUM;XIRECS;9986.0;7
225168;;;INTARIAN_PEPPER_ROOT;XIRECS;39232.0;7
225675;;;ASH_COATED_OSMIUM;XIRECS;10005.0;8
227735;;;ASH_COATED_OSMIUM;XIRECS;10017.0;5
228194;;;INTARIAN_PEPPER_ROOT;XIRECS;39237.0;4
228250;;;ASH_COATED_OSMIUM;XIRECS;9989.0;7
229231;;;ASH_COATED_OSMIUM;XIRECS;9994.0;10
235199;;;INTARIAN_PEPPER_ROOT;XIRECS;39241.0;4
235543;;;ASH_COATED_OSMIUM;XIRECS;10004.0;6
236410;;;ASH_COATED_OSMIUM;XIRECS;10012.0;5
236435;;;INTARIAN_PEPPER_ROOT;XIRECS;39242.0;6
241005;;;INTARIAN_PEPPER_ROOT;XIRECS;39246.0;3
241185;;;ASH_COATED_OSMIUM;XIRECS;10003.0;4
244609;;;ASH_COATED_OSMIUM;XIRECS;10003.0;2
246155;;;INTARIAN_PEPPER_ROOT;XIRECS;39243.0;6
246961;;;ASH_COATED_OSMIUM;XIRECS;10001.0;6
248640;;;ASH_COATED_OSMIUM;XIRECS;10007.0;5
249610;;;INTARIAN_PEPPER_ROOT;XIRECS;39253.0;6
252585;;;INTARIAN_PEPPER_ROOT;XIRECS;39261.0;3
252907;;;ASH_COATED_OSMIUM;XIRECS;9987.0;9
253201;;;INTARIAN_PEPPER_ROOT;XIRECS;39249.0;6
256757;;;ASH_COATED_OSMIUM;XIRECS;9993.0;3
257382;;;INTARIAN_PEPPER_ROOT;XIRECS;39266.0;6
259986;;;INTARIAN_PEPPER_ROOT;XIRECS;39268.0;3
261240;;;ASH_COATED_OSMIUM;XIRECS;10009.0;2
262914;;;INTARIAN_PEPPER_ROOT;XIRECS;39271.0;3
267941;;;ASH_COATED_OSMIUM;XIRECS;10008.0;8
269814;;;INTARIAN_PEPPER_ROOT;XIRECS;39262.0;6
270106;;;ASH_COATED_OSMIUM;XIRECS;9991.0;6
270749;;;ASH_COATED_OSMIUM;XIRECS;10014.0;8
270888;;;INTARIAN_PEPPER_ROOT;XIRECS;39281.0;3
270973;;;ASH_COATED_OSMIUM;XIRECS;9987.0;4
270997;;;INTARIAN_PEPPER_ROOT;XIRECS;39276.0;4
271493;;;INTARIAN_PEPPER_ROOT;XIRECS;39268.0;6
272515;;;INTARIAN_PEPPER_ROOT;XIRECS;39265.0;7
273028;;;ASH_COATED_OSMIUM;XIRECS;9982.0;9
273207;;;ASH_COATED_OSMIUM;XIRECS;9980.0;9
274041;;;INTARIAN_PEPPER_ROOT;XIRECS;39264.0;7
274096;;;ASH_COATED_OSMIUM;XIRECS;9982.0;5
275355;;;ASH_COATED_OSMIUM;XIRECS;10000.0;4
275490;;;ASH_COATED_OSMIUM;XIRECS;10003.0;6
276264;;;ASH_COATED_OSMIUM;XIRECS;10013.0;5
277451;;;ASH_COATED_OSMIUM;XIRECS;10002.0;6
277863;;;ASH_COATED_OSMIUM;XIRECS;9981.0;4
278813;;;INTARIAN_PEPPER_ROOT;XIRECS;39272.0;4
279289;;;ASH_COATED_OSMIUM;XIRECS;10007.0;4
280776;;;INTARIAN_PEPPER_ROOT;XIRECS;39275.0;6
281173;;;INTARIAN_PEPPER_ROOT;XIRECS;39286.0;3
281238;;;ASH_COATED_OSMIUM;XIRECS;10025.0;10
284247;;;ASH_COATED_OSMIUM;XIRECS;9979.0;7
287383;;;INTARIAN_PEPPER_ROOT;XIRECS;39292.0;6
288221;;;INTARIAN_PEPPER_ROOT;XIRECS;39281.0;7
288945;;;ASH_COATED_OSMIUM;XIRECS;9994.0;5
289039;;;ASH_COATED_OSMIUM;XIRECS;10008.0;3
289158;;;INTARIAN_PEPPER_ROOT;XIRECS;39283.0;7
291316;;;ASH_COATED_OSMIUM;XIRECS;10004.0;4
291572;;;INTARIAN_PEPPER_ROOT;XIRECS;39296.0;5
292243;;;ASH_COATED_OSMIUM;XIRECS;10006.0;6
294383;;;ASH_COATED_OSMIUM;XIRECS;10004.0;10
294600;;;INTARIAN_PEPPER_ROOT;XIRECS;39302.0;4
295008;;;ASH_COATED_OSMIUM;XIRECS;10002.0;4
296683;;;ASH_COATED_OSMIUM;XIRECS;9991.0;2
297602;;;ASH_COATED_OSMIUM;XIRECS;9991.0;3
297751;;;INTARIAN_PEPPER_ROOT;XIRECS;39303.0;6
303299;;;ASH_COATED_OSMIUM;XIRECS;9987.0;9
303685;;;ASH_COATED_OSMIUM;XIRECS;9999.0;2
303756;;;ASH_COATED_OSMIUM;XIRECS;10012.0;5
304476;;;ASH_COATED_OSMIUM;XIRECS;10006.0;4
305539;;;ASH_COATED_OSMIUM;XIRECS;10008.0;7
305682;;;INTARIAN_PEPPER_ROOT;XIRECS;39306.0;8
306821;;;ASH_COATED_OSMIUM;XIRECS;9990.0;3
306985;;;ASH_COATED_OSMIUM;XIRECS;10009.0;3
307929;;;INTARIAN_PEPPER_ROOT;XIRECS;39316.0;8
311312;;;ASH_COATED_OSMIUM;XIRECS;10009.0;2
312358;;;INTARIAN_PEPPER_ROOT;XIRECS;39307.0;5
313501;;;INTARIAN_PEPPER_ROOT;XIRECS;39321.0;3
316640;;;ASH_COATED_OSMIUM;XIRECS;10008.0;6
317724;;;ASH_COATED_OSMIUM;XIRECS;10009.0;9
318872;;;ASH_COATED_OSMIUM;XIRECS;9995.0;4
320257;;;ASH_COATED_OSMIUM;XIRECS;10013.0;8
321446;;;ASH_COATED_OSMIUM;XIRECS;10005.0;5
322362;;;ASH_COATED_OSMIUM;XIRECS;10009.0;9
326908;;;INTARIAN_PEPPER_ROOT;XIRECS;39332.0;6
327928;;;INTARIAN_PEPPER_ROOT;XIRECS;39320.0;8
328569;;;ASH_COATED_OSMIUM;XIRECS;10010.0;4
329338;;;INTARIAN_PEPPER_ROOT;XIRECS;39333.0;3
329688;;;ASH_COATED_OSMIUM;XIRECS;9986.0;3
329853;;;ASH_COATED_OSMIUM;XIRECS;10004.0;3
333414;;;INTARIAN_PEPPER_ROOT;XIRECS;39330.0;6
334755;;;INTARIAN_PEPPER_ROOT;XIRECS;39341.0;3
334973;;;INTARIAN_PEPPER_ROOT;XIRECS;39341.0;3
335659;;;ASH_COATED_OSMIUM;XIRECS;10018.0;6
335705;;;INTARIAN_PEPPER_ROOT;XIRECS;39326.0;5
336172;;;ASH_COATED_OSMIUM;XIRECS;10003.0;9
337596;;;INTARIAN_PEPPER_ROOT;XIRECS;39342.0;7
338042;;;INTARIAN_PEPPER_ROOT;XIRECS;39335.0;6
339568;;;INTARIAN_PEPPER_ROOT;XIRECS;39335.0;6
340611;;;INTARIAN_PEPPER_ROOT;XIRECS;39335.0;6
340840;;;INTARIAN_PEPPER_ROOT;XIRECS;39348.0;3
344773;;;ASH_COATED_OSMIUM;XIRECS;9992.0;6
346126;;;ASH_COATED_OSMIUM;XIRECS;10012.0;5
347184;;;INTARIAN_PEPPER_ROOT;XIRECS;39352.0;3
349957;;;ASH_COATED_OSMIUM;XIRECS;10008.0;7
350416;;;INTARIAN_PEPPER_ROOT;XIRECS;39341.0;6
352851;;;ASH_COATED_OSMIUM;XIRECS;10009.0;7
356053;;;ASH_COATED_OSMIUM;XIRECS;9986.0;4
356912;;;ASH_COATED_OSMIUM;XIRECS;9995.0;4
359095;;;INTARIAN_PEPPER_ROOT;XIRECS;39349.0;3
360456;;;ASH_COATED_OSMIUM;XIRECS;10016.0;3
361723;;;ASH_COATED_OSMIUM;XIRECS;9981.0;3
361908;;;ASH_COATED_OSMIUM;XIRECS;9993.0;2
362120;;;INTARIAN_PEPPER_ROOT;XIRECS;39358.0;3
365074;;;INTARIAN_PEPPER_ROOT;XIRECS;39372.0;3
366842;;;INTARIAN_PEPPER_ROOT;XIRECS;39356.0;6
366916;;;INTARIAN_PEPPER_ROOT;XIRECS;39372.0;7
368229;;;ASH_COATED_OSMIUM;XIRECS;10006.0;9
369994;;;INTARIAN_PEPPER_ROOT;XIRECS;39363.0;5
370487;;;INTARIAN_PEPPER_ROOT;XIRECS;39370.0;7
374287;;;ASH_COATED_OSMIUM;XIRECS;10014.0;5
375839;;;ASH_COATED_OSMIUM;XIRECS;9989.0;4
376503;;;ASH_COATED_OSMIUM;XIRECS;10009.0;6
376596;;;ASH_COATED_OSMIUM;XIRECS;10009.0;5
377513;;;ASH_COATED_OSMIUM;XIRECS;10007.0;6
379306;;;ASH_COATED_OSMIUM;XIRECS;9998.0;9
381195;;;INTARIAN_PEPPER_ROOT;XIRECS;39387.0;3
381827;;;ASH_COATED_OSMIUM;XIRECS;10013.0;4
382574;;;ASH_COATED_OSMIUM;XIRECS;10019.0;8
382928;;;ASH_COATED_OSMIUM;XIRECS;10010.0;5
383321;;;INTARIAN_PEPPER_ROOT;XIRECS;39378.0;6
383781;;;INTARIAN_PEPPER_ROOT;XIRECS;39375.0;3
385027;;;ASH_COATED_OSMIUM;XIRECS;10007.0;6
385930;;;INTARIAN_PEPPER_ROOT;XIRECS;39379.0;3
386154;;;INTARIAN_PEPPER_ROOT;XIRECS;39390.0;3
387956;;;INTARIAN_PEPPER_ROOT;XIRECS;39375.0;4
388363;;;ASH_COATED_OSMIUM;XIRECS;10005.0;6
388837;;;INTARIAN_PEPPER_ROOT;XIRECS;39382.0;6
388990;;;INTARIAN_PEPPER_ROOT;XIRECS;39384.0;3
389679;;;ASH_COATED_OSMIUM;XIRECS;9997.0;3
390022;;;ASH_COATED_OSMIUM;XIRECS;10013.0;4
392972;;;INTARIAN_PEPPER_ROOT;XIRECS;39387.0;4
393180;;;ASH_COATED_OSMIUM;XIRECS;10011.0;8
393945;;;ASH_COATED_OSMIUM;XIRECS;9992.0;6
395214;;;ASH_COATED_OSMIUM;XIRECS;9983.0;6
395605;;;ASH_COATED_OSMIUM;XIRECS;10005.0;6
397142;;;ASH_COATED_OSMIUM;XIRECS;9985.0;3
398640;;;INTARIAN_PEPPER_ROOT;XIRECS;39393.0;4
400212;;;INTARIAN_PEPPER_ROOT;XIRECS;39392.0;7
400826;;;INTARIAN_PEPPER_ROOT;XIRECS;39395.0;4
403366;;;ASH_COATED_OSMIUM;XIRECS;10010.0;6
404560;;;INTARIAN_PEPPER_ROOT;XIRECS;39409.0;6
404646;;;ASH_COATED_OSMIUM;XIRECS;9990.0;6
412160;;;INTARIAN_PEPPER_ROOT;XIRECS;39405.0;4
412201;;;INTARIAN_PEPPER_ROOT;XIRECS;39402.0;3
412578;;;ASH_COATED_OSMIUM;XIRECS;9982.0;4
414296;;;ASH_COATED_OSMIUM;XIRECS;9988.0;3
414472;;;ASH_COATED_OSMIUM;XIRECS;10009.0;4
415399;;;INTARIAN_PEPPER_ROOT;XIRECS;39425.0;6
418451;;;ASH_COATED_OSMIUM;XIRECS;10007.0;10
419560;;;ASH_COATED_OSMIUM;XIRECS;10004.0;10
420194;;;ASH_COATED_OSMIUM;XIRECS;10004.0;4
420223;;;INTARIAN_PEPPER_ROOT;XIRECS;39429.0;6
424127;;;ASH_COATED_OSMIUM;XIRECS;9991.0;8
424172;;;ASH_COATED_OSMIUM;XIRECS;10007.0;4
424731;;;INTARIAN_PEPPER_ROOT;XIRECS;39418.0;3
426316;;;INTARIAN_PEPPER_ROOT;XIRECS;39418.0;7
427147;;;INTARIAN_PEPPER_ROOT;XIRECS;39419.0;5
427744;;;INTARIAN_PEPPER_ROOT;XIRECS;39418.0;7
427844;;;INTARIAN_PEPPER_ROOT;XIRECS;39421.0;3
429576;;;INTARIAN_PEPPER_ROOT;XIRECS;39420.0;7
430064;;;INTARIAN_PEPPER_ROOT;XIRECS;39436.0;3
430479;;;ASH_COATED_OSMIUM;XIRECS;9996.0;9
430715;;;INTARIAN_PEPPER_ROOT;XIRECS;39423.0;6
433684;;;ASH_COATED_OSMIUM;XIRECS;10005.0;8
434154;;;ASH_COATED_OSMIUM;XIRECS;9995.0;4
434321;;;ASH_COATED_OSMIUM;XIRECS;10004.0;9
438578;;;INTARIAN_PEPPER_ROOT;XIRECS;39443.0;7
439188;;;ASH_COATED_OSMIUM;XIRECS;10006.0;6
441230;;;ASH_COATED_OSMIUM;XIRECS;9985.0;6
441466;;;ASH_COATED_OSMIUM;XIRECS;9986.0;9
441576;;;INTARIAN_PEPPER_ROOT;XIRECS;39434.0;5
443676;;;INTARIAN_PEPPER_ROOT;XIRECS;39450.0;4
445255;;;INTARIAN_PEPPER_ROOT;XIRECS;39455.0;5
446321;;;ASH_COATED_OSMIUM;XIRECS;9985.0;5
456833;;;INTARIAN_PEPPER_ROOT;XIRECS;39463.0;6
457218;;;INTARIAN_PEPPER_ROOT;XIRECS;39451.0;6
458195;;;ASH_COATED_OSMIUM;XIRECS;9988.0;6
459251;;;ASH_COATED_OSMIUM;XIRECS;10002.0;4
460190;;;INTARIAN_PEPPER_ROOT;XIRECS;39467.0;5
462182;;;INTARIAN_PEPPER_ROOT;XIRECS;39458.0;5
464364;;;ASH_COATED_OSMIUM;XIRECS;9986.0;5
467203;;;INTARIAN_PEPPER_ROOT;XIRECS;39476.0;7
468808;;;ASH_COATED_OSMIUM;XIRECS;10016.0;9
468848;;;INTARIAN_PEPPER_ROOT;XIRECS;39462.0;7
470057;;;INTARIAN_PEPPER_ROOT;XIRECS;39480.0;7
471148;;;ASH_COATED_OSMIUM;XIRECS;9993.0;2
471195;;;ASH_COATED_OSMIUM;XIRECS;9993.0;4
471336;;;ASH_COATED_OSMIUM;XIRECS;9984.0;6
472077;;;ASH_COATED_OSMIUM;XIRECS;10007.0;6
472197;;;INTARIAN_PEPPER_ROOT;XIRECS;39466.0;4
472738;;;INTARIAN_PEPPER_ROOT;XIRECS;39480.0;3
472917;;;ASH_COATED_OSMIUM;XIRECS;10002.0;7
473238;;;INTARIAN_PEPPER_ROOT;XIRECS;39478.0;3
473933;;;ASH_COATED_OSMIUM;XIRECS;9991.0;2
475380;;;INTARIAN_PEPPER_ROOT;XIRECS;39467.0;3
477020;;;ASH_COATED_OSMIUM;XIRECS;9995.0;2
478387;;;INTARIAN_PEPPER_ROOT;XIRECS;39488.0;3
478650;;;INTARIAN_PEPPER_ROOT;XIRECS;39485.0;6
481223;;;INTARIAN_PEPPER_ROOT;XIRECS;39473.0;6
483244;;;INTARIAN_PEPPER_ROOT;XIRECS;39490.0;6
483748;;;INTARIAN_PEPPER_ROOT;XIRECS;39472.0;7
484735;;;ASH_COATED_OSMIUM;XIRECS;10008.0;3
487000;;;ASH_COATED_OSMIUM;XIRECS;10015.0;10
490775;;;ASH_COATED_OSMIUM;XIRECS;10000.0;2
490950;;;INTARIAN_PEPPER_ROOT;XIRECS;39495.0;7
491614;;;INTARIAN_PEPPER_ROOT;XIRECS;39496.0;4
493945;;;ASH_COATED_OSMIUM;XIRECS;9988.0;9
494742;;;ASH_COATED_OSMIUM;XIRECS;9998.0;5
497187;;;ASH_COATED_OSMIUM;XIRECS;10017.0;3
497572;;;ASH_COATED_OSMIUM;XIRECS;10009.0;2
498991;;;INTARIAN_PEPPER_ROOT;XIRECS;39505.0;5
500754;;;ASH_COATED_OSMIUM;XIRECS;10004.0;6
502540;;;ASH_COATED_OSMIUM;XIRECS;10002.0;4
503458;;;INTARIAN_PEPPER_ROOT;XIRECS;39498.0;5
504099;;;ASH_COATED_OSMIUM;XIRECS;10002.0;5
504260;;;ASH_COATED_OSMIUM;XIRECS;9996.0;2
506415;;;ASH_COATED_OSMIUM;XIRECS;10002.0;6
509429;;;ASH_COATED_OSMIUM;XIRECS;9995.0;5
509586;;;ASH_COATED_OSMIUM;XIRECS;9981.0;5
510457;;;INTARIAN_PEPPER_ROOT;XIRECS;39516.0;6
511625;;;ASH_COATED_OSMIUM;XIRECS;10009.0;8
514571;;;INTARIAN_PEPPER_ROOT;XIRECS;39508.0;5
515605;;;INTARIAN_PEPPER_ROOT;XIRECS;39520.0;8
515785;;;ASH_COATED_OSMIUM;XIRECS;10001.0;2
516581;;;ASH_COATED_OSMIUM;XIRECS;10010.0;6
516601;;;ASH_COATED_OSMIUM;XIRECS;9992.0;4
517018;;;INTARIAN_PEPPER_ROOT;XIRECS;39508.0;6
517520;;;ASH_COATED_OSMIUM;XIRECS;10001.0;5
517528;;;INTARIAN_PEPPER_ROOT;XIRECS;39514.0;5
517778;;;ASH_COATED_OSMIUM;XIRECS;10008.0;8
517934;;;ASH_COATED_OSMIUM;XIRECS;9989.0;2
523977;;;INTARIAN_PEPPER_ROOT;XIRECS;39531.0;6
524358;;;INTARIAN_PEPPER_ROOT;XIRECS;39514.0;6
524433;;;ASH_COATED_OSMIUM;XIRECS;9984.0;4
525982;;;ASH_COATED_OSMIUM;XIRECS;9990.0;6
527607;;;ASH_COATED_OSMIUM;XIRECS;9996.0;3
527872;;;ASH_COATED_OSMIUM;XIRECS;10011.0;5
531215;;;INTARIAN_PEPPER_ROOT;XIRECS;39525.0;5
539588;;;INTARIAN_PEPPER_ROOT;XIRECS;39539.0;3
540495;;;INTARIAN_PEPPER_ROOT;XIRECS;39551.0;4
540647;;;INTARIAN_PEPPER_ROOT;XIRECS;39547.0;4
540891;;;ASH_COATED_OSMIUM;XIRECS;10013.0;2
542229;;;ASH_COATED_OSMIUM;XIRECS;10005.0;8
543127;;;ASH_COATED_OSMIUM;XIRECS;9994.0;5
544380;;;ASH_COATED_OSMIUM;XIRECS;10007.0;4
545109;;;INTARIAN_PEPPER_ROOT;XIRECS;39544.0;7
546237;;;INTARIAN_PEPPER_ROOT;XIRECS;39556.0;7
546329;;;ASH_COATED_OSMIUM;XIRECS;10007.0;8
547767;;;ASH_COATED_OSMIUM;XIRECS;9999.0;10
549057;;;ASH_COATED_OSMIUM;XIRECS;9994.0;2
552094;;;ASH_COATED_OSMIUM;XIRECS;10007.0;7
553290;;;INTARIAN_PEPPER_ROOT;XIRECS;39561.0;6
555737;;;INTARIAN_PEPPER_ROOT;XIRECS;39568.0;3
556256;;;INTARIAN_PEPPER_ROOT;XIRECS;39550.0;7
556425;;;INTARIAN_PEPPER_ROOT;XIRECS;39565.0;5
557016;;;ASH_COATED_OSMIUM;XIRECS;10017.0;6
557935;;;ASH_COATED_OSMIUM;XIRECS;9987.0;5
558792;;;ASH_COATED_OSMIUM;XIRECS;10000.0;5
560067;;;ASH_COATED_OSMIUM;XIRECS;10012.0;7
564698;;;ASH_COATED_OSMIUM;XIRECS;9995.0;6
569336;;;ASH_COATED_OSMIUM;XIRECS;9995.0;5
570267;;;INTARIAN_PEPPER_ROOT;XIRECS;39574.0;5
573252;;;ASH_COATED_OSMIUM;XIRECS;9989.0;3
573602;;;ASH_COATED_OSMIUM;XIRECS;10013.0;2
577095;;;ASH_COATED_OSMIUM;XIRECS;9990.0;5
581257;;;INTARIAN_PEPPER_ROOT;XIRECS;39573.0;4
582952;;;ASH_COATED_OSMIUM;XIRECS;9985.0;3
583067;;;ASH_COATED_OSMIUM;XIRECS;9996.0;3
583402;;;ASH_COATED_OSMIUM;XIRECS;9989.0;2
584223;;;INTARIAN_PEPPER_ROOT;XIRECS;39575.0;3
585083;;;INTARIAN_PEPPER_ROOT;XIRECS;39577.0;5
585247;;;INTARIAN_PEPPER_ROOT;XIRECS;39578.0;5
585778;;;ASH_COATED_OSMIUM;XIRECS;10014.0;5
587116;;;ASH_COATED_OSMIUM;XIRECS;10009.0;5
589222;;;ASH_COATED_OSMIUM;XIRECS;9994.0;3
589920;;;ASH_COATED_OSMIUM;XIRECS;9997.0;9
590555;;;ASH_COATED_OSMIUM;XIRECS;10013.0;2
590802;;;INTARIAN_PEPPER_ROOT;XIRECS;39587.0;5
591996;;;INTARIAN_PEPPER_ROOT;XIRECS;39584.0;3
593169;;;INTARIAN_PEPPER_ROOT;XIRECS;39600.0;6
595261;;;INTARIAN_PEPPER_ROOT;XIRECS;39597.0;6
595313;;;INTARIAN_PEPPER_ROOT;XIRECS;39598.0;6
598371;;;ASH_COATED_OSMIUM;XIRECS;10008.0;5
598460;;;INTARIAN_PEPPER_ROOT;XIRECS;39606.0;5
600004;;;ASH_COATED_OSMIUM;XIRECS;10007.0;10
602574;;;INTARIAN_PEPPER_ROOT;XIRECS;39593.0;7
603123;;;INTARIAN_PEPPER_ROOT;XIRECS;39610.0;6
604821;;;INTARIAN_PEPPER_ROOT;XIRECS;39610.0;4
607785;;;INTARIAN_PEPPER_ROOT;XIRECS;39609.0;7
608320;;;ASH_COATED_OSMIUM;XIRECS;9995.0;5
609524;;;ASH_COATED_OSMIUM;XIRECS;9996.0;10
609536;;;ASH_COATED_OSMIUM;XIRECS;10017.0;3
610314;;;INTARIAN_PEPPER_ROOT;XIRECS;39601.0;3
610948;;;ASH_COATED_OSMIUM;XIRECS;9987.0;5
614150;;;ASH_COATED_OSMIUM;XIRECS;9993.0;6
616383;;;ASH_COATED_OSMIUM;XIRECS;10002.0;2
617306;;;ASH_COATED_OSMIUM;XIRECS;9994.0;3
618158;;;ASH_COATED_OSMIUM;XIRECS;9999.0;7
619336;;;ASH_COATED_OSMIUM;XIRECS;10008.0;6
619870;;;ASH_COATED_OSMIUM;XIRECS;9991.0;10
622099;;;ASH_COATED_OSMIUM;XIRECS;10014.0;6
622918;;;INTARIAN_PEPPER_ROOT;XIRECS;39626.0;6
626905;;;INTARIAN_PEPPER_ROOT;XIRECS;39623.0;5
629272;;;ASH_COATED_OSMIUM;XIRECS;10008.0;4
629884;;;ASH_COATED_OSMIUM;XIRECS;10015.0;4
635767;;;ASH_COATED_OSMIUM;XIRECS;10007.0;3
635782;;;ASH_COATED_OSMIUM;XIRECS;9989.0;3
637784;;;ASH_COATED_OSMIUM;XIRECS;9985.0;7
638087;;;ASH_COATED_OSMIUM;XIRECS;10004.0;10
640185;;;INTARIAN_PEPPER_ROOT;XIRECS;39635.0;6
641623;;;INTARIAN_PEPPER_ROOT;XIRECS;39635.0;4
641639;;;INTARIAN_PEPPER_ROOT;XIRECS;39647.0;7
646980;;;INTARIAN_PEPPER_ROOT;XIRECS;39640.0;7
648778;;;ASH_COATED_OSMIUM;XIRECS;9998.0;6
650829;;;ASH_COATED_OSMIUM;XIRECS;10012.0;2
655989;;;INTARIAN_PEPPER_ROOT;XIRECS;39668.0;3
657516;;;INTARIAN_PEPPER_ROOT;XIRECS;39652.0;5
658973;;;ASH_COATED_OSMIUM;XIRECS;10007.0;2
661327;;;ASH_COATED_OSMIUM;XIRECS;9993.0;2
663312;;;ASH_COATED_OSMIUM;XIRECS;10002.0;4
665316;;;ASH_COATED_OSMIUM;XIRECS;10016.0;5
665610;;;ASH_COATED_OSMIUM;XIRECS;9991.0;4
668356;;;INTARIAN_PEPPER_ROOT;XIRECS;39674.0;5
668537;;;ASH_COATED_OSMIUM;XIRECS;9994.0;3
670454;;;INTARIAN_PEPPER_ROOT;XIRECS;39663.0;3
672019;;;ASH_COATED_OSMIUM;XIRECS;10008.0;8
674713;;;ASH_COATED_OSMIUM;XIRECS;10005.0;3
675614;;;INTARIAN_PEPPER_ROOT;XIRECS;39670.0;4
676185;;;ASH_COATED_OSMIUM;XIRECS;9992.0;5
679113;;;ASH_COATED_OSMIUM;XIRECS;9988.0;7
679543;;;ASH_COATED_OSMIUM;XIRECS;9993.0;5
680318;;;INTARIAN_PEPPER_ROOT;XIRECS;39674.0;5
680343;;;ASH_COATED_OSMIUM;XIRECS;9984.0;6
682557;;;ASH_COATED_OSMIUM;XIRECS;9996.0;3
684509;;;INTARIAN_PEPPER_ROOT;XIRECS;39686.0;4
684816;;;ASH_COATED_OSMIUM;XIRECS;10013.0;5
686832;;;ASH_COATED_OSMIUM;XIRECS;10007.0;3
688961;;;ASH_COATED_OSMIUM;XIRECS;10004.0;3
690141;;;ASH_COATED_OSMIUM;XIRECS;9992.0;3
690308;;;ASH_COATED_OSMIUM;XIRECS;10014.0;6
690843;;;INTARIAN_PEPPER_ROOT;XIRECS;39684.0;7
691680;;;ASH_COATED_OSMIUM;XIRECS;10004.0;6
692948;;;ASH_COATED_OSMIUM;XIRECS;9999.0;6
697409;;;INTARIAN_PEPPER_ROOT;XIRECS;39703.0;7
697916;;;ASH_COATED_OSMIUM;XIRECS;10002.0;2
698094;;;ASH_COATED_OSMIUM;XIRECS;9986.0;9
698851;;;INTARIAN_PEPPER_ROOT;XIRECS;39692.0;6
699198;;;INTARIAN_PEPPER_ROOT;XIRECS;39707.0;6
699339;;;ASH_COATED_OSMIUM;XIRECS;9991.0;5
700158;;;INTARIAN_PEPPER_ROOT;XIRECS;39692.0;7
700862;;;INTARIAN_PEPPER_ROOT;XIRECS;39697.0;6
701274;;;ASH_COATED_OSMIUM;XIRECS;10008.0;3
701520;;;ASH_COATED_OSMIUM;XIRECS;9986.0;4
701603;;;ASH_COATED_OSMIUM;XIRECS;10006.0;6
702410;;;ASH_COATED_OSMIUM;XIRECS;10008.0;5
703156;;;ASH_COATED_OSMIUM;XIRECS;10007.0;6
707481;;;ASH_COATED_OSMIUM;XIRECS;10001.0;3
707783;;;INTARIAN_PEPPER_ROOT;XIRECS;39717.0;3
709249;;;ASH_COATED_OSMIUM;XIRECS;9992.0;3
709595;;;ASH_COATED_OSMIUM;XIRECS;9995.0;8
710534;;;ASH_COATED_OSMIUM;XIRECS;9988.0;6
710748;;;INTARIAN_PEPPER_ROOT;XIRECS;39717.0;5
711241;;;ASH_COATED_OSMIUM;XIRECS;10004.0;4
713867;;;ASH_COATED_OSMIUM;XIRECS;9991.0;4
715081;;;ASH_COATED_OSMIUM;XIRECS;10000.0;3
716332;;;INTARIAN_PEPPER_ROOT;XIRECS;39709.0;6
716452;;;ASH_COATED_OSMIUM;XIRECS;9991.0;6
719996;;;ASH_COATED_OSMIUM;XIRECS;10020.0;6
722233;;;ASH_COATED_OSMIUM;XIRECS;10006.0;2
723102;;;ASH_COATED_OSMIUM;XIRECS;10017.0;8
726312;;;INTARIAN_PEPPER_ROOT;XIRECS;39721.0;5
732910;;;INTARIAN_PEPPER_ROOT;XIRECS;39741.0;3
733939;;;ASH_COATED_OSMIUM;XIRECS;10008.0;4
734211;;;ASH_COATED_OSMIUM;XIRECS;9993.0;2
735014;;;ASH_COATED_OSMIUM;XIRECS;9988.0;7
735210;;;INTARIAN_PEPPER_ROOT;XIRECS;39742.0;7
735577;;;ASH_COATED_OSMIUM;XIRECS;9994.0;5
736955;;;ASH_COATED_OSMIUM;XIRECS;9997.0;9
740089;;;INTARIAN_PEPPER_ROOT;XIRECS;39744.0;4
740332;;;ASH_COATED_OSMIUM;XIRECS;9996.0;3
742159;;;ASH_COATED_OSMIUM;XIRECS;9985.0;4
742479;;;ASH_COATED_OSMIUM;XIRECS;9986.0;4
743941;;;INTARIAN_PEPPER_ROOT;XIRECS;39732.0;3
744041;;;INTARIAN_PEPPER_ROOT;XIRECS;39750.0;7
745046;;;INTARIAN_PEPPER_ROOT;XIRECS;39739.0;6
745123;;;INTARIAN_PEPPER_ROOT;XIRECS;39751.0;3
747001;;;INTARIAN_PEPPER_ROOT;XIRECS;39737.0;7
749226;;;INTARIAN_PEPPER_ROOT;XIRECS;39741.0;8
749279;;;INTARIAN_PEPPER_ROOT;XIRECS;39755.0;4
750494;;;ASH_COATED_OSMIUM;XIRECS;10010.0;2
750764;;;INTARIAN_PEPPER_ROOT;XIRECS;39757.0;6
751530;;;INTARIAN_PEPPER_ROOT;XIRECS;39740.0;6
752457;;;INTARIAN_PEPPER_ROOT;XIRECS;39765.0;3
756036;;;ASH_COATED_OSMIUM;XIRECS;9994.0;5
756868;;;INTARIAN_PEPPER_ROOT;XIRECS;39753.0;7
757117;;;ASH_COATED_OSMIUM;XIRECS;10008.0;9
757488;;;ASH_COATED_OSMIUM;XIRECS;10008.0;5
758632;;;INTARIAN_PEPPER_ROOT;XIRECS;39756.0;3
760421;;;INTARIAN_PEPPER_ROOT;XIRECS;39754.0;7
761146;;;ASH_COATED_OSMIUM;XIRECS;10006.0;3
761383;;;INTARIAN_PEPPER_ROOT;XIRECS;39753.0;7
768083;;;INTARIAN_PEPPER_ROOT;XIRECS;39771.0;6
769682;;;INTARIAN_PEPPER_ROOT;XIRECS;39775.0;4
772875;;;INTARIAN_PEPPER_ROOT;XIRECS;39779.0;4
773920;;;INTARIAN_PEPPER_ROOT;XIRECS;39763.0;5
777496;;;INTARIAN_PEPPER_ROOT;XIRECS;39774.0;6
777584;;;ASH_COATED_OSMIUM;XIRECS;9993.0;6
778664;;;INTARIAN_PEPPER_ROOT;XIRECS;39772.0;6
779471;;;ASH_COATED_OSMIUM;XIRECS;10007.0;5
780853;;;INTARIAN_PEPPER_ROOT;XIRECS;39787.0;7
781712;;;ASH_COATED_OSMIUM;XIRECS;10008.0;4
781871;;;INTARIAN_PEPPER_ROOT;XIRECS;39788.0;4
783807;;;INTARIAN_PEPPER_ROOT;XIRECS;39792.0;6
784497;;;ASH_COATED_OSMIUM;XIRECS;9997.0;2
784713;;;ASH_COATED_OSMIUM;XIRECS;10012.0;6
784884;;;INTARIAN_PEPPER_ROOT;XIRECS;39774.0;5
785274;;;ASH_COATED_OSMIUM;XIRECS;10008.0;2
786808;;;INTARIAN_PEPPER_ROOT;XIRECS;39783.0;7
786899;;;INTARIAN_PEPPER_ROOT;XIRECS;39796.0;3
787484;;;ASH_COATED_OSMIUM;XIRECS;10008.0;2
788392;;;INTARIAN_PEPPER_ROOT;XIRECS;39777.0;4
791424;;;ASH_COATED_OSMIUM;XIRECS;10005.0;7
791786;;;INTARIAN_PEPPER_ROOT;XIRECS;39797.0;5
792660;;;ASH_COATED_OSMIUM;XIRECS;10001.0;8
793325;;;ASH_COATED_OSMIUM;XIRECS;10015.0;6
795032;;;ASH_COATED_OSMIUM;XIRECS;9993.0;2
795662;;;ASH_COATED_OSMIUM;XIRECS;9993.0;5
796430;;;ASH_COATED_OSMIUM;XIRECS;9989.0;2
798767;;;INTARIAN_PEPPER_ROOT;XIRECS;39803.0;6
798978;;;INTARIAN_PEPPER_ROOT;XIRECS;39791.0;4
799011;;;INTARIAN_PEPPER_ROOT;XIRECS;39793.0;5
799449;;;INTARIAN_PEPPER_ROOT;XIRECS;39795.0;4
800120;;;ASH_COATED_OSMIUM;XIRECS;9997.0;6
801207;;;ASH_COATED_OSMIUM;XIRECS;9987.0;6
801647;;;INTARIAN_PEPPER_ROOT;XIRECS;39793.0;4
801766;;;ASH_COATED_OSMIUM;XIRECS;9995.0;6
802349;;;INTARIAN_PEPPER_ROOT;XIRECS;39807.0;6
802371;;;ASH_COATED_OSMIUM;XIRECS;9987.0;6
803094;;;ASH_COATED_OSMIUM;XIRECS;10013.0;2
803617;;;ASH_COATED_OSMIUM;XIRECS;10009.0;3
804126;;;ASH_COATED_OSMIUM;XIRECS;10007.0;5
804474;;;ASH_COATED_OSMIUM;XIRECS;10006.0;8
805722;;;ASH_COATED_OSMIUM;XIRECS;9988.0;5
806227;;;INTARIAN_PEPPER_ROOT;XIRECS;39812.0;7
807301;;;INTARIAN_PEPPER_ROOT;XIRECS;39800.0;3
807806;;;INTARIAN_PEPPER_ROOT;XIRECS;39799.0;7
807869;;;INTARIAN_PEPPER_ROOT;XIRECS;39811.0;4
809392;;;ASH_COATED_OSMIUM;XIRECS;9990.0;10
809601;;;INTARIAN_PEPPER_ROOT;XIRECS;39800.0;8
810016;;;INTARIAN_PEPPER_ROOT;XIRECS;39798.0;6
811036;;;INTARIAN_PEPPER_ROOT;XIRECS;39820.0;4
812854;;;ASH_COATED_OSMIUM;XIRECS;10009.0;6
813061;;;ASH_COATED_OSMIUM;XIRECS;9989.0;9
813447;;;INTARIAN_PEPPER_ROOT;XIRECS;39816.0;3
816322;;;INTARIAN_PEPPER_ROOT;XIRECS;39807.0;3
816580;;;ASH_COATED_OSMIUM;XIRECS;9983.0;2
817113;;;INTARIAN_PEPPER_ROOT;XIRECS;39829.0;6
817372;;;ASH_COATED_OSMIUM;XIRECS;10007.0;6
818834;;;ASH_COATED_OSMIUM;XIRECS;10001.0;4
822462;;;INTARIAN_PEPPER_ROOT;XIRECS;39815.0;3
823363;;;INTARIAN_PEPPER_ROOT;XIRECS;39833.0;3
823682;;;ASH_COATED_OSMIUM;XIRECS;9997.0;10
824456;;;ASH_COATED_OSMIUM;XIRECS;10005.0;9
825049;;;INTARIAN_PEPPER_ROOT;XIRECS;39830.0;6
826067;;;INTARIAN_PEPPER_ROOT;XIRECS;39820.0;5
826253;;;INTARIAN_PEPPER_ROOT;XIRECS;39838.0;6
826859;;;ASH_COATED_OSMIUM;XIRECS;10006.0;10
827391;;;INTARIAN_PEPPER_ROOT;XIRECS;39830.0;4
827645;;;ASH_COATED_OSMIUM;XIRECS;10013.0;7
828236;;;INTARIAN_PEPPER_ROOT;XIRECS;39836.0;3
828851;;;ASH_COATED_OSMIUM;XIRECS;9988.0;2
829994;;;ASH_COATED_OSMIUM;XIRECS;9996.0;2
830223;;;ASH_COATED_OSMIUM;XIRECS;10006.0;5
832501;;;INTARIAN_PEPPER_ROOT;XIRECS;39826.0;6
835007;;;ASH_COATED_OSMIUM;XIRECS;9996.0;6
835834;;;ASH_COATED_OSMIUM;XIRECS;10017.0;5
836332;;;ASH_COATED_OSMIUM;XIRECS;10006.0;9
839576;;;INTARIAN_PEPPER_ROOT;XIRECS;39835.0;6
841935;;;ASH_COATED_OSMIUM;XIRECS;9985.0;7
842927;;;ASH_COATED_OSMIUM;XIRECS;10009.0;9
843372;;;INTARIAN_PEPPER_ROOT;XIRECS;39850.0;3
844544;;;INTARIAN_PEPPER_ROOT;XIRECS;39848.0;3
845005;;;ASH_COATED_OSMIUM;XIRECS;9999.0;3
847310;;;INTARIAN_PEPPER_ROOT;XIRECS;39840.0;5
847942;;;ASH_COATED_OSMIUM;XIRECS;10003.0;5
848301;;;INTARIAN_PEPPER_ROOT;XIRECS;39841.0;6
848562;;;INTARIAN_PEPPER_ROOT;XIRECS;39845.0;7
853288;;;INTARIAN_PEPPER_ROOT;XIRECS;39858.0;7
854036;;;ASH_COATED_OSMIUM;XIRECS;10006.0;3
856067;;;INTARIAN_PEPPER_ROOT;XIRECS;39853.0;6
856481;;;INTARIAN_PEPPER_ROOT;XIRECS;39851.0;3
857076;;;ASH_COATED_OSMIUM;XIRECS;10015.0;4
857431;;;ASH_COATED_OSMIUM;XIRECS;10011.0;5
864777;;;ASH_COATED_OSMIUM;XIRECS;9990.0;3
865096;;;INTARIAN_PEPPER_ROOT;XIRECS;39867.0;3
866602;;;ASH_COATED_OSMIUM;XIRECS;9992.0;9
866995;;;ASH_COATED_OSMIUM;XIRECS;9992.0;6
868142;;;INTARIAN_PEPPER_ROOT;XIRECS;39865.0;6
868623;;;INTARIAN_PEPPER_ROOT;XIRECS;39876.0;3
869306;;;ASH_COATED_OSMIUM;XIRECS;10011.0;4
870375;;;ASH_COATED_OSMIUM;XIRECS;10010.0;8
870885;;;ASH_COATED_OSMIUM;XIRECS;10008.0;3
872530;;;INTARIAN_PEPPER_ROOT;XIRECS;39868.0;5
873711;;;ASH_COATED_OSMIUM;XIRECS;9993.0;4
873797;;;ASH_COATED_OSMIUM;XIRECS;10009.0;3
874537;;;INTARIAN_PEPPER_ROOT;XIRECS;39867.0;6
876507;;;INTARIAN_PEPPER_ROOT;XIRECS;39884.0;4
879641;;;INTARIAN_PEPPER_ROOT;XIRECS;39887.0;5
879834;;;ASH_COATED_OSMIUM;XIRECS;9990.0;3
880272;;;ASH_COATED_OSMIUM;XIRECS;10008.0;5
880860;;;ASH_COATED_OSMIUM;XIRECS;9984.0;4
881869;;;ASH_COATED_OSMIUM;XIRECS;9998.0;6
881912;;;ASH_COATED_OSMIUM;XIRECS;9992.0;2
884018;;;INTARIAN_PEPPER_ROOT;XIRECS;39886.0;4
885006;;;INTARIAN_PEPPER_ROOT;XIRECS;39886.0;4
887653;;;INTARIAN_PEPPER_ROOT;XIRECS;39882.0;6
888858;;;ASH_COATED_OSMIUM;XIRECS;9982.0;8
889813;;;INTARIAN_PEPPER_ROOT;XIRECS;39882.0;6
890121;;;INTARIAN_PEPPER_ROOT;XIRECS;39901.0;5
890319;;;ASH_COATED_OSMIUM;XIRECS;9993.0;8
890578;;;ASH_COATED_OSMIUM;XIRECS;9990.0;5
893533;;;INTARIAN_PEPPER_ROOT;XIRECS;39885.0;8
894084;;;INTARIAN_PEPPER_ROOT;XIRECS;39899.0;4
897552;;;ASH_COATED_OSMIUM;XIRECS;10006.0;6
897687;;;ASH_COATED_OSMIUM;XIRECS;10009.0;3
898824;;;ASH_COATED_OSMIUM;XIRECS;10004.0;4
903903;;;INTARIAN_PEPPER_ROOT;XIRECS;39914.0;5
903958;;;INTARIAN_PEPPER_ROOT;XIRECS;39900.0;3
904767;;;INTARIAN_PEPPER_ROOT;XIRECS;39915.0;3
911473;;;INTARIAN_PEPPER_ROOT;XIRECS;39906.0;3
911591;;;ASH_COATED_OSMIUM;XIRECS;10002.0;4
912737;;;ASH_COATED_OSMIUM;XIRECS;9999.0;6
913128;;;ASH_COATED_OSMIUM;XIRECS;9982.0;4
913324;;;ASH_COATED_OSMIUM;XIRECS;9998.0;2
914135;;;INTARIAN_PEPPER_ROOT;XIRECS;39920.0;6
915391;;;INTARIAN_PEPPER_ROOT;XIRECS;39925.0;3
918603;;;ASH_COATED_OSMIUM;XIRECS;10015.0;10
919896;;;INTARIAN_PEPPER_ROOT;XIRECS;39926.0;4
922446;;;INTARIAN_PEPPER_ROOT;XIRECS;39926.0;3
923537;;;INTARIAN_PEPPER_ROOT;XIRECS;39931.0;5
924202;;;ASH_COATED_OSMIUM;XIRECS;9990.0;2
924598;;;ASH_COATED_OSMIUM;XIRECS;10010.0;3
924804;;;INTARIAN_PEPPER_ROOT;XIRECS;39926.0;5
925202;;;INTARIAN_PEPPER_ROOT;XIRECS;39920.0;6
926539;;;INTARIAN_PEPPER_ROOT;XIRECS;39935.0;5
927415;;;INTARIAN_PEPPER_ROOT;XIRECS;39918.0;3
927465;;;ASH_COATED_OSMIUM;XIRECS;10000.0;6
927867;;;ASH_COATED_OSMIUM;XIRECS;10011.0;10
928848;;;ASH_COATED_OSMIUM;XIRECS;10009.0;6
929110;;;ASH_COATED_OSMIUM;XIRECS;9986.0;5
929613;;;INTARIAN_PEPPER_ROOT;XIRECS;39936.0;7
930089;;;INTARIAN_PEPPER_ROOT;XIRECS;39922.0;7
931267;;;INTARIAN_PEPPER_ROOT;XIRECS;39937.0;3
933610;;;ASH_COATED_OSMIUM;XIRECS;10006.0;9
933703;;;INTARIAN_PEPPER_ROOT;XIRECS;39928.0;6
934434;;;ASH_COATED_OSMIUM;XIRECS;9994.0;2
935096;;;INTARIAN_PEPPER_ROOT;XIRECS;39944.0;5
935973;;;ASH_COATED_OSMIUM;XIRECS;10010.0;7
937679;;;INTARIAN_PEPPER_ROOT;XIRECS;39944.0;3
942373;;;INTARIAN_PEPPER_ROOT;XIRECS;39935.0;5
942629;;;ASH_COATED_OSMIUM;XIRECS;9992.0;3
946995;;;ASH_COATED_OSMIUM;XIRECS;9996.0;6
947801;;;ASH_COATED_OSMIUM;XIRECS;9987.0;2
949070;;;INTARIAN_PEPPER_ROOT;XIRECS;39943.0;3
949340;;;ASH_COATED_OSMIUM;XIRECS;9988.0;2
951856;;;INTARIAN_PEPPER_ROOT;XIRECS;39958.0;6
954215;;;ASH_COATED_OSMIUM;XIRECS;9996.0;3
955911;;;INTARIAN_PEPPER_ROOT;XIRECS;39945.0;8
956652;;;INTARIAN_PEPPER_ROOT;XIRECS;39948.0;4
956720;;;ASH_COATED_OSMIUM;XIRECS;9980.0;9
957056;;;ASH_COATED_OSMIUM;XIRECS;9997.0;7
957277;;;INTARIAN_PEPPER_ROOT;XIRECS;39962.0;6
957976;;;INTARIAN_PEPPER_ROOT;XIRECS;39961.0;5
965207;;;INTARIAN_PEPPER_ROOT;XIRECS;39969.0;5
966618;;;ASH_COATED_OSMIUM;XIRECS;9994.0;5
966725;;;INTARIAN_PEPPER_ROOT;XIRECS;39968.0;7
966851;;;ASH_COATED_OSMIUM;XIRECS;10006.0;9
966961;;;ASH_COATED_OSMIUM;XIRECS;9995.0;3
967102;;;ASH_COATED_OSMIUM;XIRECS;9991.0;4
968319;;;INTARIAN_PEPPER_ROOT;XIRECS;39964.0;6
969084;;;INTARIAN_PEPPER_ROOT;XIRECS;39958.0;5
971374;;;INTARIAN_PEPPER_ROOT;XIRECS;39979.0;7
974664;;;ASH_COATED_OSMIUM;XIRECS;9986.0;4
975033;;;ASH_COATED_OSMIUM;XIRECS;10004.0;4
977130;;;ASH_COATED_OSMIUM;XIRECS;9996.0;8
977677;;;ASH_COATED_OSMIUM;XIRECS;10005.0;5
978458;;;ASH_COATED_OSMIUM;XIRECS;10018.0;5
979585;;;INTARIAN_PEPPER_ROOT;XIRECS;39982.0;7
981026;;;INTARIAN_PEPPER_ROOT;XIRECS;39987.0;5
981092;;;INTARIAN_PEPPER_ROOT;XIRECS;39987.0;6
981806;;;ASH_COATED_OSMIUM;XIRECS;9977.0;5
982636;;;INTARIAN_PEPPER_ROOT;XIRECS;39976.0;4
982860;;;ASH_COATED_OSMIUM;XIRECS;10006.0;4
983524;;;INTARIAN_PEPPER_ROOT;XIRECS;39994.0;5
984803;;;ASH_COATED_OSMIUM;XIRECS;10008.0;2
985752;;;ASH_COATED_OSMIUM;XIRECS;10007.0;4
986557;;;INTARIAN_PEPPER_ROOT;XIRECS;39977.0;4
986571;;;INTARIAN_PEPPER_ROOT;XIRECS;39977.0;6
986608;;;ASH_COATED_OSMIUM;XIRECS;10010.0;5
987375;;;INTARIAN_PEPPER_ROOT;XIRECS;39992.0;3
991076;;;ASH_COATED_OSMIUM;XIRECS;9983.0;3
991164;;;ASH_COATED_OSMIUM;XIRECS;9999.0;3
992728;;;ASH_COATED_OSMIUM;XIRECS;10015.0;5
993094;;;INTARIAN_PEPPER_ROOT;XIRECS;39987.0;7
993257;;;ASH_COATED_OSMIUM;XIRECS;10007.0;7
994760;;;ASH_COATED_OSMIUM;XIRECS;10005.0;5
996889;;;ASH_COATED_OSMIUM;XIRECS;9994.0;2
998574;;;INTARIAN_PEPPER_ROOT;XIRECS;39991.0;3
998670;;;ASH_COATED_OSMIUM;XIRECS;10011.0;4
998826;;;ASH_COATED_OSMIUM;XIRECS;10009.0;3