timestamp;buyer;seller;symbol;currency;price;quantity
3946;;;INTARIAN_PEPPER_ROOT;XIRECS;57014.0;5
8043;;;INTARIAN_PEPPER_ROOT;XIRECS;56997.0;7
8080;;;ASH_COATED_OSMIUM;XIRECS;10006.0;4
9842;;;ASH_COATED_OSMIUM;XIRECS;9984.0;2
10213;;;ASH_COATED_OSMIUM;XIRECS;10003.0;3
10636;;;ASH_COATED_OSMIUM;XIRECS;9996.0;4
11032;;;ASH_COATED_OSMIUM;XIRECS;10005.0;6
11602;;;INTARIAN_PEPPER_ROOT;XIRECS;57007.0;3
13830;;;INTARIAN_PEPPER_ROOT;XIRECS;57019.0;7
14254;;;INTARIAN_PEPPER_ROOT;XIRECS;57010.0;7
19278;;;INTARIAN_PEPPER_ROOT;XIRECS;57009.0;3
19374;;;INTARIAN_PEPPER_ROOT;XIRECS;57026.0;7
19699;;;INTARIAN_PEPPER_ROOT;XIRECS;57027.0;6
21083;;;ASH_COATED_OSMIUM;XIRECS;10006.0;5
21235;;;ASH_COATED_OSMIUM;XIRECS;10009.0;5
23065;;;ASH_COATED_OSMIUM;XIRECS;9984.0;6
26683;;;ASH_COATED_OSMIUM;XIRECS;9989.0;2
28452;;;INTARIAN_PEPPER_ROOT;XIRECS;57035.0;5
29220;;;INTARIAN_PEPPER_ROOT;XIRECS;57022.0;3
34321;;;ASH_COATED_OSMIUM;XIRECS;9990.0;5
36311;;;ASH_COATED_OSMIUM;XIRECS;10006.0;8
37624;;;INTARIAN_PEPPER_ROOT;XIRECS;57040.0;6
39401;;;INTARIAN_PEPPER_ROOT;XIRECS;57049.0;7
41651;;;INTARIAN_PEPPER_ROOT;XIRECS;57037.0;3
42013;;;INTARIAN_PEPPER_ROOT;XIRECS;57047.0;7
42769;;;INTARIAN_PEPPER_ROOT;XIRECS;57038.0;4
43169;;;INTARIAN_PEPPER_ROOT;XIRECS;57054.0;7
43528;;;INTARIAN_PEPPER_ROOT;XIRECS;57050.0;7
43847;;;ASH_COATED_OSMIUM;XIRECS;10008.0;6
44536;;;ASH_COATED_OSMIUM;XIRECS;10013.0;2
47394;;;INTARIAN_PEPPER_ROOT;XIRECS;57042.0;4
49054;;;ASH_COATED_OSMIUM;XIRECS;9983.0;3
51311;;;ASH_COATED_OSMIUM;XIRECS;9985.0;5
53018;;;INTARIAN_PEPPER_ROOT;XIRECS;57059.0;4
53639;;;INTARIAN_PEPPER_ROOT;XIRECS;57067.0;6
53805;;;INTARIAN_PEPPER_ROOT;XIRECS;57046.0;7
54854;;;ASH_COATED_OSMIUM;XIRECS;10007.0;2
55474;;;ASH_COATED_OSMIUM;XIRECS;10001.0;7
56780;;;INTARIAN_PEPPER_ROOT;XIRECS;57063.0;7
58645;;;ASH_COATED_OSMIUM;XIRECS;10008.0;4
59586;;;INTARIAN_PEPPER_ROOT;XIRECS;57054.0;5
63360;;;ASH_COATED_OSMIUM;XIRECS;9991.0;6
64819;;;ASH_COATED_OSMIUM;XIRECS;10007.0;3
64963;;;INTARIAN_PEPPER_ROOT;XIRECS;57058.0;6
66067;;;INTARIAN_PEPPER_ROOT;XIRECS;57055.0;6
67083;;;INTARIAN_PEPPER_ROOT;XIRECS;57072.0;5
67097;;;ASH_COATED_OSMIUM;XIRECS;9992.0;5
70213;;;INTARIAN_PEPPER_ROOT;XIRECS;57065.0;6
70846;;;ASH_COATED_OSMIUM;XIRECS;9986.0;7
71416;;;ASH_COATED_OSMIUM;XIRECS;9990.0;4
72590;;;INTARIAN_PEPPER_ROOT;XIRECS;57068.0;7
72824;;;INTARIAN_PEPPER_ROOT;XIRECS;57081.0;7
73674;;;ASH_COATED_OSMIUM;XIRECS;10022.0;7
74411;;;INTARIAN_PEPPER_ROOT;XIRECS;57083.0;4
74574;;;INTARIAN_PEPPER_ROOT;XIRECS;57066.0;4
75585;;;INTARIAN_PEPPER_ROOT;XIRECS;57083.0;3
77376;;;INTARIAN_PEPPER_ROOT;XIRECS;57068.0;5
78072;;;ASH_COATED_OSMIUM;XIRECS;9992.0;2
78486;;;ASH_COATED_OSMIUM;XIRECS;9993.0;6
78743;;;ASH_COATED_OSMIUM;XIRECS;10005.0;3
79699;;;ASH_COATED_OSMIUM;XIRECS;10015.0;10
80038;;;INTARIAN_PEPPER_ROOT;XIRECS;57072.0;5
80740;;;INTARIAN_PEPPER_ROOT;XIRECS;57081.0;7
81236;;;ASH_COATED_OSMIUM;XIRECS;10004.0;5
83479;;;ASH_COATED_OSMIUM;XIRECS;10014.0;5
88375;;;ASH_COATED_OSMIUM;XIRECS;9998.0;6
89014;;;INTARIAN_PEPPER_ROOT;XIRECS;57091.0;6
90183;;;INTARIAN_PEPPER_ROOT;XIRECS;57085.0;4
91241;;;ASH_COATED_OSMIUM;XIRECS;10011.0;5
91769;;;ASH_COATED_OSMIUM;XIRECS;9980.0;2
91811;;;INTARIAN_PEPPER_ROOT;XIRECS;57099.0;6
93547;;;ASH_COATED_OSMIUM;XIRECS;9989.0;5
95048;;;INTARIAN_PEPPER_ROOT;XIRECS;57089.0;6
98575;;;ASH_COATED_OSMIUM;XIRECS;9982.0;6
98801;;;INTARIAN_PEPPER_ROOT;XIRECS;57091.0;6
99075;;;INTARIAN_PEPPER_ROOT;XIRECS;57107.0;5
100710;;;INTARIAN_PEPPER_ROOT;XIRECS;57098.0;6
101518;;;ASH_COATED_OSMIUM;XIRECS;10009.0;4
103239;;;INTARIAN_PEPPER_ROOT;XIRECS;57108.0;5
104215;;;INTARIAN_PEPPER_ROOT;XIRECS;57114.0;5
104259;;;ASH_COATED_OSMIUM;XIRECS;9992.0;3
104314;;;ASH_COATED_OSMIUM;XIRECS;10010.0;2
108426;;;ASH_COATED_OSMIUM;XIRECS;9991.0;8
108943;;;INTARIAN_PEPPER_ROOT;XIRECS;57114.0;7
111844;;;ASH_COATED_OSMIUM;XIRECS;10020.0;4
112344;;;INTARIAN_PEPPER_ROOT;XIRECS;57102.0;6
113443;;;ASH_COATED_OSMIUM;XIRECS;10016.0;10
113495;;;ASH_COATED_OSMIUM;XIRECS;10016.0;3
114015;;;ASH_COATED_OSMIUM;XIRECS;10009.0;3
114282;;;ASH_COATED_OSMIUM;XIRECS;9991.0;2
114652;;;ASH_COATED_OSMIUM;XIRECS;10004.0;8
117172;;;ASH_COATED_OSMIUM;XIRECS;9986.0;6
117702;;;INTARIAN_PEPPER_ROOT;XIRECS;57125.0;4
118840;;;INTARIAN_PEPPER_ROOT;XIRECS;57132.0;7
119108;;;INTARIAN_PEPPER_ROOT;XIRECS;57113.0;7
120951;;;INTARIAN_PEPPER_ROOT;XIRECS;57127.0;3
124987;;;INTARIAN_PEPPER_ROOT;XIRECS;57114.0;5
128711;;;INTARIAN_PEPPER_ROOT;XIRECS;57126.0;3
129335;;;ASH_COATED_OSMIUM;XIRECS;10008.0;9
130208;;;INTARIAN_PEPPER_ROOT;XIRECS;57124.0;4
131036;;;INTARIAN_PEPPER_ROOT;XIRECS;57138.0;5
138321;;;ASH_COATED_OSMIUM;XIRECS;10001.0;6
138884;;;INTARIAN_PEPPER_ROOT;XIRECS;57130.0;6
142558;;;ASH_COATED_OSMIUM;XIRECS;9983.0;2
143478;;;ASH_COATED_OSMIUM;XIRECS;9980.0;8
145694;;;INTARIAN_PEPPER_ROOT;XIRECS;57154.0;7
150041;;;ASH_COATED_OSMIUM;XIRECS;10014.0;3
150718;;;ASH_COATED_OSMIUM;XIRECS;10001.0;5
152005;;;INTARIAN_PEPPER_ROOT;XIRECS;57160.0;3
152104;;;INTARIAN_PEPPER_ROOT;XIRECS;57143.0;3
152189;;;INTARIAN_PEPPER_ROOT;XIRECS;57160.0;3
152221;;;ASH_COATED_OSMIUM;XIRECS;9997.0;6
153413;;;ASH_COATED_OSMIUM;XIRECS;10000.0;5
154774;;;ASH_COATED_OSMIUM;XIRECS;10014.0;2
154840;;;ASH_COATED_OSMIUM;XIRECS;10000.0;5
156184;;;INTARIAN_PEPPER_ROOT;XIRECS;57161.0;3
156252;;;ASH_COATED_OSMIUM;XIRECS;10002.0;6
157628;;;ASH_COATED_OSMIUM;XIRECS;10013.0;3
157928;;;ASH_COATED_OSMIUM;XIRECS;10010.0;6
158160;;;ASH_COATED_OSMIUM;XIRECS;10004.0;9
158248;;;INTARIAN_PEPPER_ROOT;XIRECS;57164.0;6
158779;;;INTARIAN_PEPPER_ROOT;XIRECS;57148.0;7
160243;;;INTARIAN_PEPPER_ROOT;XIRECS;57165.0;7
165437;;;INTARIAN_PEPPER_ROOT;XIRECS;57170.0;5
168209;;;INTARIAN_PEPPER_ROOT;XIRECS;57178.0;8
168629;;;INTARIAN_PEPPER_ROOT;XIRECS;57159.0;4
169488;;;INTARIAN_PEPPER_ROOT;XIRECS;57165.0;6
170216;;;INTARIAN_PEPPER_ROOT;XIRECS;57173.0;4
170243;;;ASH_COATED_OSMIUM;XIRECS;10015.0;8
170735;;;ASH_COATED_OSMIUM;XIRECS;10007.0;3
171606;;;ASH_COATED_OSMIUM;XIRECS;10013.0;2
174275;;;INTARIAN_PEPPER_ROOT;XIRECS;57167.0;6
177164;;;INTARIAN_PEPPER_ROOT;XIRECS;57185.0;5
178814;;;INTARIAN_PEPPER_ROOT;XIRECS;57183.0;6
179027;;;ASH_COATED_OSMIUM;XIRECS;10019.0;3
183092;;;INTARIAN_PEPPER_ROOT;XIRECS;57176.0;7
183132;;;ASH_COATED_OSMIUM;XIRECS;9982.0;8
183477;;;INTARIAN_PEPPER_ROOT;XIRECS;57191.0;4
186201;;;ASH_COATED_OSMIUM;XIRECS;10013.0;3
187815;;;INTARIAN_PEPPER_ROOT;XIRECS;57199.0;3
188585;;;INTARIAN_PEPPER_ROOT;XIRECS;57195.0;5
189583;;;INTARIAN_PEPPER_ROOT;XIRECS;57199.0;6
189860;;;ASH_COATED_OSMIUM;XIRECS;10010.0;4
189920;;;ASH_COATED_OSMIUM;XIRECS;10015.0;10
198613;;;INTARIAN_PEPPER_ROOT;XIRECS;57203.0;3
199592;;;INTARIAN_PEPPER_ROOT;XIRECS;57205.0;6
199933;;;ASH_COATED_OSMIUM;XIRECS;10012.0;8
200298;;;ASH_COATED_OSMIUM;XIRECS;10014.0;2
201095;;;INTARIAN_PEPPER_ROOT;XIRECS;57209.0;3
201364;;;INTARIAN_PEPPER_ROOT;XIRECS;57202.0;4
205276;;;ASH_COATED_OSMIUM;XIRECS;10001.0;10
206053;;;ASH_COATED_OSMIUM;XIRECS;10002.0;4
209066;;;ASH_COATED_OSMIUM;XIRECS;9993.0;7
211975;;;ASH_COATED_OSMIUM;XIRECS;9989.0;4
213162;;;ASH_COATED_OSMIUM;XIRECS;9992.0;7
213851;;;INTARIAN_PEPPER_ROOT;XIRECS;57217.0;5
217762;;;ASH_COATED_OSMIUM;XIRECS;9986.0;3
218080;;;ASH_COATED_OSMIUM;XIRECS;9989.0;4
221665;;;INTARIAN_PEPPER_ROOT;XIRECS;57228.0;5
222474;;;INTARIAN_PEPPER_ROOT;XIRECS;57231.0;3
222567;;;ASH_COATED_OSMIUM;XIRECS;10013.0;5
224043;;;INTARIAN_PEPPER_ROOT;XIRECS;57231.0;7
225744;;;INTARIAN_PEPPER_ROOT;XIRECS;57237.0;3
226467;;;ASH_COATED_OSMIUM;XIRECS;10010.0;4
227082;;;INTARIAN_PEPPER_ROOT;XIRECS;57218.0;7
228004;;;ASH_COATED_OSMIUM;XIRECS;10016.0;4
228579;;;ASH_COATED_OSMIUM;XIRECS;10011.0;7
228785;;;INTARIAN_PEPPER_ROOT;XIRECS;57231.0;6
229909;;;ASH_COATED_OSMIUM;XIRECS;10007.0;4
230114;;;ASH_COATED_OSMIUM;XIRECS;9991.0;3
230656;;;ASH_COATED_OSMIUM;XIRECS;9984.0;6
231231;;;INTARIAN_PEPPER_ROOT;XIRECS;57236.0;4
232314;;;INTARIAN_PEPPER_ROOT;XIRECS;57235.0;5
237721;;;ASH_COATED_OSMIUM;XIRECS;10003.0;5
238107;;;INTARIAN_PEPPER_ROOT;XIRECS;57244.0;3
238939;;;ASH_COATED_OSMIUM;XIRECS;10002.0;9
240036;;;ASH_COATED_OSMIUM;XIRECS;10007.0;4
240516;;;INTARIAN_PEPPER_ROOT;XIRECS;57234.0;4
241575;;;INTARIAN_PEPPER_ROOT;XIRECS;57232.0;6
244274;;;INTARIAN_PEPPER_ROOT;XIRECS;57250.0;5
245886;;;INTARIAN_PEPPER_ROOT;XIRECS;57240.0;7
248037;;;ASH_COATED_OSMIUM;XIRECS;9987.0;2
250012;;;ASH_COATED_OSMIUM;XIRECS;9986.0;8
252007;;;INTARIAN_PEPPER_ROOT;XIRECS;57257.0;7
252228;;;ASH_COATED_OSMIUM;XIRECS;9987.0;5
252623;;;ASH_COATED_OSMIUM;XIRECS;9994.0;2
252787;;;ASH_COATED_OSMIUM;XIRECS;9988.0;5
253384;;;INTARIAN_PEPPER_ROOT;XIRECS;57242.0;4
254231;;;INTARIAN_PEPPER_ROOT;XIRECS;57246.0;5
255449;;;INTARIAN_PEPPER_ROOT;XIRECS;57250.0;7
257052;;;INTARIAN_PEPPER_ROOT;XIRECS;57254.0;6
257648;;;ASH_COATED_OSMIUM;XIRECS;9986.0;8
260422;;;INTARIAN_PEPPER_ROOT;XIRECS;57273.0;3
261017;;;ASH_COATED_OSMIUM;XIRECS;9979.0;5
261362;;;INTARIAN_PEPPER_ROOT;XIRECS;57271.0;5
261975;;;INTARIAN_PEPPER_ROOT;XIRECS;57255.0;4
262024;;;INTARIAN_PEPPER_ROOT;XIRECS;57272.0;5
262214;;;ASH_COATED_OSMIUM;XIRECS;10011.0;3
267558;;;ASH_COATED_OSMIUM;XIRECS;9991.0;8
267661;;;ASH_COATED_OSMIUM;XIRECS;10007.0;6
267947;;;ASH_COATED_OSMIUM;XIRECS;10019.0;5
268521;;;INTARIAN_PEPPER_ROOT;XIRECS;57278.0;6
268879;;;INTARIAN_PEPPER_ROOT;XIRECS;57261.0;3
269116;;;ASH_COATED_OSMIUM;XIRECS;9998.0;5
269249;;;INTARIAN_PEPPER_ROOT;XIRECS;57263.0;6
270465;;;ASH_COATED_OSMIUM;XIRECS;10009.0;8
270789;;;INTARIAN_PEPPER_ROOT;XIRECS;57281.0;3
272398;;;ASH_COATED_OSMIUM;XIRECS;9998.0;6
273682;;;INTARIAN_PEPPER_ROOT;XIRECS;57266.0;3
273969;;;INTARIAN_PEPPER_ROOT;XIRECS;57262.0;3
276065;;;INTARIAN_PEPPER_ROOT;XIRECS;57285.0;5
277754;;;INTARIAN_PEPPER_ROOT;XIRECS;57272.0;6
279629;;;ASH_COATED_OSMIUM;XIRECS;10010.0;9
281195;;;INTARIAN_PEPPER_ROOT;XIRECS;57271.0;7
281632;;;ASH_COATED_OSMIUM;XIRECS;10009.0;8
283061;;;INTARIAN_PEPPER_ROOT;XIRECS;57281.0;3
284274;;;INTARIAN_PEPPER_ROOT;XIRECS;57293.0;5
286746;;;ASH_COATED_OSMIUM;XIRECS;10008.0;7
287552;;;INTARIAN_PEPPER_ROOT;XIRECS;57294.0;5
288136;;;ASH_COATED_OSMIUM;XIRECS;9994.0;9
288387;;;ASH_COATED_OSMIUM;XIRECS;9988.0;3
289879;;;ASH_COATED_OSMIUM;XIRECS;9974.0;3
290771;;;INTARIAN_PEPPER_ROOT;XIRECS;57284.0;5
291792;;;ASH_COATED_OSMIUM;XIRECS;9999.0;8
291823;;;INTARIAN_PEPPER_ROOT;XIRECS;57285.0;3
295238;;;INTARIAN_PEPPER_ROOT;XIRECS;57289.0;5
296809;;;INTARIAN_PEPPER_ROOT;XIRECS;57291.0;3
298002;;;INTARIAN_PEPPER_ROOT;XIRECS;57295.0;6
298379;;;ASH_COATED_OSMIUM;XIRECS;9991.0;5
298716;;;INTARIAN_PEPPER_ROOT;XIRECS;57293.0;7
299675;;;ASH_COATED_OSMIUM;XIRECS;9984.0;4
299834;;;INTARIAN_PEPPER_ROOT;XIRECS;57294.0;7
300910;;;INTARIAN_PEPPER_ROOT;XIRECS;57311.0;3
301060;;;INTARIAN_PEPPER_ROOT;XIRECS;57297.0;7
301231;;;ASH_COATED_OSMIUM;XIRECS;10005.0;3
304489;;;ASH_COATED_OSMIUM;XIRECS;9997.0;5
305369;;;INTARIAN_PEPPER_ROOT;XIRECS;57313.0;6
306811;;;ASH_COATED_OSMIUM;XIRECS;10004.0;6
310691;;;INTARIAN_PEPPER_ROOT;XIRECS;57310.0;7
312125;;;ASH_COATED_OSMIUM;XIRECS;10009.0;10
312530;;;ASH_COATED_OSMIUM;XIRECS;10002.0;5
312969;;;ASH_COATED_OSMIUM;XIRECS;10008.0;3
314320;;;ASH_COATED_OSMIUM;XIRECS;9980.0;10
316758;;;ASH_COATED_OSMIUM;XIRECS;10011.0;5
317519;;;INTARIAN_PEPPER_ROOT;XIRECS;57310.0;7
317816;;;ASH_COATED_OSMIUM;XIRECS;9996.0;6
318548;;;ASH_COATED_OSMIUM;XIRECS;9990.0;5
318901;;;INTARIAN_PEPPER_ROOT;XIRECS;57312.0;4
319206;;;INTARIAN_PEPPER_ROOT;XIRECS;57310.0;7
321854;;;INTARIAN_PEPPER_ROOT;XIRECS;57318.0;6
322305;;;ASH_COATED_OSMIUM;XIRECS;9999.0;5
323498;;;ASH_COATED_OSMIUM;XIRECS;9993.0;4
325473;;;ASH_COATED_OSMIUM;XIRECS;10008.0;6
326452;;;ASH_COATED_OSMIUM;XIRECS;10012.0;3
329569;;;INTARIAN_PEPPER_ROOT;XIRECS;57322.0;6
330258;;;ASH_COATED_OSMIUM;XIRECS;10011.0;6
330644;;;ASH_COATED_OSMIUM;XIRECS;10008.0;3
330758;;;INTARIAN_PEPPER_ROOT;XIRECS;57341.0;3
330882;;;ASH_COATED_OSMIUM;XIRECS;10001.0;10
334515;;;ASH_COATED_OSMIUM;XIRECS;10007.0;7
334867;;;INTARIAN_PEPPER_ROOT;XIRECS;57329.0;5
335029;;;INTARIAN_PEPPER_ROOT;XIRECS;57335.0;6
335347;;;INTARIAN_PEPPER_ROOT;XIRECS;57332.0;6
336035;;;INTARIAN_PEPPER_ROOT;XIRECS;57342.0;7
337027;;;ASH_COATED_OSMIUM;XIRECS;9994.0;7
337242;;;ASH_COATED_OSMIUM;XIRECS;9989.0;7
339352;;;ASH_COATED_OSMIUM;XIRECS;9992.0;3
340932;;;ASH_COATED_OSMIUM;XIRECS;9994.0;8
343668;;;INTARIAN_PEPPER_ROOT;XIRECS;57339.0;7
344069;;;ASH_COATED_OSMIUM;XIRECS;9999.0;5
344798;;;ASH_COATED_OSMIUM;XIRECS;10012.0;7
346558;;;ASH_COATED_OSMIUM;XIRECS;9992.0;5
350062;;;ASH_COATED_OSMIUM;XIRECS;10010.0;5
351608;;;ASH_COATED_OSMIUM;XIRECS;10006.0;8
355554;;;INTARIAN_PEPPER_ROOT;XIRECS;57359.0;4
357564;;;INTARIAN_PEPPER_ROOT;XIRECS;57363.0;5
360337;;;INTARIAN_PEPPER_ROOT;XIRECS;57354.0;3
362635;;;ASH_COATED_OSMIUM;XIRECS;9985.0;7
363116;;;INTARIAN_PEPPER_ROOT;XIRECS;57356.0;7
364586;;;INTARIAN_PEPPER_ROOT;XIRECS;57371.0;3
365064;;;ASH_COATED_OSMIUM;XIRECS;10011.0;6
371886;;;ASH_COATED_OSMIUM;XIRECS;9984.0;9
372142;;;INTARIAN_PEPPER_ROOT;XIRECS;57380.0;3
372517;;;INTARIAN_PEPPER_ROOT;XIRECS;57384.0;5
375057;;;ASH_COATED_OSMIUM;XIRECS;9990.0;5
375615;;;ASH_COATED_OSMIUM;XIRECS;10000.0;9
376652;;;ASH_COATED_OSMIUM;XIRECS;9997.0;6
378594;;;ASH_COATED_OSMIUM;XIRECS;10007.0;3
383256;;;ASH_COATED_OSMIUM;XIRECS;9995.0;4
383514;;;ASH_COATED_OSMIUM;XIRECS;10007.0;5
384328;;;ASH_COATED_OSMIUM;XIRECS;10017.0;3
385718;;;INTARIAN_PEPPER_ROOT;XIRECS;57391.0;8
385915;;;ASH_COATED_OSMIUM;XIRECS;9993.0;6
387279;;;ASH_COATED_OSMIUM;XIRECS;9984.0;10
388351;;;ASH_COATED_OSMIUM;XIRECS;9993.0;2
389996;;;ASH_COATED_OSMIUM;XIRECS;9997.0;4
390495;;;ASH_COATED_OSMIUM;XIRECS;10013.0;5
391226;;;INTARIAN_PEPPER_ROOT;XIRECS;57384.0;6
392045;;;ASH_COATED_OSMIUM;XIRECS;10017.0;8
392236;;;INTARIAN_PEPPER_ROOT;XIRECS;57382.0;3
393093;;;ASH_COATED_OSMIUM;XIRECS;10004.0;2
393668;;;ASH_COATED_OSMIUM;XIRECS;9997.0;7
394219;;;INTARIAN_PEPPER_ROOT;XIRECS;57390.0;6
394488;;;ASH_COATED_OSMIUM;XIRECS;10012.0;10
395168;;;ASH_COATED_OSMIUM;XIRECS;10007.0;5
395564;;;INTARIAN_PEPPER_ROOT;XIRECS;57389.0;4
398380;;;ASH_COATED_OSMIUM;XIRECS;10006.0;4
399466;;;INTARIAN_PEPPER_ROOT;XIRECS;57411.0;7
400004;;;INTARIAN_PEPPER_ROOT;XIRECS;57408.0;5
401569;;;INTARIAN_PEPPER_ROOT;XIRECS;57397.0;5
402422;;;ASH_COATED_OSMIUM;XIRECS;9991.0;3
403130;;;INTARIAN_PEPPER_ROOT;XIRECS;57412.0;3
404019;;;ASH_COATED_OSMIUM;XIRECS;10009.0;10
405723;;;INTARIAN_PEPPER_ROOT;XIRECS;57399.0;6
407295;;;INTARIAN_PEPPER_ROOT;XIRECS;57399.0;5
409776;;;ASH_COATED_OSMIUM;XIRECS;10012.0;5
412344;;;ASH_COATED_OSMIUM;XIRECS;9998.0;5
412602;;;INTARIAN_PEPPER_ROOT;XIRECS;57419.0;6
414465;;;INTARIAN_PEPPER_ROOT;XIRECS;57406.0;3
416853;;;ASH_COATED_OSMIUM;XIRECS;9999.0;10
419232;;;ASH_COATED_OSMIUM;XIRECS;10003.0;2
419348;;;ASH_COATED_OSMIUM;XIRECS;10001.0;2
420888;;;ASH_COATED_OSMIUM;XIRECS;9997.0;6
421357;;;ASH_COATED_OSMIUM;XIRECS;10001.0;5
422442;;;ASH_COATED_OSMIUM;XIRECS;10009.0;3
424614;;;INTARIAN_PEPPER_ROOT;XIRECS;57433.0;6
424624;;;ASH_COATED_OSMIUM;XIRECS;10011.0;10
425102;;;INTARIAN_PEPPER_ROOT;XIRECS;57431.0;3
426764;;;INTARIAN_PEPPER_ROOT;XIRECS;57422.0;4
427912;;;INTARIAN_PEPPER_ROOT;XIRECS;57418.0;8
431007;;;INTARIAN_PEPPER_ROOT;XIRECS;57427.0;5
433763;;;INTARIAN_PEPPER_ROOT;XIRECS;57440.0;7
434072;;;ASH_COATED_OSMIUM;XIRECS;10017.0;4
435255;;;INTARIAN_PEPPER_ROOT;XIRECS;57442.0;4
437074;;;INTARIAN_PEPPER_ROOT;XIRECS;57430.0;5
437554;;;INTARIAN_PEPPER_ROOT;XIRECS;57431.0;7
439141;;;INTARIAN_PEPPER_ROOT;XIRECS;57432.0;6
440327;;;INTARIAN_PEPPER_ROOT;XIRECS;57433.0;6
441680;;;ASH_COATED_OSMIUM;XIRECS;9999.0;2
442772;;;INTARIAN_PEPPER_ROOT;XIRECS;57451.0;7
444358;;;INTARIAN_PEPPER_ROOT;XIRECS;57437.0;7
445435;;;ASH_COATED_OSMIUM;XIRECS;9996.0;2
446403;;;ASH_COATED_OSMIUM;XIRECS;10003.0;4
449356;;;INTARIAN_PEPPER_ROOT;XIRECS;57444.0;7
451313;;;ASH_COATED_OSMIUM;XIRECS;9993.0;6
454396;;;ASH_COATED_OSMIUM;XIRECS;10019.0;2
456695;;;INTARIAN_PEPPER_ROOT;XIRECS;57455.0;7
457600;;;ASH_COATED_OSMIUM;XIRECS;9993.0;2
457940;;;ASH_COATED_OSMIUM;XIRECS;9991.0;2
458333;;;ASH_COATED_OSMIUM;XIRECS;10005.0;5
459242;;;INTARIAN_PEPPER_ROOT;XIRECS;57469.0;5
460255;;;ASH_COATED_OSMIUM;XIRECS;10007.0;5
461889;;;ASH_COATED_OSMIUM;XIRECS;10009.0;3
462593;;;ASH_COATED_OSMIUM;XIRECS;10014.0;6
462597;;;INTARIAN_PEPPER_ROOT;XIRECS;57468.0;8
464308;;;ASH_COATED_OSMIUM;XIRECS;10010.0;6
468438;;;ASH_COATED_OSMIUM;XIRECS;9990.0;8
468556;;;ASH_COATED_OSMIUM;XIRECS;10010.0;9
469253;;;ASH_COATED_OSMIUM;XIRECS;9988.0;5
469599;;;INTARIAN_PEPPER_ROOT;XIRECS;57479.0;3
470568;;;ASH_COATED_OSMIUM;XIRECS;9984.0;3
470725;;;INTARIAN_PEPPER_ROOT;XIRECS;57464.0;3
473352;;;ASH_COATED_OSMIUM;XIRECS;10011.0;5
473507;;;INTARIAN_PEPPER_ROOT;XIRECS;57484.0;7
473673;;;INTARIAN_PEPPER_ROOT;XIRECS;57481.0;7
476007;;;INTARIAN_PEPPER_ROOT;XIRECS;57471.0;3
476989;;;INTARIAN_PEPPER_ROOT;XIRECS;57483.0;6
478031;;;ASH_COATED_OSMIUM;XIRECS;9990.0;2
478680;;;INTARIAN_PEPPER_ROOT;XIRECS;57470.0;6
480315;;;INTARIAN_PEPPER_ROOT;XIRECS;57486.0;6
482283;;;ASH_COATED_OSMIUM;XIRECS;9993.0;9
482996;;;ASH_COATED_OSMIUM;XIRECS;9992.0;5
483355;;;INTARIAN_PEPPER_ROOT;XIRECS;57490.0;7
483568;;;INTARIAN_PEPPER_ROOT;XIRECS;57479.0;5
487443;;;INTARIAN_PEPPER_ROOT;XIRECS;57493.0;5
488145;;;INTARIAN_PEPPER_ROOT;XIRECS;57496.0;8
491281;;;INTARIAN_PEPPER_ROOT;XIRECS;57484.0;3
492257;;;INTARIAN_PEPPER_ROOT;XIRECS;57487.0;6
492481;;;INTARIAN_PEPPER_ROOT;XIRECS;57498.0;7
493540;;;ASH_COATED_OSMIUM;XIRECS;10003.0;6
493786;;;ASH_COATED_OSMIUM;XIRECS;10012.0;3
495563;;;INTARIAN_PEPPER_ROOT;XIRECS;57485.0;4
496472;;;INTARIAN_PEPPER_ROOT;XIRECS;57490.0;5
497819;;;ASH_COATED_OSMIUM;XIRECS;10017.0;3
500677;;;ASH_COATED_OSMIUM;XIRECS;10012.0;10
500845;;;ASH_COATED_OSMIUM;XIRECS;10003.0;4
501113;;;ASH_COATED_OSMIUM;XIRECS;9993.0;7
502542;;;INTARIAN_PEPPER_ROOT;XIRECS;57507.0;6
502566;;;INTARIAN_PEPPER_ROOT;XIRECS;57507.0;3
502575;;;INTARIAN_PEPPER_ROOT;XIRECS;57492.0;4
506180;;;ASH_COATED_OSMIUM;XIRECS;10009.0;5
506527;;;INTARIAN_PEPPER_ROOT;XIRECS;57500.0;4
508090;;;INTARIAN_PEPPER_ROOT;XIRECS;57497.0;7
508304;;;INTARIAN_PEPPER_ROOT;XIRECS;57501.0;7
508315;;;INTARIAN_PEPPER_ROOT;XIRECS;57515.0;5
508752;;;ASH_COATED_OSMIUM;XIRECS;9987.0;10
509507;;;ASH_COATED_OSMIUM;XIRECS;10010.0;3
513235;;;ASH_COATED_OSMIUM;XIRECS;10005.0;3
516802;;;ASH_COATED_OSMIUM;XIRECS;10004.0;6
522804;;;ASH_COATED_OSMIUM;XIRECS;10012.0;3
523137;;;ASH_COATED_OSMIUM;XIRECS;10018.0;4
523648;;;ASH_COATED_OSMIUM;XIRECS;10000.0;5
526292;;;ASH_COATED_OSMIUM;XIRECS;9999.0;3
527201;;;INTARIAN_PEPPER_ROOT;XIRECS;57536.0;6
528321;;;INTARIAN_PEPPER_ROOT;XIRECS;57532.0;3
529485;;;INTARIAN_PEPPER_ROOT;XIRECS;57524.0;5
530329;;;INTARIAN_PEPPER_ROOT;XIRECS;57528.0;3
535524;;;ASH_COATED_OSMIUM;XIRECS;9999.0;5
541413;;;INTARIAN_PEPPER_ROOT;XIRECS;57542.0;6
542903;;;INTARIAN_PEPPER_ROOT;XIRECS;57538.0;3
544643;;;INTARIAN_PEPPER_ROOT;XIRECS;57552.0;3
546000;;;ASH_COATED_OSMIUM;XIRECS;9991.0;5
547108;;;ASH_COATED_OSMIUM;XIRECS;10005.0;7
548359;;;ASH_COATED_OSMIUM;XIRECS;10003.0;5
549643;;;INTARIAN_PEPPER_ROOT;XIRECS;57556.0;5
550688;;;ASH_COATED_OSMIUM;XIRECS;10011.0;2
551242;;;INTARIAN_PEPPER_ROOT;XIRECS;57540.0;4
551947;;;ASH_COATED_OSMIUM;XIRECS;9992.0;4
553179;;;ASH_COATED_OSMIUM;XIRECS;9989.0;6
558167;;;INTARIAN_PEPPER_ROOT;XIRECS;57552.0;3
559222;;;INTARIAN_PEPPER_ROOT;XIRECS;57561.0;7
559899;;;INTARIAN_PEPPER_ROOT;XIRECS;57558.0;3
561175;;;ASH_COATED_OSMIUM;XIRECS;9999.0;10
561904;;;ASH_COATED_OSMIUM;XIRECS;9993.0;6
563872;;;INTARIAN_PEPPER_ROOT;XIRECS;57557.0;4
563988;;;INTARIAN_PEPPER_ROOT;XIRECS;57556.0;6
564159;;;ASH_COATED_OSMIUM;XIRECS;10014.0;10
565484;;;INTARIAN_PEPPER_ROOT;XIRECS;57567.0;3
571217;;;INTARIAN_PEPPER_ROOT;XIRECS;57567.0;7
571973;;;ASH_COATED_OSMIUM;XIRECS;9999.0;6
572981;;;ASH_COATED_OSMIUM;XIRECS;9983.0;2
574813;;;INTARIAN_PEPPER_ROOT;XIRECS;57566.0;5
575206;;;INTARIAN_PEPPER_ROOT;XIRECS;57566.0;5
575324;;;ASH_COATED_OSMIUM;XIRECS;10010.0;2
575654;;;INTARIAN_PEPPER_ROOT;XIRECS;57569.0;3
576514;;;ASH_COATED_OSMIUM;XIRECS;10011.0;2
577191;;;ASH_COATED_OSMIUM;XIRECS;10015.0;3
577262;;;INTARIAN_PEPPER_ROOT;XIRECS;57572.0;5
577593;;;ASH_COATED_OSMIUM;XIRECS;10012.0;2
577740;;;ASH_COATED_OSMIUM;XIRECS;10008.0;7
578151;;;INTARIAN_PEPPER_ROOT;XIRECS;57589.0;6
578819;;;ASH_COATED_OSMIUM;XIRECS;9995.0;4
581050;;;INTARIAN_PEPPER_ROOT;XIRECS;57574.0;4
581219;;;INTARIAN_PEPPER_ROOT;XIRECS;57586.0;3
584812;;;INTARIAN_PEPPER_ROOT;XIRECS;57576.0;4
585366;;;ASH_COATED_OSMIUM;XIRECS;10001.0;3
588783;;;INTARIAN_PEPPER_ROOT;XIRECS;57596.0;6
590211;;;ASH_COATED_OSMIUM;XIRECS;9986.0;3
590724;;;ASH_COATED_OSMIUM;XIRECS;10012.0;4
593009;;;INTARIAN_PEPPER_ROOT;XIRECS;57584.0;8
593557;;;INTARIAN_PEPPER_ROOT;XIRECS;57589.0;3
593616;;;ASH_COATED_OSMIUM;XIRECS;9995.0;5
595669;;;INTARIAN_PEPPER_ROOT;XIRECS;57590.0;7
598353;;;ASH_COATED_OSMIUM;XIRECS;10010.0;2
598494;;;ASH_COATED_OSMIUM;XIRECS;10011.0;8
598607;;;INTARIAN_PEPPER_ROOT;XIRECS;57608.0;3
599349;;;INTARIAN_PEPPER_ROOT;XIRECS;57607.0;5
601012;;;ASH_COATED_OSMIUM;XIRECS;10001.0;2
603582;;;ASH_COATED_OSMIUM;XIRECS;9987.0;3
605906;;;ASH_COATED_OSMIUM;XIRECS;9995.0;6
605971;;;ASH_COATED_OSMIUM;XIRECS;9995.0;6
607506;;;INTARIAN_PEPPER_ROOT;XIRECS;57603.0;6
608288;;;INTARIAN_PEPPER_ROOT;XIRECS;57618.0;5
608504;;;INTARIAN_PEPPER_ROOT;XIRECS;57611.0;7
608547;;;ASH_COATED_OSMIUM;XIRECS;10017.0;5
608760;;;ASH_COATED_OSMIUM;XIRECS;9999.0;7
612792;;;ASH_COATED_OSMIUM;XIRECS;9996.0;2
613949;;;ASH_COATED_OSMIUM;XIRECS;9983.0;4
616000;;;ASH_COATED_OSMIUM;XIRECS;10010.0;2
618458;;;ASH_COATED_OSMIUM;XIRECS;9981.0;7
619839;;;ASH_COATED_OSMIUM;XIRECS;9996.0;9
621285;;;ASH_COATED_OSMIUM;XIRECS;9981.0;3
621486;;;ASH_COATED_OSMIUM;XIRECS;9986.0;5
622864;;;INTARIAN_PEPPER_ROOT;XIRECS;57617.0;4
624551;;;ASH_COATED_OSMIUM;XIRECS;9988.0;5
624771;;;ASH_COATED_OSMIUM;XIRECS;9991.0;3
626470;;;ASH_COATED_OSMIUM;XIRECS;9994.0;9
630446;;;INTARIAN_PEPPER_ROOT;XIRECS;57639.0;4
631395;;;ASH_COATED_OSMIUM;XIRECS;10016.0;10
631630;;;INTARIAN_PEPPER_ROOT;XIRECS;57623.0;4
632230;;;INTARIAN_PEPPER_ROOT;XIRECS;57622.0;3
633986;;;ASH_COATED_OSMIUM;XIRECS;9990.0;2
634372;;;ASH_COATED_OSMIUM;XIRECS;10007.0;4
635602;;;ASH_COATED_OSMIUM;XIRECS;10015.0;5
635638;;;INTARIAN_PEPPER_ROOT;XIRECS;57634.0;4
638067;;;INTARIAN_PEPPER_ROOT;XIRECS;57644.0;7
639040;;;INTARIAN_PEPPER_ROOT;XIRECS;57652.0;5
639264;;;ASH_COATED_OSMIUM;XIRECS;9988.0;2
640067;;;ASH_COATED_OSMIUM;XIRECS;10001.0;2
640145;;;INTARIAN_PEPPER_ROOT;XIRECS;57646.0;5
641198;;;INTARIAN_PEPPER_ROOT;XIRECS;57635.0;4
641240;;;INTARIAN_PEPPER_ROOT;XIRECS;57634.0;3
642778;;;INTARIAN_PEPPER_ROOT;XIRECS;57649.0;6
642855;;;ASH_COATED_OSMIUM;XIRECS;10000.0;9
643729;;;ASH_COATED_OSMIUM;XIRECS;9987.0;4
645309;;;INTARIAN_PEPPER_ROOT;XIRECS;57640.0;8
645799;;;ASH_COATED_OSMIUM;XIRECS;10004.0;3
647014;;;ASH_COATED_OSMIUM;XIRECS;9993.0;3
647542;;;INTARIAN_PEPPER_ROOT;XIRECS;57639.0;6
648481;;;ASH_COATED_OSMIUM;XIRECS;9998.0;6
650745;;;INTARIAN_PEPPER_ROOT;XIRECS;57647.0;6
651794;;;ASH_COATED_OSMIUM;XIRECS;10008.0;9
654402;;;ASH_COATED_OSMIUM;XIRECS;9992.0;6
655184;;;ASH_COATED_OSMIUM;XIRECS;10004.0;6
656445;;;INTARIAN_PEPPER_ROOT;XIRECS;57663.0;5
658161;;;INTARIAN_PEPPER_ROOT;XIRECS;57656.0;6
662739;;;ASH_COATED_OSMIUM;XIRECS;10006.0;5
663960;;;ASH_COATED_OSMIUM;XIRECS;9994.0;2
665328;;;ASH_COATED_OSMIUM;XIRECS;9992.0;6
668448;;;ASH_COATED_OSMIUM;XIRECS;9991.0;4
668902;;;ASH_COATED_OSMIUM;XIRECS;9982.0;6
671676;;;INTARIAN_PEPPER_ROOT;XIRECS;57678.0;4
671840;;;ASH_COATED_OSMIUM;XIRECS;9985.0;5
672449;;;INTARIAN_PEPPER_ROOT;XIRECS;57664.0;4
673666;;;ASH_COATED_OSMIUM;XIRECS;10007.0;5
674128;;;INTARIAN_PEPPER_ROOT;XIRECS;57669.0;3
674943;;;INTARIAN_PEPPER_ROOT;XIRECS;57668.0;5
675788;;;ASH_COATED_OSMIUM;XIRECS;10008.0;9
677177;;;ASH_COATED_OSMIUM;XIRECS;10003.0;5
679174;;;INTARIAN_PEPPER_ROOT;XIRECS;57673.0;6
680063;;;ASH_COATED_OSMIUM;XIRECS;10013.0;3
680507;;;ASH_COATED_OSMIUM;XIRECS;10000.0;10
680952;;;ASH_COATED_OSMIUM;XIRECS;9985.0;10
681261;;;INTARIAN_PEPPER_ROOT;XIRECS;57688.0;7
681373;;;INTARIAN_PEPPER_ROOT;XIRECS;57687.0;7
682424;;;INTARIAN_PEPPER_ROOT;XIRECS;57690.0;7
682562;;;INTARIAN_PEPPER_ROOT;XIRECS;57691.0;4
682858;;;ASH_COATED_OSMIUM;XIRECS;10008.0;8
683009;;;INTARIAN_PEPPER_ROOT;XIRECS;57688.0;5
686065;;;INTARIAN_PEPPER_ROOT;XIRECS;57690.0;3
687666;;;INTARIAN_PEPPER_ROOT;XIRECS;57684.0;7
688616;;;INTARIAN_PEPPER_ROOT;XIRECS;57681.0;3
690957;;;INTARIAN_PEPPER_ROOT;XIRECS;57687.0;4
691440;;;ASH_COATED_OSMIUM;XIRECS;9988.0;2
692368;;;INTARIAN_PEPPER_ROOT;XIRECS;57695.0;5
692515;;;INTARIAN_PEPPER_ROOT;XIRECS;57687.0;4
693015;;;ASH_COATED_OSMIUM;XIRECS;10007.0;2
693653;;;ASH_COATED_OSMIUM;XIRECS;9988.0;4
694059;;;INTARIAN_PEPPER_ROOT;XIRECS;57701.0;3
694295;;;INTARIAN_PEPPER_ROOT;XIRECS;57704.0;3
695151;;;ASH_COATED_OSMIUM;XIRECS;9993.0;6
695183;;;ASH_COATED_OSMIUM;XIRECS;9993.0;4
696464;;;ASH_COATED_OSMIUM;XIRECS;10007.0;5
697841;;;ASH_COATED_OSMIUM;XIRECS;9994.0;6
700035;;;INTARIAN_PEPPER_ROOT;XIRECS;57690.0;8
700892;;;ASH_COATED_OSMIUM;XIRECS;10008.0;10
701020;;;INTARIAN_PEPPER_ROOT;XIRECS;57708.0;6
701088;;;INTARIAN_PEPPER_ROOT;XIRECS;57695.0;8
703143;;;ASH_COATED_OSMIUM;XIRECS;10000.0;5
703266;;;INTARIAN_PEPPER_ROOT;XIRECS;57709.0;8
704066;;;ASH_COATED_OSMIUM;XIRECS;10004.0;2
705111;;;INTARIAN_PEPPER_ROOT;XIRECS;57711.0;6
705651;;;ASH_COATED_OSMIUM;XIRECS;10002.0;3
707139;;;ASH_COATED_OSMIUM;XIRECS;10011.0;5
707554;;;INTARIAN_PEPPER_ROOT;XIRECS;57716.0;4
713703;;;ASH_COATED_OSMIUM;XIRECS;9987.0;10
714535;;;ASH_COATED_OSMIUM;XIRECS;10000.0;5
715876;;;ASH_COATED_OSMIUM;XIRECS;9993.0;5
716771;;;ASH_COATED_OSMIUM;XIRECS;9985.0;3
720040;;;ASH_COATED_OSMIUM;XIRECS;9996.0;4
720197;;;ASH_COATED_OSMIUM;XIRECS;9999.0;4
721191;;;ASH_COATED_OSMIUM;XIRECS;9992.0;9
721907;;;ASH_COATED_OSMIUM;XIRECS;10013.0;2
723306;;;ASH_COATED_OSMIUM;XIRECS;10014.0;5
724214;;;ASH_COATED_OSMIUM;XIRECS;10001.0;6
726377;;;ASH_COATED_OSMIUM;XIRECS;10012.0;5
728915;;;ASH_COATED_OSMIUM;XIRECS;9997.0;2
734537;;;INTARIAN_PEPPER_ROOT;XIRECS;57741.0;8
735908;;;ASH_COATED_OSMIUM;XIRECS;9985.0;3
736812;;;ASH_COATED_OSMIUM;XIRECS;10006.0;6
740510;;;ASH_COATED_OSMIUM;XIRECS;9988.0;6
740688;;;INTARIAN_PEPPER_ROOT;XIRECS;57748.0;6
742838;;;ASH_COATED_OSMIUM;XIRECS;9992.0;5
743823;;;INTARIAN_PEPPER_ROOT;XIRECS;57749.0;3
744210;;;INTARIAN_PEPPER_ROOT;XIRECS;57753.0;5
746247;;;INTARIAN_PEPPER_ROOT;XIRECS;57739.0;6
747284;;;INTARIAN_PEPPER_ROOT;XIRECS;57741.0;7
748567;;;ASH_COATED_OSMIUM;XIRECS;9992.0;7
748890;;;INTARIAN_PEPPER_ROOT;XIRECS;57746.0;7
748918;;;ASH_COATED_OSMIUM;XIRECS;9992.0;6
751181;;;INTARIAN_PEPPER_ROOT;XIRECS;57753.0;6
756230;;;ASH_COATED_OSMIUM;XIRECS;9988.0;5
757640;;;ASH_COATED_OSMIUM;XIRECS;10002.0;6
760304;;;INTARIAN_PEPPER_ROOT;XIRECS;57756.0;5
761196;;;ASH_COATED_OSMIUM;XIRECS;9990.0;6
761214;;;INTARIAN_PEPPER_ROOT;XIRECS;57760.0;6
761229;;;ASH_COATED_OSMIUM;XIRECS;9994.0;2
763129;;;ASH_COATED_OSMIUM;XIRECS;9987.0;2
763161;;;ASH_COATED_OSMIUM;XIRECS;9987.0;10
766841;;;ASH_COATED_OSMIUM;XIRECS;10007.0;3
768008;;;ASH_COATED_OSMIUM;XIRECS;10006.0;3
768938;;;ASH_COATED_OSMIUM;XIRECS;10009.0;5
769594;;;INTARIAN_PEPPER_ROOT;XIRECS;57774.0;3
769634;;;INTARIAN_PEPPER_ROOT;XIRECS;57776.0;4
769986;;;ASH_COATED_OSMIUM;XIRECS;10014.0;10
773403;;;ASH_COATED_OSMIUM;XIRECS;10007.0;8
774461;;;ASH_COATED_OSMIUM;XIRECS;9989.0;2
775385;;;INTARIAN_PEPPER_ROOT;XIRECS;57770.0;4
776543;;;INTARIAN_PEPPER_ROOT;XIRECS;57779.0;5
776612;;;INTARIAN_PEPPER_ROOT;XIRECS;57769.0;5
777347;;;ASH_COATED_OSMIUM;XIRECS;10012.0;3
781191;;;ASH_COATED_OSMIUM;XIRECS;10011.0;9
782214;;;ASH_COATED_OSMIUM;XIRECS;10004.0;3
782933;;;ASH_COATED_OSMIUM;XIRECS;9978.0;5
783920;;;ASH_COATED_OSMIUM;XIRECS;9991.0;3
784047;;;ASH_COATED_OSMIUM;XIRECS;9996.0;3
785542;;;ASH_COATED_OSMIUM;XIRECS;9988.0;5
785926;;;INTARIAN_PEPPER_ROOT;XIRECS;57790.0;4
786867;;;INTARIAN_PEPPER_ROOT;XIRECS;57781.0;3
787172;;;INTARIAN_PEPPER_ROOT;XIRECS;57781.0;6
787699;;;INTARIAN_PEPPER_ROOT;XIRECS;57781.0;5
788080;;;ASH_COATED_OSMIUM;XIRECS;10007.0;2
789788;;;INTARIAN_PEPPER_ROOT;XIRECS;57794.0;4
789968;;;INTARIAN_PEPPER_ROOT;XIRECS;57782.0;7
792294;;;ASH_COATED_OSMIUM;XIRECS;10002.0;6
792566;;;INTARIAN_PEPPER_ROOT;XIRECS;57786.0;8
795110;;;ASH_COATED_OSMIUM;XIRECS;9991.0;4
795662;;;ASH_COATED_OSMIUM;XIRECS;10010.0;2
797905;;;ASH_COATED_OSMIUM;XIRECS;10013.0;5
799491;;;ASH_COATED_OSMIUM;XIRECS;10018.0;5
801608;;;ASH_COATED_OSMIUM;XIRECS;9993.0;3
802666;;;INTARIAN_PEPPER_ROOT;XIRECS;57794.0;5
807126;;;ASH_COATED_OSMIUM;XIRECS;10002.0;3
807348;;;INTARIAN_PEPPER_ROOT;XIRECS;57816.0;5
809201;;;INTARIAN_PEPPER_ROOT;XIRECS;57814.0;6
809274;;;ASH_COATED_OSMIUM;XIRECS;10006.0;5
809407;;;ASH_COATED_OSMIUM;XIRECS;10008.0;4
809510;;;ASH_COATED_OSMIUM;XIRECS;9990.0;2
810691;;;INTARIAN_PEPPER_ROOT;XIRECS;57806.0;3
811202;;;INTARIAN_PEPPER_ROOT;XIRECS;57806.0;4
814043;;;ASH_COATED_OSMIUM;XIRECS;9996.0;5
817137;;;ASH_COATED_OSMIUM;XIRECS;10007.0;4
818695;;;INTARIAN_PEPPER_ROOT;XIRECS;57809.0;6
819017;;;INTARIAN_PEPPER_ROOT;XIRECS;57810.0;5
819106;;;ASH_COATED_OSMIUM;XIRECS;9995.0;6
820143;;;INTARIAN_PEPPER_ROOT;XIRECS;57814.0;7
820888;;;INTARIAN_PEPPER_ROOT;XIRECS;57829.0;3
821577;;;ASH_COATED_OSMIUM;XIRECS;10011.0;8
823426;;;ASH_COATED_OSMIUM;XIRECS;9999.0;3
827210;;;ASH_COATED_OSMIUM;XIRECS;10002.0;5
829328;;;ASH_COATED_OSMIUM;XIRECS;10012.0;6
830417;;;INTARIAN_PEPPER_ROOT;XIRECS;57842.0;7
832876;;;ASH_COATED_OSMIUM;XIRECS;10006.0;4
833061;;;INTARIAN_PEPPER_ROOT;XIRECS;57842.0;7
833767;;;ASH_COATED_OSMIUM;XIRECS;10009.0;4
834759;;;ASH_COATED_OSMIUM;XIRECS;9992.0;3
838086;;;INTARIAN_PEPPER_ROOT;XIRECS;57832.0;3
838565;;;ASH_COATED_OSMIUM;XIRECS;9989.0;2
838880;;;ASH_COATED_OSMIUM;XIRECS;10009.0;4
839843;;;INTARIAN_PEPPER_ROOT;XIRECS;57846.0;3
841131;;;INTARIAN_PEPPER_ROOT;XIRECS;57833.0;7
842292;;;ASH_COATED_OSMIUM;XIRECS;10011.0;7
842446;;;INTARIAN_PEPPER_ROOT;XIRECS;57843.0;4
845044;;;ASH_COATED_OSMIUM;XIRECS;9996.0;2
845370;;;ASH_COATED_OSMIUM;XIRECS;9995.0;3
846115;;;INTARIAN_PEPPER_ROOT;XIRECS;57839.0;6
846712;;;ASH_COATED_OSMIUM;XIRECS;10006.0;5
847143;;;INTARIAN_PEPPER_ROOT;XIRECS;57841.0;5
848439;;;ASH_COATED_OSMIUM;XIRECS;9992.0;5
848752;;;ASH_COATED_OSMIUM;XIRECS;10007.0;6
850402;;;ASH_COATED_OSMIUM;XIRECS;9997.0;3
851199;;;ASH_COATED_OSMIUM;XIRECS;10008.0;2
852188;;;INTARIAN_PEPPER_ROOT;XIRECS;57859.0;3
853193;;;ASH_COATED_OSMIUM;XIRECS;9987.0;10
853246;;;INTARIAN_PEPPER_ROOT;XIRECS;57861.0;6
853524;;;ASH_COATED_OSMIUM;XIRECS;9976.0;2
854135;;;ASH_COATED_OSMIUM;XIRECS;10001.0;10
854792;;;INTARIAN_PEPPER_ROOT;XIRECS;57862.0;3
855017;;;INTARIAN_PEPPER_ROOT;XIRECS;57864.0;6
855373;;;INTARIAN_PEPPER_ROOT;XIRECS;57851.0;4
855984;;;ASH_COATED_OSMIUM;XIRECS;10006.0;8
857113;;;ASH_COATED_OSMIUM;XIRECS;10005.0;6
858876;;;ASH_COATED_OSMIUM;XIRECS;10002.0;8
859340;;;INTARIAN_PEPPER_ROOT;XIRECS;57861.0;4
859853;;;INTARIAN_PEPPER_ROOT;XIRECS;57869.0;6
862523;;;INTARIAN_PEPPER_ROOT;XIRECS;57853.0;4
862796;;;ASH_COATED_OSMIUM;XIRECS;9980.0;6
863154;;;ASH_COATED_OSMIUM;XIRECS;10007.0;6
863387;;;ASH_COATED_OSMIUM;XIRECS;10010.0;9
867475;;;ASH_COATED_OSMIUM;XIRECS;10008.0;2
867796;;;INTARIAN_PEPPER_ROOT;XIRECS;57860.0;3
868544;;;INTARIAN_PEPPER_ROOT;XIRECS;57875.0;3
871294;;;ASH_COATED_OSMIUM;XIRECS;10013.0;5
872181;;;ASH_COATED_OSMIUM;XIRECS;10007.0;2
875992;;;ASH_COATED_OSMIUM;XIRECS;9989.0;4
876501;;;ASH_COATED_OSMIUM;XIRECS;9986.0;4
880370;;;ASH_COATED_OSMIUM;XIRECS;9999.0;6
880507;;;ASH_COATED_OSMIUM;XIRECS;10000.0;3
881077;;;INTARIAN_PEPPER_ROOT;XIRECS;57889.0;6
881388;;;ASH_COATED_OSMIUM;XIRECS;9987.0;6
881513;;;ASH_COATED_OSMIUM;XIRECS;9986.0;4
883688;;;INTARIAN_PEPPER_ROOT;XIRECS;57876.0;5
884640;;;ASH_COATED_OSMIUM;XIRECS;10011.0;5
884720;;;ASH_COATED_OSMIUM;XIRECS;9996.0;6
886522;;;ASH_COATED_OSMIUM;XIRECS;9991.0;4
887461;;;INTARIAN_PEPPER_ROOT;XIRECS;57890.0;3
887473;;;ASH_COATED_OSMIUM;XIRECS;10019.0;3
888540;;;INTARIAN_PEPPER_ROOT;XIRECS;57878.0;4
888899;;;ASH_COATED_OSMIUM;XIRECS;10010.0;8
889090;;;ASH_COATED_OSMIUM;XIRECS;9996.0;4
889805;;;INTARIAN_PEPPER_ROOT;XIRECS;57881.0;7
897273;;;ASH_COATED_OSMIUM;XIRECS;10016.0;3
899227;;;ASH_COATED_OSMIUM;XIRECS;10007.0;10
900042;;;ASH_COATED_OSMIUM;XIRECS;9990.0;8
900425;;;ASH_COATED_OSMIUM;XIRECS;9983.0;8
900952;;;ASH_COATED_OSMIUM;XIRECS;9997.0;4
901265;;;INTARIAN_PEPPER_ROOT;XIRECS;57909.0;6
901307;;;ASH_COATED_OSMIUM;XIRECS;9987.0;5
901464;;;ASH_COATED_OSMIUM;XIRECS;10009.0;10
901480;;;ASH_COATED_OSMIUM;XIRECS;9990.0;6
903799;;;ASH_COATED_OSMIUM;XIRECS;10005.0;6
904654;;;INTARIAN_PEPPER_ROOT;XIRECS;57895.0;7
907893;;;ASH_COATED_OSMIUM;XIRECS;10012.0;6
908640;;;ASH_COATED_OSMIUM;XIRECS;10020.0;4
909173;;;ASH_COATED_OSMIUM;XIRECS;10006.0;9
909755;;;ASH_COATED_OSMIUM;XIRECS;9997.0;10
914194;;;ASH_COATED_OSMIUM;XIRECS;10015.0;5
914320;;;ASH_COATED_OSMIUM;XIRECS;10000.0;5
916277;;;ASH_COATED_OSMIUM;XIRECS;9984.0;7
917325;;;ASH_COATED_OSMIUM;XIRECS;10000.0;7
918285;;;ASH_COATED_OSMIUM;XIRECS;10006.0;5
921082;;;ASH_COATED_OSMIUM;XIRECS;9989.0;6
921231;;;ASH_COATED_OSMIUM;XIRECS;9995.0;10
923178;;;INTARIAN_PEPPER_ROOT;XIRECS;57930.0;5
926206;;;INTARIAN_PEPPER_ROOT;XIRECS;57932.0;5
927283;;;ASH_COATED_OSMIUM;XIRECS;9988.0;4
927438;;;INTARIAN_PEPPER_ROOT;XIRECS;57934.0;4
928578;;;ASH_COATED_OSMIUM;XIRECS;9996.0;3
932526;;;ASH_COATED_OSMIUM;XIRECS;10000.0;3
934269;;;INTARIAN_PEPPER_ROOT;XIRECS;57931.0;4
934668;;;INTARIAN_PEPPER_ROOT;XIRECS;57928.0;8
934708;;;ASH_COATED_OSMIUM;XIRECS;9996.0;10
935193;;;INTARIAN_PEPPER_ROOT;XIRECS;57942.0;7
935446;;;ASH_COATED_OSMIUM;XIRECS;9989.0;5
935484;;;ASH_COATED_OSMIUM;XIRECS;9989.0;9
937354;;;INTARIAN_PEPPER_ROOT;XIRECS;57932.0;7
938326;;;ASH_COATED_OSMIUM;XIRECS;9996.0;8
938412;;;ASH_COATED_OSMIUM;XIRECS;10009.0;3
938458;;;ASH_COATED_OSMIUM;XIRECS;9993.0;2
942008;;;ASH_COATED_OSMIUM;XIRECS;9992.0;6
948758;;;ASH_COATED_OSMIUM;XIRECS;9993.0;5
948774;;;ASH_COATED_OSMIUM;XIRECS;9993.0;9
948985;;;ASH_COATED_OSMIUM;XIRECS;10016.0;6
949527;;;ASH_COATED_OSMIUM;XIRECS;10001.0;3
950101;;;ASH_COATED_OSMIUM;XIRECS;9990.0;8
951799;;;INTARIAN_PEPPER_ROOT;XIRECS;57955.0;6
952544;;;INTARIAN_PEPPER_ROOT;XIRECS;57959.0;3
952870;;;ASH_COATED_OSMIUM;XIRECS;10006.0;7
955780;;;INTARIAN_PEPPER_ROOT;XIRECS;57950.0;4
958197;;;ASH_COATED_OSMIUM;XIRECS;9992.0;4
958347;;;ASH_COATED_OSMIUM;XIRECS;9995.0;3
963387;;;INTARIAN_PEPPER_ROOT;XIRECS;57957.0;6
964192;;;INTARIAN_PEPPER_ROOT;XIRECS;57966.0;4
964366;;;ASH_COATED_OSMIUM;XIRECS;10006.0;3
965236;;;INTARIAN_PEPPER_ROOT;XIRECS;57961.0;7
965296;;;INTARIAN_PEPPER_ROOT;XIRECS;57973.0;7
965788;;;ASH_COATED_OSMIUM;XIRECS;10016.0;6
966141;;;ASH_COATED_OSMIUM;XIRECS;10002.0;8
969610;;;ASH_COATED_OSMIUM;XIRECS;9995.0;3
973524;;;ASH_COATED_OSMIUM;XIRECS;10011.0;3
979640;;;ASH_COATED_OSMIUM;XIRECS;9991.0;8
979975;;;INTARIAN_PEPPER_ROOT;XIRECS;57971.0;3
980143;;;ASH_COATED_OSMIUM;XIRECS;9994.0;9
982358;;;INTARIAN_PEPPER_ROOT;XIRECS;57983.0;6
982871;;;ASH_COATED_OSMIUM;XIRECS;9995.0;5
984012;;;INTARIAN_PEPPER_ROOT;XIRECS;57988.0;7
984370;;;ASH_COATED_OSMIUM;XIRECS;9991.0;2
987735;;;ASH_COATED_OSMIUM;XIRECS;10017.0;5
991933;;;ASH_COATED_OSMIUM;XIRECS;10009.0;6
994280;;;INTARIAN_PEPPER_ROOT;XIRECS;58002.0;6
995712;;;ASH_COATED_OSMIUM;XIRECS;9983.0;8
997335;;;ASH_COATED_OSMIUM;XIRECS;10015.0;2
997840;;;ASH_COATED_OSMIUM;XIRECS;9989.0;4
998059;;;INTARIAN_PEPPER_ROOT;XIRECS;57996.0;7
998306;;;ASH_COATED_OSMIUM;XIRECS;10007.0;3
999588;;;ASH_COATED_OSMIUM;XIRECS;10001.0;5