timestamp;buyer;seller;symbol;currency;price;quantity
285;;;INTARIAN_PEPPER_ROOT;XIRECS;36011.0;5
2433;;;ASH_COATED_OSMIUM;XIRECS;10009.0;4
3121;;;INTARIAN_PEPPER_ROOT;XIRECS;35996.0;5
3967;;;INTARIAN_PEPPER_ROOT;XIRECS;36014.0;6
4211;;;ASH_COATED_OSMIUM;XIRECS;9993.0;4
4891;;;ASH_COATED_OSMIUM;XIRECS;9994.0;2
7286;;;INTARIAN_PEPPER_ROOT;XIRECS;35999.0;8
8915;;;INTARIAN_PEPPER_ROOT;XIRECS;35999.0;7
9952;;;INTARIAN_PEPPER_ROOT;XIRECS;36021.0;6
10013;;;INTARIAN_PEPPER_ROOT;XIRECS;36005.0;5
10100;;;INTARIAN_PEPPER_ROOT;XIRECS;36001.0;7
10373;;;INTARIAN_PEPPER_ROOT;XIRECS;36016.0;6
11205;;;ASH_COATED_OSMIUM;XIRECS;9988.0;3
13637;;;ASH_COATED_OSMIUM;XIRECS;9998.0;2
14063;;;ASH_COATED_OSMIUM;XIRECS;9993.0;9
17124;;;INTARIAN_PEPPER_ROOT;XIRECS;36026.0;7
20274;;;ASH_COATED_OSMIUM;XIRECS;10016.0;4
21399;;;INTARIAN_PEPPER_ROOT;XIRECS;36018.0;7
21579;;;INTARIAN_PEPPER_ROOT;XIRECS;36025.0;7
22709;;;ASH_COATED_OSMIUM;XIRECS;10010.0;5
22772;;;ASH_COATED_OSMIUM;XIRECS;10010.0;6
23821;;;ASH_COATED_OSMIUM;XIRECS;9998.0;8
24902;;;INTARIAN_PEPPER_ROOT;XIRECS;36033.0;7
25328;;;INTARIAN_PEPPER_ROOT;XIRECS;36020.0;5
25613;;;ASH_COATED_OSMIUM;XIRECS;10007.0;2
25964;;;INTARIAN_PEPPER_ROOT;XIRECS;36033.0;6
28693;;;INTARIAN_PEPPER_ROOT;XIRECS;36019.0;3
29158;;;ASH_COATED_OSMIUM;XIRECS;10004.0;7
29394;;;ASH_COATED_OSMIUM;XIRECS;9979.0;6
30849;;;ASH_COATED_OSMIUM;XIRECS;9996.0;2
31125;;;ASH_COATED_OSMIUM;XIRECS;10012.0;4
31707;;;ASH_COATED_OSMIUM;XIRECS;9997.0;3
32452;;;ASH_COATED_OSMIUM;XIRECS;9998.0;5
35548;;;ASH_COATED_OSMIUM;XIRECS;9994.0;2
36955;;;INTARIAN_PEPPER_ROOT;XIRECS;36030.0;3
36993;;;ASH_COATED_OSMIUM;XIRECS;10005.0;9
37787;;;ASH_COATED_OSMIUM;XIRECS;10000.0;6
40323;;;INTARIAN_PEPPER_ROOT;XIRECS;36051.0;4
44427;;;ASH_COATED_OSMIUM;XIRECS;9985.0;3
44640;;;ASH_COATED_OSMIUM;XIRECS;9988.0;6
47688;;;INTARIAN_PEPPER_ROOT;XIRECS;36053.0;5
48250;;;ASH_COATED_OSMIUM;XIRECS;10005.0;4
49780;;;ASH_COATED_OSMIUM;XIRECS;9987.0;3
50200;;;ASH_COATED_OSMIUM;XIRECS;10004.0;3
50941;;;INTARIAN_PEPPER_ROOT;XIRECS;36041.0;4
53750;;;ASH_COATED_OSMIUM;XIRECS;10008.0;4
54209;;;INTARIAN_PEPPER_ROOT;XIRECS;36049.0;4
54614;;;INTARIAN_PEPPER_ROOT;XIRECS;36057.0;5
55612;;;INTARIAN_PEPPER_ROOT;XIRECS;36067.0;3
56067;;;ASH_COATED_OSMIUM;XIRECS;10008.0;8
56343;;;INTARIAN_PEPPER_ROOT;XIRECS;36047.0;6
56780;;;INTARIAN_PEPPER_ROOT;XIRECS;36047.0;4
57889;;;INTARIAN_PEPPER_ROOT;XIRECS;36065.0;3
58665;;;ASH_COATED_OSMIUM;XIRECS;9993.0;3
60119;;;INTARIAN_PEPPER_ROOT;XIRECS;36067.0;6
61339;;;ASH_COATED_OSMIUM;XIRECS;10009.0;3
62826;;;ASH_COATED_OSMIUM;XIRECS;10012.0;7
63840;;;ASH_COATED_OSMIUM;XIRECS;9988.0;4
64415;;;INTARIAN_PEPPER_ROOT;XIRECS;36062.0;7
65832;;;INTARIAN_PEPPER_ROOT;XIRECS;36060.0;7
66909;;;ASH_COATED_OSMIUM;XIRECS;10017.0;10
69657;;;ASH_COATED_OSMIUM;XIRECS;9989.0;5
70628;;;INTARIAN_PEPPER_ROOT;XIRECS;36058.0;7
71919;;;ASH_COATED_OSMIUM;XIRECS;10002.0;2
72553;;;ASH_COATED_OSMIUM;XIRECS;9987.0;6
72785;;;ASH_COATED_OSMIUM;XIRECS;9986.0;8
72930;;;ASH_COATED_OSMIUM;XIRECS;9985.0;7
73945;;;ASH_COATED_OSMIUM;XIRECS;10001.0;7
75068;;;ASH_COATED_OSMIUM;XIRECS;9991.0;6
76784;;;ASH_COATED_OSMIUM;XIRECS;9983.0;6
77173;;;INTARIAN_PEPPER_ROOT;XIRECS;36087.0;7
78158;;;ASH_COATED_OSMIUM;XIRECS;9993.0;2
81291;;;ASH_COATED_OSMIUM;XIRECS;9995.0;2
82366;;;ASH_COATED_OSMIUM;XIRECS;9992.0;4
83056;;;INTARIAN_PEPPER_ROOT;XIRECS;36079.0;3
83237;;;ASH_COATED_OSMIUM;XIRECS;10014.0;5
83739;;;INTARIAN_PEPPER_ROOT;XIRECS;36077.0;4
84516;;;INTARIAN_PEPPER_ROOT;XIRECS;36092.0;7
86809;;;INTARIAN_PEPPER_ROOT;XIRECS;36090.0;5
86894;;;ASH_COATED_OSMIUM;XIRECS;9990.0;6
91336;;;INTARIAN_PEPPER_ROOT;XIRECS;36101.0;7
93350;;;INTARIAN_PEPPER_ROOT;XIRECS;36099.0;6
96451;;;ASH_COATED_OSMIUM;XIRECS;10010.0;10
97508;;;ASH_COATED_OSMIUM;XIRECS;10001.0;6
98515;;;ASH_COATED_OSMIUM;XIRECS;9993.0;2
98818;;;ASH_COATED_OSMIUM;XIRECS;10000.0;3
102245;;;INTARIAN_PEPPER_ROOT;XIRECS;36093.0;5
102432;;;INTARIAN_PEPPER_ROOT;XIRECS;36105.0;6
103035;;;ASH_COATED_OSMIUM;XIRECS;9997.0;7
103551;;;ASH_COATED_OSMIUM;XIRECS;10004.0;5
103562;;;ASH_COATED_OSMIUM;XIRECS;10004.0;7
104170;;;ASH_COATED_OSMIUM;XIRECS;9992.0;3
104730;;;INTARIAN_PEPPER_ROOT;XIRECS;36109.0;4
105886;;;ASH_COATED_OSMIUM;XIRECS;10004.0;6
105892;;;ASH_COATED_OSMIUM;XIRECS;9994.0;5
106234;;;ASH_COATED_OSMIUM;XIRECS;10019.0;6
106319;;;ASH_COATED_OSMIUM;XIRECS;10018.0;4
106595;;;ASH_COATED_OSMIUM;XIRECS;10016.0;6
106828;;;ASH_COATED_OSMIUM;XIRECS;10016.0;7
110531;;;ASH_COATED_OSMIUM;XIRECS;10006.0;3
115657;;;ASH_COATED_OSMIUM;XIRECS;10012.0;3
121746;;;INTARIAN_PEPPER_ROOT;XIRECS;36119.0;5
122054;;;INTARIAN_PEPPER_ROOT;XIRECS;36111.0;6
124903;;;ASH_COATED_OSMIUM;XIRECS;10007.0;6
126723;;;ASH_COATED_OSMIUM;XIRECS;9992.0;7
127019;;;INTARIAN_PEPPER_ROOT;XIRECS;36132.0;5
127495;;;INTARIAN_PEPPER_ROOT;XIRECS;36115.0;7
128165;;;INTARIAN_PEPPER_ROOT;XIRECS;36137.0;5
130713;;;ASH_COATED_OSMIUM;XIRECS;9993.0;6
130821;;;ASH_COATED_OSMIUM;XIRECS;10005.0;8
132641;;;INTARIAN_PEPPER_ROOT;XIRECS;36139.0;5
134351;;;INTARIAN_PEPPER_ROOT;XIRECS;36137.0;7
135020;;;ASH_COATED_OSMIUM;XIRECS;9992.0;2
136441;;;ASH_COATED_OSMIUM;XIRECS;9995.0;6
140389;;;ASH_COATED_OSMIUM;XIRECS;9992.0;4
142495;;;INTARIAN_PEPPER_ROOT;XIRECS;36148.0;7
142676;;;ASH_COATED_OSMIUM;XIRECS;9985.0;3
142701;;;INTARIAN_PEPPER_ROOT;XIRECS;36148.0;6
144382;;;ASH_COATED_OSMIUM;XIRECS;9987.0;6
145298;;;INTARIAN_PEPPER_ROOT;XIRECS;36153.0;5
147727;;;INTARIAN_PEPPER_ROOT;XIRECS;36156.0;5
151296;;;ASH_COATED_OSMIUM;XIRECS;10001.0;9
152643;;;ASH_COATED_OSMIUM;XIRECS;10009.0;9
152926;;;INTARIAN_PEPPER_ROOT;XIRECS;36161.0;4
154131;;;ASH_COATED_OSMIUM;XIRECS;10016.0;6
154339;;;ASH_COATED_OSMIUM;XIRECS;9996.0;5
155521;;;INTARIAN_PEPPER_ROOT;XIRECS;36148.0;6
158197;;;INTARIAN_PEPPER_ROOT;XIRECS;36164.0;4
158312;;;INTARIAN_PEPPER_ROOT;XIRECS;36163.0;7
158452;;;INTARIAN_PEPPER_ROOT;XIRECS;36163.0;7
158632;;;ASH_COATED_OSMIUM;XIRECS;9983.0;6
160080;;;ASH_COATED_OSMIUM;XIRECS;9995.0;4
161132;;;INTARIAN_PEPPER_ROOT;XIRECS;36157.0;5
161493;;;ASH_COATED_OSMIUM;XIRECS;10015.0;3
165209;;;ASH_COATED_OSMIUM;XIRECS;10003.0;5
168293;;;INTARIAN_PEPPER_ROOT;XIRECS;36177.0;6
170099;;;INTARIAN_PEPPER_ROOT;XIRECS;36180.0;3
171658;;;INTARIAN_PEPPER_ROOT;XIRECS;36166.0;3
172992;;;INTARIAN_PEPPER_ROOT;XIRECS;36164.0;4
173478;;;ASH_COATED_OSMIUM;XIRECS;10009.0;4
175302;;;INTARIAN_PEPPER_ROOT;XIRECS;36169.0;7
176089;;;INTARIAN_PEPPER_ROOT;XIRECS;36184.0;3
177575;;;ASH_COATED_OSMIUM;XIRECS;9990.0;8
178679;;;ASH_COATED_OSMIUM;XIRECS;9995.0;4
179219;;;INTARIAN_PEPPER_ROOT;XIRECS;36175.0;5
180416;;;ASH_COATED_OSMIUM;XIRECS;9982.0;9
180869;;;INTARIAN_PEPPER_ROOT;XIRECS;36189.0;6
183285;;;ASH_COATED_OSMIUM;XIRECS;9988.0;4
183800;;;INTARIAN_PEPPER_ROOT;XIRECS;36191.0;5
185370;;;INTARIAN_PEPPER_ROOT;XIRECS;36196.0;6
188120;;;ASH_COATED_OSMIUM;XIRECS;10000.0;9
189978;;;ASH_COATED_OSMIUM;XIRECS;10010.0;9
191584;;;ASH_COATED_OSMIUM;XIRECS;9989.0;10
191826;;;ASH_COATED_OSMIUM;XIRECS;9996.0;5
191876;;;ASH_COATED_OSMIUM;XIRECS;9996.0;5
193809;;;ASH_COATED_OSMIUM;XIRECS;10015.0;3
195402;;;ASH_COATED_OSMIUM;XIRECS;10011.0;8
196004;;;ASH_COATED_OSMIUM;XIRECS;10002.0;6
196035;;;ASH_COATED_OSMIUM;XIRECS;9986.0;5
196103;;;INTARIAN_PEPPER_ROOT;XIRECS;36208.0;4
201589;;;ASH_COATED_OSMIUM;XIRECS;10000.0;3
203808;;;ASH_COATED_OSMIUM;XIRECS;9996.0;6
204168;;;ASH_COATED_OSMIUM;XIRECS;10001.0;6
204262;;;ASH_COATED_OSMIUM;XIRECS;10000.0;9
206689;;;INTARIAN_PEPPER_ROOT;XIRECS;36204.0;8
208008;;;ASH_COATED_OSMIUM;XIRECS;10012.0;2
209808;;;ASH_COATED_OSMIUM;XIRECS;10007.0;2
211451;;;ASH_COATED_OSMIUM;XIRECS;10006.0;7
212324;;;INTARIAN_PEPPER_ROOT;XIRECS;36203.0;7
213705;;;ASH_COATED_OSMIUM;XIRECS;10011.0;4
215178;;;ASH_COATED_OSMIUM;XIRECS;10007.0;6
216745;;;INTARIAN_PEPPER_ROOT;XIRECS;36223.0;3
217609;;;ASH_COATED_OSMIUM;XIRECS;9994.0;2
218324;;;INTARIAN_PEPPER_ROOT;XIRECS;36224.0;4
218420;;;ASH_COATED_OSMIUM;XIRECS;10014.0;2
218496;;;ASH_COATED_OSMIUM;XIRECS;9995.0;2
218842;;;INTARIAN_PEPPER_ROOT;XIRECS;36229.0;7
224470;;;ASH_COATED_OSMIUM;XIRECS;9992.0;10
224598;;;ASH_COATED_OSMIUM;XIRECS;10007.0;6
224853;;;ASH_COATED_OSMIUM;XIRECS;10008.0;9
225902;;;ASH_COATED_OSMIUM;XIRECS;9982.0;5
227703;;;INTARIAN_PEPPER_ROOT;XIRECS;36220.0;7
227959;;;ASH_COATED_OSMIUM;XIRECS;10001.0;6
231189;;;ASH_COATED_OSMIUM;XIRECS;10015.0;2
233599;;;ASH_COATED_OSMIUM;XIRECS;9989.0;3
234254;;;ASH_COATED_OSMIUM;XIRECS;9985.0;7
236782;;;INTARIAN_PEPPER_ROOT;XIRECS;36245.0;4
239181;;;ASH_COATED_OSMIUM;XIRECS;9985.0;10
239682;;;INTARIAN_PEPPER_ROOT;XIRECS;36245.0;4
239783;;;ASH_COATED_OSMIUM;XIRECS;10014.0;9
244819;;;INTARIAN_PEPPER_ROOT;XIRECS;36257.0;7
244930;;;ASH_COATED_OSMIUM;XIRECS;10001.0;6
245163;;;ASH_COATED_OSMIUM;XIRECS;9994.0;5
246174;;;ASH_COATED_OSMIUM;XIRECS;9989.0;6
246474;;;INTARIAN_PEPPER_ROOT;XIRECS;36238.0;6
246960;;;ASH_COATED_OSMIUM;XIRECS;10000.0;6
247296;;;INTARIAN_PEPPER_ROOT;XIRECS;36244.0;6
247975;;;ASH_COATED_OSMIUM;XIRECS;10016.0;6
248375;;;INTARIAN_PEPPER_ROOT;XIRECS;36252.0;3
248380;;;ASH_COATED_OSMIUM;XIRECS;9989.0;6
248701;;;ASH_COATED_OSMIUM;XIRECS;10011.0;4
248809;;;ASH_COATED_OSMIUM;XIRECS;10008.0;9
250176;;;ASH_COATED_OSMIUM;XIRECS;9998.0;9
256129;;;ASH_COATED_OSMIUM;XIRECS;10011.0;6
256232;;;INTARIAN_PEPPER_ROOT;XIRECS;36266.0;7
257396;;;ASH_COATED_OSMIUM;XIRECS;10012.0;7
257448;;;INTARIAN_PEPPER_ROOT;XIRECS;36253.0;5
258902;;;ASH_COATED_OSMIUM;XIRECS;9997.0;2
259056;;;INTARIAN_PEPPER_ROOT;XIRECS;36267.0;3
260307;;;INTARIAN_PEPPER_ROOT;XIRECS;36253.0;3
260528;;;INTARIAN_PEPPER_ROOT;XIRECS;36256.0;4
260860;;;INTARIAN_PEPPER_ROOT;XIRECS;36252.0;6
261199;;;ASH_COATED_OSMIUM;XIRECS;9988.0;2
261412;;;ASH_COATED_OSMIUM;XIRECS;9988.0;9
264191;;;ASH_COATED_OSMIUM;XIRECS;9990.0;9
265093;;;ASH_COATED_OSMIUM;XIRECS;9988.0;9
265140;;;ASH_COATED_OSMIUM;XIRECS;9991.0;4
265341;;;INTARIAN_PEPPER_ROOT;XIRECS;36275.0;6
266733;;;ASH_COATED_OSMIUM;XIRECS;9998.0;4
267112;;;ASH_COATED_OSMIUM;XIRECS;10007.0;4
268260;;;ASH_COATED_OSMIUM;XIRECS;9989.0;4
269143;;;ASH_COATED_OSMIUM;XIRECS;9991.0;4
271533;;;ASH_COATED_OSMIUM;XIRECS;9999.0;6
271801;;;ASH_COATED_OSMIUM;XIRECS;9988.0;6
272361;;;ASH_COATED_OSMIUM;XIRECS;9984.0;7
274497;;;ASH_COATED_OSMIUM;XIRECS;10005.0;5
277772;;;INTARIAN_PEPPER_ROOT;XIRECS;36270.0;7
279076;;;INTARIAN_PEPPER_ROOT;XIRECS;36287.0;6
281128;;;INTARIAN_PEPPER_ROOT;XIRECS;36272.0;3
281457;;;ASH_COATED_OSMIUM;XIRECS;9991.0;3
285203;;;ASH_COATED_OSMIUM;XIRECS;10015.0;3
285375;;;INTARIAN_PEPPER_ROOT;XIRECS;36291.0;3
287033;;;ASH_COATED_OSMIUM;XIRECS;9995.0;6
288691;;;ASH_COATED_OSMIUM;XIRECS;10008.0;3
289193;;;INTARIAN_PEPPER_ROOT;XIRECS;36279.0;3
289398;;;ASH_COATED_OSMIUM;XIRECS;10003.0;5
291553;;;INTARIAN_PEPPER_ROOT;XIRECS;36284.0;4
292476;;;ASH_COATED_OSMIUM;XIRECS;10007.0;6
292808;;;ASH_COATED_OSMIUM;XIRECS;9986.0;2
293538;;;INTARIAN_PEPPER_ROOT;XIRECS;36299.0;3
293763;;;INTARIAN_PEPPER_ROOT;XIRECS;36286.0;7
294435;;;ASH_COATED_OSMIUM;XIRECS;9983.0;2
300084;;;ASH_COATED_OSMIUM;XIRECS;10017.0;5
301162;;;ASH_COATED_OSMIUM;XIRECS;10000.0;9
301277;;;INTARIAN_PEPPER_ROOT;XIRECS;36290.0;5
302476;;;ASH_COATED_OSMIUM;XIRECS;9996.0;3
303473;;;INTARIAN_PEPPER_ROOT;XIRECS;36294.0;6
303656;;;ASH_COATED_OSMIUM;XIRECS;9994.0;2
303828;;;INTARIAN_PEPPER_ROOT;XIRECS;36310.0;3
305357;;;ASH_COATED_OSMIUM;XIRECS;9990.0;4
306675;;;ASH_COATED_OSMIUM;XIRECS;9996.0;6
308819;;;ASH_COATED_OSMIUM;XIRECS;10012.0;4
312647;;;ASH_COATED_OSMIUM;XIRECS;10019.0;8
312752;;;ASH_COATED_OSMIUM;XIRECS;10020.0;6
316906;;;ASH_COATED_OSMIUM;XIRECS;10011.0;5
318174;;;ASH_COATED_OSMIUM;XIRECS;9983.0;5
319991;;;ASH_COATED_OSMIUM;XIRECS;10002.0;6
321730;;;ASH_COATED_OSMIUM;XIRECS;10002.0;4
321909;;;INTARIAN_PEPPER_ROOT;XIRECS;36317.0;5
323058;;;ASH_COATED_OSMIUM;XIRECS;9994.0;6
323410;;;ASH_COATED_OSMIUM;XIRECS;9991.0;5
324336;;;ASH_COATED_OSMIUM;XIRECS;9990.0;7
325369;;;ASH_COATED_OSMIUM;XIRECS;10006.0;4
325858;;;INTARIAN_PEPPER_ROOT;XIRECS;36315.0;5
325904;;;ASH_COATED_OSMIUM;XIRECS;10011.0;3
326361;;;ASH_COATED_OSMIUM;XIRECS;9992.0;4
330147;;;ASH_COATED_OSMIUM;XIRECS;9994.0;5
330871;;;INTARIAN_PEPPER_ROOT;XIRECS;36328.0;6
331823;;;INTARIAN_PEPPER_ROOT;XIRECS;36328.0;3
331918;;;ASH_COATED_OSMIUM;XIRECS;9998.0;4
333924;;;INTARIAN_PEPPER_ROOT;XIRECS;36331.0;3
338606;;;INTARIAN_PEPPER_ROOT;XIRECS;36331.0;5
338782;;;ASH_COATED_OSMIUM;XIRECS;9992.0;6
339208;;;INTARIAN_PEPPER_ROOT;XIRECS;36348.0;5
339346;;;INTARIAN_PEPPER_ROOT;XIRECS;36335.0;5
340641;;;ASH_COATED_OSMIUM;XIRECS;9988.0;10
341937;;;INTARIAN_PEPPER_ROOT;XIRECS;36332.0;5
343392;;;INTARIAN_PEPPER_ROOT;XIRECS;36350.0;6
343929;;;ASH_COATED_OSMIUM;XIRECS;9986.0;5
346026;;;INTARIAN_PEPPER_ROOT;XIRECS;36336.0;7
347734;;;ASH_COATED_OSMIUM;XIRECS;9992.0;6
348357;;;INTARIAN_PEPPER_ROOT;XIRECS;36360.0;3
350594;;;ASH_COATED_OSMIUM;XIRECS;9983.0;5
351141;;;ASH_COATED_OSMIUM;XIRECS;9988.0;6
353539;;;ASH_COATED_OSMIUM;XIRECS;9993.0;5
354324;;;ASH_COATED_OSMIUM;XIRECS;10002.0;8
356312;;;INTARIAN_PEPPER_ROOT;XIRECS;36349.0;7
356334;;;ASH_COATED_OSMIUM;XIRECS;10005.0;3
356621;;;ASH_COATED_OSMIUM;XIRECS;9999.0;6
356878;;;ASH_COATED_OSMIUM;XIRECS;9999.0;6
357376;;;INTARIAN_PEPPER_ROOT;XIRECS;36365.0;7
358197;;;ASH_COATED_OSMIUM;XIRECS;10011.0;5
361578;;;INTARIAN_PEPPER_ROOT;XIRECS;36353.0;7
362353;;;ASH_COATED_OSMIUM;XIRECS;10004.0;6
362627;;;ASH_COATED_OSMIUM;XIRECS;10012.0;2
363840;;;INTARIAN_PEPPER_ROOT;XIRECS;36359.0;5
367095;;;INTARIAN_PEPPER_ROOT;XIRECS;36360.0;7
371048;;;ASH_COATED_OSMIUM;XIRECS;10003.0;8
374118;;;ASH_COATED_OSMIUM;XIRECS;9988.0;2
374416;;;INTARIAN_PEPPER_ROOT;XIRECS;36376.0;6
377741;;;ASH_COATED_OSMIUM;XIRECS;9999.0;6
378899;;;ASH_COATED_OSMIUM;XIRECS;9996.0;9
380761;;;ASH_COATED_OSMIUM;XIRECS;9986.0;4
381429;;;ASH_COATED_OSMIUM;XIRECS;10000.0;2
381800;;;ASH_COATED_OSMIUM;XIRECS;10004.0;6
382909;;;ASH_COATED_OSMIUM;XIRECS;9999.0;6
384489;;;ASH_COATED_OSMIUM;XIRECS;9993.0;6
386677;;;INTARIAN_PEPPER_ROOT;XIRECS;36397.0;3
387506;;;ASH_COATED_OSMIUM;XIRECS;9993.0;5
388396;;;INTARIAN_PEPPER_ROOT;XIRECS;36382.0;6
389313;;;ASH_COATED_OSMIUM;XIRECS;10003.0;5
392366;;;INTARIAN_PEPPER_ROOT;XIRECS;36387.0;6
392926;;;INTARIAN_PEPPER_ROOT;XIRECS;36383.0;3
397516;;;ASH_COATED_OSMIUM;XIRECS;9985.0;10
398463;;;ASH_COATED_OSMIUM;XIRECS;9988.0;2
400427;;;INTARIAN_PEPPER_ROOT;XIRECS;36410.0;4
402969;;;INTARIAN_PEPPER_ROOT;XIRECS;36397.0;3
404057;;;ASH_COATED_OSMIUM;XIRECS;9993.0;9
407771;;;ASH_COATED_OSMIUM;XIRECS;10013.0;3
408618;;;INTARIAN_PEPPER_ROOT;XIRECS;36415.0;3
410211;;;INTARIAN_PEPPER_ROOT;XIRECS;36406.0;5
411420;;;ASH_COATED_OSMIUM;XIRECS;9997.0;5
412468;;;ASH_COATED_OSMIUM;XIRECS;10009.0;8
412905;;;ASH_COATED_OSMIUM;XIRECS;9992.0;5
413948;;;INTARIAN_PEPPER_ROOT;XIRECS;36410.0;4
415934;;;ASH_COATED_OSMIUM;XIRECS;9989.0;4
417544;;;ASH_COATED_OSMIUM;XIRECS;9995.0;3
418210;;;INTARIAN_PEPPER_ROOT;XIRECS;36413.0;5
418344;;;INTARIAN_PEPPER_ROOT;XIRECS;36409.0;3
420342;;;ASH_COATED_OSMIUM;XIRECS;10008.0;5
420417;;;INTARIAN_PEPPER_ROOT;XIRECS;36426.0;6
423828;;;INTARIAN_PEPPER_ROOT;XIRECS;36421.0;6
424924;;;ASH_COATED_OSMIUM;XIRECS;9992.0;4
426284;;;ASH_COATED_OSMIUM;XIRECS;9996.0;2
426334;;;INTARIAN_PEPPER_ROOT;XIRECS;36419.0;7
426360;;;ASH_COATED_OSMIUM;XIRECS;9983.0;6
428972;;;INTARIAN_PEPPER_ROOT;XIRECS;36435.0;3
429334;;;ASH_COATED_OSMIUM;XIRECS;9976.0;10
431180;;;INTARIAN_PEPPER_ROOT;XIRECS;36438.0;3
431960;;;ASH_COATED_OSMIUM;XIRECS;10009.0;3
433247;;;ASH_COATED_OSMIUM;XIRECS;9996.0;5
434542;;;ASH_COATED_OSMIUM;XIRECS;9994.0;2
434588;;;ASH_COATED_OSMIUM;XIRECS;10003.0;6
434929;;;INTARIAN_PEPPER_ROOT;XIRECS;36437.0;6
435339;;;ASH_COATED_OSMIUM;XIRECS;9999.0;9
437565;;;ASH_COATED_OSMIUM;XIRECS;9994.0;6
442005;;;INTARIAN_PEPPER_ROOT;XIRECS;36434.0;4
442584;;;INTARIAN_PEPPER_ROOT;XIRECS;36440.0;3
444474;;;INTARIAN_PEPPER_ROOT;XIRECS;36448.0;6
444882;;;ASH_COATED_OSMIUM;XIRECS;9994.0;6
444954;;;ASH_COATED_OSMIUM;XIRECS;10011.0;4
446378;;;INTARIAN_PEPPER_ROOT;XIRECS;36439.0;4
446956;;;INTARIAN_PEPPER_ROOT;XIRECS;36447.0;5
449830;;;INTARIAN_PEPPER_ROOT;XIRECS;36442.0;3
452902;;;ASH_COATED_OSMIUM;XIRECS;9992.0;5
452954;;;ASH_COATED_OSMIUM;XIRECS;10008.0;6
453093;;;INTARIAN_PEPPER_ROOT;XIRECS;36457.0;7
453434;;;INTARIAN_PEPPER_ROOT;XIRECS;36450.0;4
453644;;;ASH_COATED_OSMIUM;XIRECS;9984.0;5
456448;;;INTARIAN_PEPPER_ROOT;XIRECS;36447.0;7
456947;;;INTARIAN_PEPPER_ROOT;XIRECS;36452.0;3
458776;;;INTARIAN_PEPPER_ROOT;XIRECS;36464.0;5
459919;;;INTARIAN_PEPPER_ROOT;XIRECS;36467.0;7
460404;;;ASH_COATED_OSMIUM;XIRECS;10014.0;7
461177;;;INTARIAN_PEPPER_ROOT;XIRECS;36468.0;7
461867;;;ASH_COATED_OSMIUM;XIRECS;10008.0;3
462035;;;INTARIAN_PEPPER_ROOT;XIRECS;36454.0;6
462796;;;ASH_COATED_OSMIUM;XIRECS;10013.0;5
465931;;;ASH_COATED_OSMIUM;XIRECS;9988.0;2
466627;;;INTARIAN_PEPPER_ROOT;XIRECS;36478.0;7
469467;;;INTARIAN_PEPPER_ROOT;XIRECS;36470.0;3
470320;;;ASH_COATED_OSMIUM;XIRECS;10009.0;5
470817;;;ASH_COATED_OSMIUM;XIRECS;10007.0;4
471368;;;INTARIAN_PEPPER_ROOT;XIRECS;36468.0;5
472132;;;INTARIAN_PEPPER_ROOT;XIRECS;36478.0;3
472281;;;ASH_COATED_OSMIUM;XIRECS;9979.0;5
472542;;;INTARIAN_PEPPER_ROOT;XIRECS;36473.0;3
473480;;;INTARIAN_PEPPER_ROOT;XIRECS;36466.0;6
475612;;;INTARIAN_PEPPER_ROOT;XIRECS;36469.0;6
476103;;;INTARIAN_PEPPER_ROOT;XIRECS;36480.0;4
478018;;;ASH_COATED_OSMIUM;XIRECS;10007.0;7
479218;;;ASH_COATED_OSMIUM;XIRECS;9997.0;6
479738;;;ASH_COATED_OSMIUM;XIRECS;10006.0;7
480913;;;INTARIAN_PEPPER_ROOT;XIRECS;36480.0;7
480970;;;INTARIAN_PEPPER_ROOT;XIRECS;36493.0;7
481369;;;INTARIAN_PEPPER_ROOT;XIRECS;36486.0;3
481459;;;ASH_COATED_OSMIUM;XIRECS;9994.0;6
483836;;;ASH_COATED_OSMIUM;XIRECS;10012.0;5
484765;;;ASH_COATED_OSMIUM;XIRECS;10004.0;7
484842;;;ASH_COATED_OSMIUM;XIRECS;10005.0;6
485205;;;INTARIAN_PEPPER_ROOT;XIRECS;36475.0;7
487196;;;ASH_COATED_OSMIUM;XIRECS;10009.0;2
487623;;;INTARIAN_PEPPER_ROOT;XIRECS;36498.0;6
487874;;;ASH_COATED_OSMIUM;XIRECS;9988.0;10
488994;;;ASH_COATED_OSMIUM;XIRECS;10005.0;8
489156;;;INTARIAN_PEPPER_ROOT;XIRECS;36483.0;5
489377;;;INTARIAN_PEPPER_ROOT;XIRECS;36497.0;4
490528;;;INTARIAN_PEPPER_ROOT;XIRECS;36486.0;3
491335;;;ASH_COATED_OSMIUM;XIRECS;10012.0;10
492416;;;ASH_COATED_OSMIUM;XIRECS;10008.0;6
494878;;;ASH_COATED_OSMIUM;XIRECS;10004.0;4
496557;;;INTARIAN_PEPPER_ROOT;XIRECS;36505.0;7
496621;;;ASH_COATED_OSMIUM;XIRECS;10007.0;3
498377;;;ASH_COATED_OSMIUM;XIRECS;10011.0;2
499096;;;INTARIAN_PEPPER_ROOT;XIRECS;36493.0;4
499787;;;ASH_COATED_OSMIUM;XIRECS;9995.0;2
501314;;;ASH_COATED_OSMIUM;XIRECS;9994.0;8
502050;;;INTARIAN_PEPPER_ROOT;XIRECS;36509.0;3
502821;;;ASH_COATED_OSMIUM;XIRECS;10016.0;3
504087;;;INTARIAN_PEPPER_ROOT;XIRECS;36514.0;8
508556;;;INTARIAN_PEPPER_ROOT;XIRECS;36515.0;7
510402;;;ASH_COATED_OSMIUM;XIRECS;9994.0;5
512278;;;ASH_COATED_OSMIUM;XIRECS;10001.0;10
512852;;;INTARIAN_PEPPER_ROOT;XIRECS;36521.0;6
513373;;;ASH_COATED_OSMIUM;XIRECS;10005.0;10
513898;;;INTARIAN_PEPPER_ROOT;XIRECS;36518.0;3
517702;;;INTARIAN_PEPPER_ROOT;XIRECS;36523.0;5
519562;;;ASH_COATED_OSMIUM;XIRECS;10011.0;5
523351;;;INTARIAN_PEPPER_ROOT;XIRECS;36517.0;3
523546;;;ASH_COATED_OSMIUM;XIRECS;10003.0;5
524945;;;ASH_COATED_OSMIUM;XIRECS;10004.0;5
526824;;;INTARIAN_PEPPER_ROOT;XIRECS;36525.0;6
527241;;;ASH_COATED_OSMIUM;XIRECS;9998.0;6
528477;;;INTARIAN_PEPPER_ROOT;XIRECS;36524.0;6
529135;;;INTARIAN_PEPPER_ROOT;XIRECS;36541.0;3
530816;;;ASH_COATED_OSMIUM;XIRECS;10010.0;3
531598;;;ASH_COATED_OSMIUM;XIRECS;9998.0;6
534382;;;ASH_COATED_OSMIUM;XIRECS;10017.0;6
535283;;;INTARIAN_PEPPER_ROOT;XIRECS;36538.0;5
536992;;;ASH_COATED_OSMIUM;XIRECS;9981.0;6
537095;;;INTARIAN_PEPPER_ROOT;XIRECS;36542.0;8
540786;;;INTARIAN_PEPPER_ROOT;XIRECS;36547.0;3
544029;;;INTARIAN_PEPPER_ROOT;XIRECS;36550.0;6
544166;;;ASH_COATED_OSMIUM;XIRECS;9991.0;4
547030;;;ASH_COATED_OSMIUM;XIRECS;10010.0;6
548661;;;INTARIAN_PEPPER_ROOT;XIRECS;36541.0;7
549070;;;ASH_COATED_OSMIUM;XIRECS;9989.0;6
551529;;;ASH_COATED_OSMIUM;XIRECS;10001.0;8
552702;;;INTARIAN_PEPPER_ROOT;XIRECS;36558.0;7
553497;;;INTARIAN_PEPPER_ROOT;XIRECS;36543.0;7
553628;;;ASH_COATED_OSMIUM;XIRECS;10012.0;5
554293;;;INTARIAN_PEPPER_ROOT;XIRECS;36562.0;6
555557;;;ASH_COATED_OSMIUM;XIRECS;10005.0;2
555610;;;INTARIAN_PEPPER_ROOT;XIRECS;36560.0;8
555640;;;ASH_COATED_OSMIUM;XIRECS;10008.0;4
556667;;;ASH_COATED_OSMIUM;XIRECS;10011.0;7
556929;;;INTARIAN_PEPPER_ROOT;XIRECS;36562.0;5
558845;;;INTARIAN_PEPPER_ROOT;XIRECS;36566.0;5
559200;;;INTARIAN_PEPPER_ROOT;XIRECS;36565.0;8
567905;;;ASH_COATED_OSMIUM;XIRECS;10015.0;10
568077;;;ASH_COATED_OSMIUM;XIRECS;10021.0;2
568335;;;INTARIAN_PEPPER_ROOT;XIRECS;36578.0;5
573533;;;INTARIAN_PEPPER_ROOT;XIRECS;36568.0;3
573607;;;ASH_COATED_OSMIUM;XIRECS;9985.0;2
574649;;;ASH_COATED_OSMIUM;XIRECS;9993.0;5
574765;;;ASH_COATED_OSMIUM;XIRECS;10000.0;7
575844;;;ASH_COATED_OSMIUM;XIRECS;9999.0;6
576805;;;ASH_COATED_OSMIUM;XIRECS;10005.0;8
578420;;;INTARIAN_PEPPER_ROOT;XIRECS;36571.0;4
580082;;;ASH_COATED_OSMIUM;XIRECS;10010.0;4
580401;;;ASH_COATED_OSMIUM;XIRECS;9989.0;7
580650;;;INTARIAN_PEPPER_ROOT;XIRECS;36582.0;4
581166;;;INTARIAN_PEPPER_ROOT;XIRECS;36586.0;6
582203;;;ASH_COATED_OSMIUM;XIRECS;10016.0;9
582661;;;INTARIAN_PEPPER_ROOT;XIRECS;36588.0;3
583215;;;INTARIAN_PEPPER_ROOT;XIRECS;36593.0;8
583903;;;INTARIAN_PEPPER_ROOT;XIRECS;36586.0;5
584012;;;ASH_COATED_OSMIUM;XIRECS;9980.0;2
584151;;;ASH_COATED_OSMIUM;XIRECS;9982.0;7
585696;;;ASH_COATED_OSMIUM;XIRECS;9989.0;7
588749;;;INTARIAN_PEPPER_ROOT;XIRECS;36598.0;7
589105;;;INTARIAN_PEPPER_ROOT;XIRECS;36599.0;7
589429;;;ASH_COATED_OSMIUM;XIRECS;10002.0;7
591845;;;ASH_COATED_OSMIUM;XIRECS;9994.0;2
593115;;;ASH_COATED_OSMIUM;XIRECS;10019.0;5
594805;;;ASH_COATED_OSMIUM;XIRECS;9989.0;8
595618;;;ASH_COATED_OSMIUM;XIRECS;9980.0;5
596682;;;INTARIAN_PEPPER_ROOT;XIRECS;36592.0;7
598483;;;INTARIAN_PEPPER_ROOT;XIRECS;36594.0;6
602350;;;ASH_COATED_OSMIUM;XIRECS;10006.0;4
603705;;;ASH_COATED_OSMIUM;XIRECS;10014.0;3
605178;;;ASH_COATED_OSMIUM;XIRECS;9997.0;5
607321;;;ASH_COATED_OSMIUM;XIRECS;10009.0;3
607798;;;ASH_COATED_OSMIUM;XIRECS;9998.0;3
608572;;;ASH_COATED_OSMIUM;XIRECS;10009.0;2
611691;;;ASH_COATED_OSMIUM;XIRECS;9992.0;3
612767;;;ASH_COATED_OSMIUM;XIRECS;9994.0;9
613262;;;INTARIAN_PEPPER_ROOT;XIRECS;36620.0;7
614197;;;ASH_COATED_OSMIUM;XIRECS;9987.0;4
615364;;;INTARIAN_PEPPER_ROOT;XIRECS;36621.0;7
617504;;;ASH_COATED_OSMIUM;XIRECS;9996.0;6
620557;;;ASH_COATED_OSMIUM;XIRECS;10012.0;9
620654;;;INTARIAN_PEPPER_ROOT;XIRECS;36614.0;5
621149;;;ASH_COATED_OSMIUM;XIRECS;9986.0;9
624631;;;ASH_COATED_OSMIUM;XIRECS;9997.0;4
625537;;;ASH_COATED_OSMIUM;XIRECS;9994.0;6
627080;;;INTARIAN_PEPPER_ROOT;XIRECS;36633.0;4
629551;;;ASH_COATED_OSMIUM;XIRECS;10002.0;3
629673;;;INTARIAN_PEPPER_ROOT;XIRECS;36625.0;7
629911;;;ASH_COATED_OSMIUM;XIRECS;9992.0;3
633580;;;ASH_COATED_OSMIUM;XIRECS;9998.0;10
635222;;;INTARIAN_PEPPER_ROOT;XIRECS;36628.0;3
638308;;;ASH_COATED_OSMIUM;XIRECS;10003.0;8
638408;;;ASH_COATED_OSMIUM;XIRECS;9998.0;2
639037;;;INTARIAN_PEPPER_ROOT;XIRECS;36632.0;5
642894;;;INTARIAN_PEPPER_ROOT;XIRECS;36635.0;7
642961;;;INTARIAN_PEPPER_ROOT;XIRECS;36648.0;7
643507;;;INTARIAN_PEPPER_ROOT;XIRECS;36649.0;4
644556;;;ASH_COATED_OSMIUM;XIRECS;9990.0;4
645458;;;INTARIAN_PEPPER_ROOT;XIRECS;36642.0;5
648066;;;ASH_COATED_OSMIUM;XIRECS;9991.0;6
648664;;;ASH_COATED_OSMIUM;XIRECS;10008.0;4
651803;;;ASH_COATED_OSMIUM;XIRECS;9997.0;5
651990;;;ASH_COATED_OSMIUM;XIRECS;9998.0;2
653515;;;INTARIAN_PEPPER_ROOT;XIRECS;36661.0;3
653560;;;ASH_COATED_OSMIUM;XIRECS;10014.0;3
654169;;;ASH_COATED_OSMIUM;XIRECS;9982.0;3
654475;;;ASH_COATED_OSMIUM;XIRECS;9985.0;5
654520;;;ASH_COATED_OSMIUM;XIRECS;9988.0;3
660038;;;INTARIAN_PEPPER_ROOT;XIRECS;36652.0;3
660838;;;INTARIAN_PEPPER_ROOT;XIRECS;36656.0;4
663032;;;ASH_COATED_OSMIUM;XIRECS;10004.0;6
665133;;;ASH_COATED_OSMIUM;XIRECS;9999.0;3
666478;;;INTARIAN_PEPPER_ROOT;XIRECS;36672.0;7
668717;;;INTARIAN_PEPPER_ROOT;XIRECS;36670.0;6
670535;;;ASH_COATED_OSMIUM;XIRECS;9991.0;6
670625;;;INTARIAN_PEPPER_ROOT;XIRECS;36671.0;8
672795;;;ASH_COATED_OSMIUM;XIRECS;9995.0;2
676182;;;ASH_COATED_OSMIUM;XIRECS;9991.0;4
678272;;;ASH_COATED_OSMIUM;XIRECS;9994.0;9
679509;;;ASH_COATED_OSMIUM;XIRECS;10003.0;10
679807;;;INTARIAN_PEPPER_ROOT;XIRECS;36673.0;6
683233;;;ASH_COATED_OSMIUM;XIRECS;9983.0;3
683409;;;ASH_COATED_OSMIUM;XIRECS;9994.0;2
684587;;;ASH_COATED_OSMIUM;XIRECS;9996.0;6
684641;;;INTARIAN_PEPPER_ROOT;XIRECS;36678.0;3
684646;;;INTARIAN_PEPPER_ROOT;XIRECS;36691.0;6
684967;;;ASH_COATED_OSMIUM;XIRECS;9987.0;10
685377;;;INTARIAN_PEPPER_ROOT;XIRECS;36691.0;7
685800;;;ASH_COATED_OSMIUM;XIRECS;9982.0;3
686259;;;ASH_COATED_OSMIUM;XIRECS;10014.0;5
687552;;;ASH_COATED_OSMIUM;XIRECS;9995.0;5
689548;;;INTARIAN_PEPPER_ROOT;XIRECS;36689.0;4
695331;;;ASH_COATED_OSMIUM;XIRECS;9983.0;2
696488;;;ASH_COATED_OSMIUM;XIRECS;10002.0;5
697722;;;ASH_COATED_OSMIUM;XIRECS;9987.0;3
699782;;;ASH_COATED_OSMIUM;XIRECS;10010.0;3
700257;;;ASH_COATED_OSMIUM;XIRECS;10006.0;7
705183;;;INTARIAN_PEPPER_ROOT;XIRECS;36700.0;4
707240;;;ASH_COATED_OSMIUM;XIRECS;10010.0;4
709103;;;ASH_COATED_OSMIUM;XIRECS;9981.0;3
709295;;;ASH_COATED_OSMIUM;XIRECS;9986.0;3
710159;;;ASH_COATED_OSMIUM;XIRECS;10009.0;7
710205;;;ASH_COATED_OSMIUM;XIRECS;9991.0;6
711147;;;ASH_COATED_OSMIUM;XIRECS;9998.0;9
712821;;;ASH_COATED_OSMIUM;XIRECS;9996.0;3
715493;;;ASH_COATED_OSMIUM;XIRECS;10009.0;10
715676;;;ASH_COATED_OSMIUM;XIRECS;10004.0;4
716158;;;ASH_COATED_OSMIUM;XIRECS;10000.0;3
719361;;;ASH_COATED_OSMIUM;XIRECS;9993.0;3
719686;;;ASH_COATED_OSMIUM;XIRECS;9992.0;4
720164;;;INTARIAN_PEPPER_ROOT;XIRECS;36728.0;6
720357;;;INTARIAN_PEPPER_ROOT;XIRECS;36710.0;6
720469;;;ASH_COATED_OSMIUM;XIRECS;10005.0;2
721213;;;INTARIAN_PEPPER_ROOT;XIRECS;36725.0;5
721549;;;ASH_COATED_OSMIUM;XIRECS;10000.0;5
722137;;;ASH_COATED_OSMIUM;XIRECS;10012.0;4
723465;;;INTARIAN_PEPPER_ROOT;XIRECS;36730.0;6
724370;;;INTARIAN_PEPPER_ROOT;XIRECS;36717.0;5
725617;;;INTARIAN_PEPPER_ROOT;XIRECS;36723.0;3
729962;;;ASH_COATED_OSMIUM;XIRECS;9997.0;2
730542;;;ASH_COATED_OSMIUM;XIRECS;10000.0;3
730608;;;ASH_COATED_OSMIUM;XIRECS;10009.0;6
731288;;;ASH_COATED_OSMIUM;XIRECS;10000.0;10
734111;;;ASH_COATED_OSMIUM;XIRECS;9979.0;9
737563;;;INTARIAN_PEPPER_ROOT;XIRECS;36728.0;4
747982;;;INTARIAN_PEPPER_ROOT;XIRECS;36756.0;5
748399;;;INTARIAN_PEPPER_ROOT;XIRECS;36757.0;7
748797;;;INTARIAN_PEPPER_ROOT;XIRECS;36756.0;7
748917;;;ASH_COATED_OSMIUM;XIRECS;10010.0;7
749617;;;ASH_COATED_OSMIUM;XIRECS;9989.0;8
749878;;;INTARIAN_PEPPER_ROOT;XIRECS;36742.0;6
750031;;;INTARIAN_PEPPER_ROOT;XIRECS;36758.0;5
750427;;;INTARIAN_PEPPER_ROOT;XIRECS;36750.0;6
752998;;;ASH_COATED_OSMIUM;XIRECS;10005.0;9
753990;;;ASH_COATED_OSMIUM;XIRECS;10004.0;5
754076;;;ASH_COATED_OSMIUM;XIRECS;10008.0;5
755676;;;ASH_COATED_OSMIUM;XIRECS;10011.0;5
757774;;;INTARIAN_PEPPER_ROOT;XIRECS;36753.0;5
761845;;;INTARIAN_PEPPER_ROOT;XIRECS;36759.0;3
761849;;;ASH_COATED_OSMIUM;XIRECS;9986.0;5
762528;;;INTARIAN_PEPPER_ROOT;XIRECS;36760.0;6
763255;;;INTARIAN_PEPPER_ROOT;XIRECS;36756.0;7
764102;;;INTARIAN_PEPPER_ROOT;XIRECS;36769.0;7
765111;;;INTARIAN_PEPPER_ROOT;XIRECS;36760.0;5
765655;;;ASH_COATED_OSMIUM;XIRECS;9984.0;3
766848;;;INTARIAN_PEPPER_ROOT;XIRECS;36773.0;6
767042;;;INTARIAN_PEPPER_ROOT;XIRECS;36757.0;4
768699;;;INTARIAN_PEPPER_ROOT;XIRECS;36777.0;5
768974;;;ASH_COATED_OSMIUM;XIRECS;9979.0;2
770182;;;ASH_COATED_OSMIUM;XIRECS;9992.0;5
770423;;;ASH_COATED_OSMIUM;XIRECS;9993.0;2
776524;;;INTARIAN_PEPPER_ROOT;XIRECS;36775.0;3
777856;;;ASH_COATED_OSMIUM;XIRECS;9995.0;9
782794;;;ASH_COATED_OSMIUM;XIRECS;9989.0;6
783924;;;ASH_COATED_OSMIUM;XIRECS;10010.0;4
784624;;;INTARIAN_PEPPER_ROOT;XIRECS;36790.0;4
784773;;;INTARIAN_PEPPER_ROOT;XIRECS;36793.0;6
789427;;;INTARIAN_PEPPER_ROOT;XIRECS;36798.0;5
790085;;;ASH_COATED_OSMIUM;XIRECS;9984.0;4
791803;;;INTARIAN_PEPPER_ROOT;XIRECS;36784.0;4
791881;;;ASH_COATED_OSMIUM;XIRECS;9979.0;8
793836;;;INTARIAN_PEPPER_ROOT;XIRECS;36800.0;6
794111;;;ASH_COATED_OSMIUM;XIRECS;10015.0;8
794491;;;ASH_COATED_OSMIUM;XIRECS;10007.0;3
795192;;;INTARIAN_PEPPER_ROOT;XIRECS;36805.0;3
795865;;;ASH_COATED_OSMIUM;XIRECS;9994.0;9
797357;;;INTARIAN_PEPPER_ROOT;XIRECS;36800.0;4
798288;;;ASH_COATED_OSMIUM;XIRECS;9986.0;7
799098;;;ASH_COATED_OSMIUM;XIRECS;9993.0;4
800918;;;INTARIAN_PEPPER_ROOT;XIRECS;36794.0;6
801574;;;INTARIAN_PEPPER_ROOT;XIRECS;36789.0;7
803538;;;INTARIAN_PEPPER_ROOT;XIRECS;36795.0;3
803839;;;ASH_COATED_OSMIUM;XIRECS;10007.0;6
804769;;;ASH_COATED_OSMIUM;XIRECS;9999.0;5
805639;;;ASH_COATED_OSMIUM;XIRECS;10010.0;10
806154;;;INTARIAN_PEPPER_ROOT;XIRECS;36799.0;5
807436;;;ASH_COATED_OSMIUM;XIRECS;9985.0;6
809201;;;INTARIAN_PEPPER_ROOT;XIRECS;36817.0;7
810599;;;INTARIAN_PEPPER_ROOT;XIRECS;36802.0;6
811147;;;ASH_COATED_OSMIUM;XIRECS;10015.0;3
812399;;;ASH_COATED_OSMIUM;XIRECS;9992.0;6
813002;;;ASH_COATED_OSMIUM;XIRECS;9986.0;8
815190;;;INTARIAN_PEPPER_ROOT;XIRECS;36820.0;7
818757;;;INTARIAN_PEPPER_ROOT;XIRECS;36816.0;3
819285;;;INTARIAN_PEPPER_ROOT;XIRECS;36812.0;3
819704;;;ASH_COATED_OSMIUM;XIRECS;9982.0;2
820498;;;ASH_COATED_OSMIUM;XIRECS;9982.0;6
825417;;;ASH_COATED_OSMIUM;XIRECS;10002.0;3
826970;;;ASH_COATED_OSMIUM;XIRECS;10011.0;4
827859;;;ASH_COATED_OSMIUM;XIRECS;10005.0;6
830281;;;ASH_COATED_OSMIUM;XIRECS;10002.0;2
833425;;;INTARIAN_PEPPER_ROOT;XIRECS;36829.0;7
834758;;;ASH_COATED_OSMIUM;XIRECS;9993.0;5
837329;;;INTARIAN_PEPPER_ROOT;XIRECS;36843.0;3
838209;;;ASH_COATED_OSMIUM;XIRECS;10006.0;5
839732;;;INTARIAN_PEPPER_ROOT;XIRECS;36836.0;3
845660;;;ASH_COATED_OSMIUM;XIRECS;9988.0;6
847579;;;ASH_COATED_OSMIUM;XIRECS;10001.0;2
848775;;;ASH_COATED_OSMIUM;XIRECS;10007.0;4
849218;;;ASH_COATED_OSMIUM;XIRECS;10001.0;9
851525;;;INTARIAN_PEPPER_ROOT;XIRECS;36857.0;3
852232;;;ASH_COATED_OSMIUM;XIRECS;10008.0;2
853825;;;INTARIAN_PEPPER_ROOT;XIRECS;36846.0;5
854330;;;INTARIAN_PEPPER_ROOT;XIRECS;36845.0;7
855064;;;INTARIAN_PEPPER_ROOT;XIRECS;36863.0;6
857019;;;ASH_COATED_OSMIUM;XIRECS;10016.0;3
857979;;;ASH_COATED_OSMIUM;XIRECS;9994.0;2
858355;;;INTARIAN_PEPPER_ROOT;XIRECS;36856.0;6
859422;;;ASH_COATED_OSMIUM;XIRECS;10015.0;2
860082;;;ASH_COATED_OSMIUM;XIRECS;9995.0;3
863287;;;ASH_COATED_OSMIUM;XIRECS;10008.0;5
864442;;;INTARIAN_PEPPER_ROOT;XIRECS;36870.0;4
865134;;;INTARIAN_PEPPER_ROOT;XIRECS;36869.0;3
866032;;;ASH_COATED_OSMIUM;XIRECS;9986.0;2
868588;;;INTARIAN_PEPPER_ROOT;XIRECS;36869.0;4
869213;;;ASH_COATED_OSMIUM;XIRECS;9984.0;4
869237;;;ASH_COATED_OSMIUM;XIRECS;9984.0;9
869426;;;INTARIAN_PEPPER_ROOT;XIRECS;36862.0;6
869959;;;INTARIAN_PEPPER_ROOT;XIRECS;36872.0;5
871796;;;INTARIAN_PEPPER_ROOT;XIRECS;36866.0;4
874216;;;ASH_COATED_OSMIUM;XIRECS;9991.0;10
874741;;;INTARIAN_PEPPER_ROOT;XIRECS;36867.0;4
876994;;;INTARIAN_PEPPER_ROOT;XIRECS;36870.0;5
881648;;;ASH_COATED_OSMIUM;XIRECS;10012.0;6
882047;;;INTARIAN_PEPPER_ROOT;XIRECS;36873.0;6
882266;;;INTARIAN_PEPPER_ROOT;XIRECS;36892.0;7
882429;;;ASH_COATED_OSMIUM;XIRECS;9994.0;5
883512;;;ASH_COATED_OSMIUM;XIRECS;10000.0;3
884561;;;ASH_COATED_OSMIUM;XIRECS;10013.0;5
885616;;;ASH_COATED_OSMIUM;XIRECS;10005.0;6
886609;;;INTARIAN_PEPPER_ROOT;XIRECS;36887.0;6
888059;;;ASH_COATED_OSMIUM;XIRECS;9985.0;4
889984;;;ASH_COATED_OSMIUM;XIRECS;10005.0;3
891740;;;ASH_COATED_OSMIUM;XIRECS;9982.0;5
891985;;;INTARIAN_PEPPER_ROOT;XIRECS;36894.0;3
894821;;;ASH_COATED_OSMIUM;XIRECS;10017.0;5
896311;;;ASH_COATED_OSMIUM;XIRECS;10002.0;4
896912;;;INTARIAN_PEPPER_ROOT;XIRECS;36890.0;6
897749;;;INTARIAN_PEPPER_ROOT;XIRECS;36890.0;5
898367;;;ASH_COATED_OSMIUM;XIRECS;10013.0;4
899602;;;INTARIAN_PEPPER_ROOT;XIRECS;36893.0;3
900068;;;INTARIAN_PEPPER_ROOT;XIRECS;36891.0;4
901796;;;INTARIAN_PEPPER_ROOT;XIRECS;36907.0;6
902041;;;INTARIAN_PEPPER_ROOT;XIRECS;36909.0;3
903762;;;ASH_COATED_OSMIUM;XIRECS;10012.0;5
903911;;;INTARIAN_PEPPER_ROOT;XIRECS;36898.0;8
906682;;;ASH_COATED_OSMIUM;XIRECS;10005.0;10
906866;;;INTARIAN_PEPPER_ROOT;XIRECS;36904.0;6
906957;;;INTARIAN_PEPPER_ROOT;XIRECS;36917.0;3
909274;;;INTARIAN_PEPPER_ROOT;XIRECS;36915.0;6
912219;;;ASH_COATED_OSMIUM;XIRECS;10011.0;4
917093;;;INTARIAN_PEPPER_ROOT;XIRECS;36910.0;7
917207;;;INTARIAN_PEPPER_ROOT;XIRECS;36926.0;4
918003;;;ASH_COATED_OSMIUM;XIRECS;9990.0;6
918670;;;ASH_COATED_OSMIUM;XIRECS;10003.0;5
921637;;;INTARIAN_PEPPER_ROOT;XIRECS;36912.0;4
922270;;;ASH_COATED_OSMIUM;XIRECS;10017.0;4
922309;;;ASH_COATED_OSMIUM;XIRECS;10014.0;2
925067;;;ASH_COATED_OSMIUM;XIRECS;9997.0;7
925218;;;ASH_COATED_OSMIUM;XIRECS;10014.0;2
925436;;;ASH_COATED_OSMIUM;XIRECS;9993.0;5
926251;;;INTARIAN_PEPPER_ROOT;XIRECS;36933.0;2
927350;;;ASH_COATED_OSMIUM;XIRECS;9993.0;2
927587;;;ASH_COATED_OSMIUM;XIRECS;10017.0;6
928898;;;ASH_COATED_OSMIUM;XIRECS;9992.0;6
931131;;;ASH_COATED_OSMIUM;XIRECS;9991.0;6
932089;;;INTARIAN_PEPPER_ROOT;XIRECS;36935.0;7
936479;;;ASH_COATED_OSMIUM;XIRECS;9995.0;7
938722;;;ASH_COATED_OSMIUM;XIRECS;9996.0;2
938790;;;INTARIAN_PEPPER_ROOT;XIRECS;36932.0;3
938939;;;ASH_COATED_OSMIUM;XIRECS;9998.0;5
939003;;;ASH_COATED_OSMIUM;XIRECS;9980.0;2
942041;;;ASH_COATED_OSMIUM;XIRECS;10008.0;7
942551;;;INTARIAN_PEPPER_ROOT;XIRECS;36949.0;3
942665;;;INTARIAN_PEPPER_ROOT;XIRECS;36935.0;4
945183;;;INTARIAN_PEPPER_ROOT;XIRECS;36952.0;7
945836;;;INTARIAN_PEPPER_ROOT;XIRECS;36939.0;3
946987;;;ASH_COATED_OSMIUM;XIRECS;9996.0;6
947228;;;ASH_COATED_OSMIUM;XIRECS;9995.0;4
947409;;;ASH_COATED_OSMIUM;XIRECS;9993.0;5
948004;;;ASH_COATED_OSMIUM;XIRECS;10008.0;2
950360;;;INTARIAN_PEPPER_ROOT;XIRECS;36946.0;8
951716;;;ASH_COATED_OSMIUM;XIRECS;9995.0;6
952192;;;ASH_COATED_OSMIUM;XIRECS;9988.0;9
952380;;;ASH_COATED_OSMIUM;XIRECS;10006.0;4
952740;;;ASH_COATED_OSMIUM;XIRECS;9986.0;10
952897;;;INTARIAN_PEPPER_ROOT;XIRECS;36949.0;4
954140;;;ASH_COATED_OSMIUM;XIRECS;10010.0;6
956809;;;ASH_COATED_OSMIUM;XIRECS;10004.0;2
957044;;;ASH_COATED_OSMIUM;XIRECS;9989.0;8
957760;;;ASH_COATED_OSMIUM;XIRECS;9999.0;10
958213;;;ASH_COATED_OSMIUM;XIRECS;9997.0;3
959851;;;ASH_COATED_OSMIUM;XIRECS;10014.0;8
960038;;;ASH_COATED_OSMIUM;XIRECS;9999.0;6
960206;;;ASH_COATED_OSMIUM;XIRECS;9995.0;3
960663;;;ASH_COATED_OSMIUM;XIRECS;9990.0;3
961113;;;ASH_COATED_OSMIUM;XIRECS;9999.0;4
962732;;;ASH_COATED_OSMIUM;XIRECS;9989.0;9
963081;;;ASH_COATED_OSMIUM;XIRECS;10010.0;3
963720;;;ASH_COATED_OSMIUM;XIRECS;10017.0;6
967562;;;INTARIAN_PEPPER_ROOT;XIRECS;36974.0;7
968418;;;ASH_COATED_OSMIUM;XIRECS;10009.0;7
969834;;;ASH_COATED_OSMIUM;XIRECS;10006.0;10
970462;;;INTARIAN_PEPPER_ROOT;XIRECS;36964.0;6
970880;;;INTARIAN_PEPPER_ROOT;XIRECS;36963.0;4
971509;;;ASH_COATED_OSMIUM;XIRECS;10012.0;5
971550;;;ASH_COATED_OSMIUM;XIRECS;9996.0;6
972344;;;ASH_COATED_OSMIUM;XIRECS;10005.0;6
973553;;;ASH_COATED_OSMIUM;XIRECS;9992.0;5
975732;;;ASH_COATED_OSMIUM;XIRECS;10014.0;3
976075;;;INTARIAN_PEPPER_ROOT;XIRECS;36986.0;7
976993;;;ASH_COATED_OSMIUM;XIRECS;9994.0;2
977095;;;ASH_COATED_OSMIUM;XIRECS;9999.0;6
977228;;;ASH_COATED_OSMIUM;XIRECS;10009.0;6
977325;;;INTARIAN_PEPPER_ROOT;XIRECS;36982.0;7
977761;;;INTARIAN_PEPPER_ROOT;XIRECS;36987.0;6
978781;;;ASH_COATED_OSMIUM;XIRECS;10009.0;6
980235;;;ASH_COATED_OSMIUM;XIRECS;10011.0;2
981171;;;ASH_COATED_OSMIUM;XIRECS;10006.0;3
981751;;;ASH_COATED_OSMIUM;XIRECS;10004.0;2
982266;;;ASH_COATED_OSMIUM;XIRECS;10007.0;5
984643;;;INTARIAN_PEPPER_ROOT;XIRECS;36992.0;3
985309;;;INTARIAN_PEPPER_ROOT;XIRECS;36993.0;6
986440;;;ASH_COATED_OSMIUM;XIRECS;10008.0;6
989989;;;INTARIAN_PEPPER_ROOT;XIRECS;36976.0;7
990211;;;INTARIAN_PEPPER_ROOT;XIRECS;36995.0;6
991475;;;INTARIAN_PEPPER_ROOT;XIRECS;36998.0;5
993023;;;ASH_COATED_OSMIUM;XIRECS;9987.0;2
994491;;;ASH_COATED_OSMIUM;XIRECS;9987.0;5
994908;;;ASH_COATED_OSMIUM;XIRECS;9994.0;7
994961;;;INTARIAN_PEPPER_ROOT;XIRECS;36988.0;6
997085;;;ASH_COATED_OSMIUM;XIRECS;9990.0;9
998633;;;INTARIAN_PEPPER_ROOT;XIRECS;37005.0;7
998787;;;ASH_COATED_OSMIUM;XIRECS;10009.0;4