timestamp;buyer;seller;symbol;currency;price;quantity
5335;;;ASH_COATED_OSMIUM;XIRECS;9992.0;6
6774;;;ASH_COATED_OSMIUM;XIRECS;10007.0;5
7178;;;ASH_COATED_OSMIUM;XIRECS;9991.0;10
10510;;;INTARIAN_PEPPER_ROOT;XIRECS;23006.0;6
12466;;;INTARIAN_PEPPER_ROOT;XIRECS;23007.0;4
13508;;;INTARIAN_PEPPER_ROOT;XIRECS;23023.0;6
16182;;;INTARIAN_PEPPER_ROOT;XIRECS;23022.0;5
17164;;;ASH_COATED_OSMIUM;XIRECS;9990.0;8
18023;;;INTARIAN_PEPPER_ROOT;XIRECS;23023.0;8
20232;;;INTARIAN_PEPPER_ROOT;XIRECS;23012.0;6
22028;;;ASH_COATED_OSMIUM;XIRECS;9981.0;2
22176;;;INTARIAN_PEPPER_ROOT;XIRECS;23019.0;6
23463;;;INTARIAN_PEPPER_ROOT;XIRECS;23029.0;5
23924;;;INTARIAN_PEPPER_ROOT;XIRECS;23034.0;3
24237;;;ASH_COATED_OSMIUM;XIRECS;9981.0;3
24913;;;ASH_COATED_OSMIUM;XIRECS;10006.0;2
25517;;;INTARIAN_PEPPER_ROOT;XIRECS;23022.0;5
26338;;;ASH_COATED_OSMIUM;XIRECS;10003.0;5
27756;;;ASH_COATED_OSMIUM;XIRECS;9981.0;3
29342;;;ASH_COATED_OSMIUM;XIRECS;10001.0;3
32700;;;INTARIAN_PEPPER_ROOT;XIRECS;23027.0;4
35299;;;INTARIAN_PEPPER_ROOT;XIRECS;23042.0;5
37315;;;ASH_COATED_OSMIUM;XIRECS;9990.0;5
37673;;;ASH_COATED_OSMIUM;XIRECS;9991.0;10
38823;;;ASH_COATED_OSMIUM;XIRECS;10008.0;6
39483;;;ASH_COATED_OSMIUM;XIRECS;9988.0;2
40318;;;INTARIAN_PEPPER_ROOT;XIRECS;23032.0;5
40700;;;INTARIAN_PEPPER_ROOT;XIRECS;23034.0;3
40995;;;INTARIAN_PEPPER_ROOT;XIRECS;23031.0;7
41880;;;ASH_COATED_OSMIUM;XIRECS;9989.0;5
43414;;;ASH_COATED_OSMIUM;XIRECS;9993.0;7
44310;;;INTARIAN_PEPPER_ROOT;XIRECS;23048.0;5
45287;;;INTARIAN_PEPPER_ROOT;XIRECS;23043.0;5
47049;;;ASH_COATED_OSMIUM;XIRECS;9988.0;3
49517;;;ASH_COATED_OSMIUM;XIRECS;10004.0;5
50267;;;INTARIAN_PEPPER_ROOT;XIRECS;23043.0;5
52536;;;INTARIAN_PEPPER_ROOT;XIRECS;23058.0;6
53719;;;ASH_COATED_OSMIUM;XIRECS;9988.0;6
54663;;;ASH_COATED_OSMIUM;XIRECS;9996.0;8
54801;;;INTARIAN_PEPPER_ROOT;XIRECS;23048.0;6
55357;;;ASH_COATED_OSMIUM;XIRECS;9999.0;3
55585;;;ASH_COATED_OSMIUM;XIRECS;10004.0;5
57326;;;INTARIAN_PEPPER_ROOT;XIRECS;23067.0;3
61271;;;ASH_COATED_OSMIUM;XIRECS;9987.0;3
64642;;;INTARIAN_PEPPER_ROOT;XIRECS;23071.0;7
65181;;;INTARIAN_PEPPER_ROOT;XIRECS;23068.0;6
66248;;;INTARIAN_PEPPER_ROOT;XIRECS;23073.0;7
66293;;;INTARIAN_PEPPER_ROOT;XIRECS;23073.0;6
66890;;;ASH_COATED_OSMIUM;XIRECS;9986.0;6
66910;;;ASH_COATED_OSMIUM;XIRECS;10009.0;9
67343;;;INTARIAN_PEPPER_ROOT;XIRECS;23057.0;3
70134;;;ASH_COATED_OSMIUM;XIRECS;9989.0;5
70855;;;ASH_COATED_OSMIUM;XIRECS;9989.0;4
72985;;;ASH_COATED_OSMIUM;XIRECS;9992.0;6
73202;;;ASH_COATED_OSMIUM;XIRECS;9993.0;3
73515;;;ASH_COATED_OSMIUM;XIRECS;9987.0;5
76399;;;INTARIAN_PEPPER_ROOT;XIRECS;23081.0;5
77428;;;INTARIAN_PEPPER_ROOT;XIRECS;23084.0;6
80096;;;ASH_COATED_OSMIUM;XIRECS;10005.0;9
80495;;;INTARIAN_PEPPER_ROOT;XIRECS;23072.0;3
81064;;;INTARIAN_PEPPER_ROOT;XIRECS;23089.0;7
83359;;;ASH_COATED_OSMIUM;XIRECS;9993.0;8
86141;;;ASH_COATED_OSMIUM;XIRECS;10007.0;8
88577;;;INTARIAN_PEPPER_ROOT;XIRECS;23093.0;3
89450;;;INTARIAN_PEPPER_ROOT;XIRECS;23096.0;4
92260;;;ASH_COATED_OSMIUM;XIRECS;10004.0;6
94884;;;ASH_COATED_OSMIUM;XIRECS;10008.0;3
95431;;;ASH_COATED_OSMIUM;XIRECS;10005.0;2
96386;;;INTARIAN_PEPPER_ROOT;XIRECS;23101.0;5
97640;;;ASH_COATED_OSMIUM;XIRECS;10004.0;9
97979;;;ASH_COATED_OSMIUM;XIRECS;9988.0;5
99299;;;INTARIAN_PEPPER_ROOT;XIRECS;23107.0;6
100183;;;INTARIAN_PEPPER_ROOT;XIRECS;23092.0;5
101693;;;ASH_COATED_OSMIUM;XIRECS;9984.0;5
102008;;;ASH_COATED_OSMIUM;XIRECS;10007.0;5
102678;;;ASH_COATED_OSMIUM;XIRECS;9990.0;4
103523;;;ASH_COATED_OSMIUM;XIRECS;9991.0;3
103858;;;ASH_COATED_OSMIUM;XIRECS;9992.0;2
103923;;;ASH_COATED_OSMIUM;XIRECS;9986.0;3
105096;;;ASH_COATED_OSMIUM;XIRECS;10006.0;9
105560;;;ASH_COATED_OSMIUM;XIRECS;9987.0;7
105691;;;ASH_COATED_OSMIUM;XIRECS;9990.0;4
109691;;;INTARIAN_PEPPER_ROOT;XIRECS;23113.0;5
110782;;;INTARIAN_PEPPER_ROOT;XIRECS;23123.0;4
112023;;;INTARIAN_PEPPER_ROOT;XIRECS;23117.0;3
113964;;;INTARIAN_PEPPER_ROOT;XIRECS;23116.0;6
114014;;;INTARIAN_PEPPER_ROOT;XIRECS;23107.0;4
115514;;;ASH_COATED_OSMIUM;XIRECS;10005.0;4
117463;;;ASH_COATED_OSMIUM;XIRECS;10008.0;5
118550;;;ASH_COATED_OSMIUM;XIRECS;9992.0;2
120100;;;ASH_COATED_OSMIUM;XIRECS;9987.0;2
120803;;;ASH_COATED_OSMIUM;XIRECS;9985.0;5
121002;;;ASH_COATED_OSMIUM;XIRECS;9992.0;3
122554;;;INTARIAN_PEPPER_ROOT;XIRECS;23132.0;4
125103;;;ASH_COATED_OSMIUM;XIRECS;10007.0;6
126033;;;ASH_COATED_OSMIUM;XIRECS;9991.0;6
127345;;;ASH_COATED_OSMIUM;XIRECS;9992.0;6
128392;;;ASH_COATED_OSMIUM;XIRECS;9985.0;6
128609;;;ASH_COATED_OSMIUM;XIRECS;10004.0;2
129369;;;ASH_COATED_OSMIUM;XIRECS;9984.0;2
130745;;;INTARIAN_PEPPER_ROOT;XIRECS;23139.0;5
131610;;;INTARIAN_PEPPER_ROOT;XIRECS;23139.0;3
133410;;;ASH_COATED_OSMIUM;XIRECS;10007.0;8
136319;;;ASH_COATED_OSMIUM;XIRECS;10006.0;5
136640;;;ASH_COATED_OSMIUM;XIRECS;10001.0;8
137442;;;ASH_COATED_OSMIUM;XIRECS;10000.0;9
140761;;;ASH_COATED_OSMIUM;XIRECS;9980.0;6
141817;;;ASH_COATED_OSMIUM;XIRECS;9997.0;6
142478;;;ASH_COATED_OSMIUM;XIRECS;9988.0;6
142886;;;ASH_COATED_OSMIUM;XIRECS;9981.0;5
143053;;;ASH_COATED_OSMIUM;XIRECS;9981.0;5
143925;;;INTARIAN_PEPPER_ROOT;XIRECS;23133.0;5
144549;;;ASH_COATED_OSMIUM;XIRECS;10002.0;5
147126;;;INTARIAN_PEPPER_ROOT;XIRECS;23142.0;7
150888;;;ASH_COATED_OSMIUM;XIRECS;10001.0;5
151651;;;INTARIAN_PEPPER_ROOT;XIRECS;23142.0;5
153338;;;ASH_COATED_OSMIUM;XIRECS;10001.0;2
153643;;;INTARIAN_PEPPER_ROOT;XIRECS;23163.0;6
154647;;;ASH_COATED_OSMIUM;XIRECS;9981.0;4
156548;;;ASH_COATED_OSMIUM;XIRECS;10000.0;6
156606;;;ASH_COATED_OSMIUM;XIRECS;9976.0;6
158006;;;INTARIAN_PEPPER_ROOT;XIRECS;23149.0;8
158148;;;INTARIAN_PEPPER_ROOT;XIRECS;23150.0;6
159877;;;INTARIAN_PEPPER_ROOT;XIRECS;23154.0;7
161070;;;ASH_COATED_OSMIUM;XIRECS;9985.0;6
161991;;;ASH_COATED_OSMIUM;XIRECS;10000.0;4
163769;;;INTARIAN_PEPPER_ROOT;XIRECS;23170.0;6
164020;;;ASH_COATED_OSMIUM;XIRECS;9996.0;6
164828;;;ASH_COATED_OSMIUM;XIRECS;9986.0;10
165168;;;ASH_COATED_OSMIUM;XIRECS;9983.0;2
166315;;;INTARIAN_PEPPER_ROOT;XIRECS;23173.0;6
169356;;;INTARIAN_PEPPER_ROOT;XIRECS;23162.0;3
175955;;;INTARIAN_PEPPER_ROOT;XIRECS;23181.0;5
176561;;;INTARIAN_PEPPER_ROOT;XIRECS;23169.0;7
177124;;;INTARIAN_PEPPER_ROOT;XIRECS;23174.0;7
178609;;;ASH_COATED_OSMIUM;XIRECS;9987.0;6
180447;;;INTARIAN_PEPPER_ROOT;XIRECS;23174.0;5
182497;;;INTARIAN_PEPPER_ROOT;XIRECS;23176.0;7
183524;;;INTARIAN_PEPPER_ROOT;XIRECS;23191.0;7
187883;;;ASH_COATED_OSMIUM;XIRECS;10010.0;5
188318;;;INTARIAN_PEPPER_ROOT;XIRECS;23194.0;4
188878;;;INTARIAN_PEPPER_ROOT;XIRECS;23195.0;8
189758;;;ASH_COATED_OSMIUM;XIRECS;10009.0;2
190126;;;INTARIAN_PEPPER_ROOT;XIRECS;23195.0;3
191755;;;ASH_COATED_OSMIUM;XIRECS;9994.0;3
194568;;;INTARIAN_PEPPER_ROOT;XIRECS;23190.0;5
195089;;;INTARIAN_PEPPER_ROOT;XIRECS;23202.0;3
195640;;;INTARIAN_PEPPER_ROOT;XIRECS;23190.0;7
199559;;;ASH_COATED_OSMIUM;XIRECS;10005.0;4
199741;;;ASH_COATED_OSMIUM;XIRECS;9989.0;4
200681;;;ASH_COATED_OSMIUM;XIRECS;9990.0;5
202789;;;ASH_COATED_OSMIUM;XIRECS;10014.0;4
206084;;;ASH_COATED_OSMIUM;XIRECS;9992.0;5
206307;;;INTARIAN_PEPPER_ROOT;XIRECS;23200.0;3
207709;;;INTARIAN_PEPPER_ROOT;XIRECS;23201.0;6
208839;;;ASH_COATED_OSMIUM;XIRECS;9990.0;6
209507;;;ASH_COATED_OSMIUM;XIRECS;9995.0;3
210809;;;INTARIAN_PEPPER_ROOT;XIRECS;23203.0;6
210931;;;ASH_COATED_OSMIUM;XIRECS;10013.0;5
214164;;;INTARIAN_PEPPER_ROOT;XIRECS;23221.0;7
218140;;;ASH_COATED_OSMIUM;XIRECS;10007.0;4
218807;;;ASH_COATED_OSMIUM;XIRECS;10008.0;6
219378;;;INTARIAN_PEPPER_ROOT;XIRECS;23223.0;5
220282;;;ASH_COATED_OSMIUM;XIRECS;9987.0;9
221330;;;ASH_COATED_OSMIUM;XIRECS;10009.0;2
221370;;;INTARIAN_PEPPER_ROOT;XIRECS;23211.0;6
221635;;;ASH_COATED_OSMIUM;XIRECS;9989.0;2
225505;;;ASH_COATED_OSMIUM;XIRECS;10005.0;5
226702;;;ASH_COATED_OSMIUM;XIRECS;10005.0;6
226813;;;INTARIAN_PEPPER_ROOT;XIRECS;23235.0;7
227345;;;INTARIAN_PEPPER_ROOT;XIRECS;23218.0;7
227831;;;ASH_COATED_OSMIUM;XIRECS;10004.0;5
229921;;;ASH_COATED_OSMIUM;XIRECS;9991.0;2
230376;;;ASH_COATED_OSMIUM;XIRECS;9995.0;6
230549;;;INTARIAN_PEPPER_ROOT;XIRECS;23229.0;7
234470;;;ASH_COATED_OSMIUM;XIRECS;10005.0;6
234519;;;ASH_COATED_OSMIUM;XIRECS;9989.0;6
234930;;;ASH_COATED_OSMIUM;XIRECS;10009.0;3
235116;;;ASH_COATED_OSMIUM;XIRECS;10010.0;2
235738;;;INTARIAN_PEPPER_ROOT;XIRECS;23243.0;5
237488;;;INTARIAN_PEPPER_ROOT;XIRECS;23244.0;5
238473;;;INTARIAN_PEPPER_ROOT;XIRECS;23230.0;7
245496;;;INTARIAN_PEPPER_ROOT;XIRECS;23240.0;5
246121;;;INTARIAN_PEPPER_ROOT;XIRECS;23239.0;7
246327;;;ASH_COATED_OSMIUM;XIRECS;9997.0;8
249884;;;ASH_COATED_OSMIUM;XIRECS;10001.0;4
254689;;;ASH_COATED_OSMIUM;XIRECS;9997.0;6
256055;;;ASH_COATED_OSMIUM;XIRECS;9994.0;7
256196;;;ASH_COATED_OSMIUM;XIRECS;10011.0;10
257663;;;INTARIAN_PEPPER_ROOT;XIRECS;23252.0;5
261121;;;ASH_COATED_OSMIUM;XIRECS;10006.0;2
264646;;;ASH_COATED_OSMIUM;XIRECS;9990.0;10
264740;;;ASH_COATED_OSMIUM;XIRECS;10006.0;10
265562;;;ASH_COATED_OSMIUM;XIRECS;9995.0;5
267503;;;ASH_COATED_OSMIUM;XIRECS;9995.0;5
267970;;;ASH_COATED_OSMIUM;XIRECS;9995.0;6
270271;;;ASH_COATED_OSMIUM;XIRECS;9993.0;5
272857;;;ASH_COATED_OSMIUM;XIRECS;9993.0;6
273075;;;ASH_COATED_OSMIUM;XIRECS;10014.0;5
273435;;;INTARIAN_PEPPER_ROOT;XIRECS;23281.0;6
275065;;;INTARIAN_PEPPER_ROOT;XIRECS;23282.0;6
275734;;;INTARIAN_PEPPER_ROOT;XIRECS;23270.0;6
276017;;;ASH_COATED_OSMIUM;XIRECS;10009.0;3
276381;;;ASH_COATED_OSMIUM;XIRECS;9997.0;4
276616;;;ASH_COATED_OSMIUM;XIRECS;9997.0;8
277683;;;ASH_COATED_OSMIUM;XIRECS;10009.0;5
277898;;;INTARIAN_PEPPER_ROOT;XIRECS;23274.0;6
279023;;;INTARIAN_PEPPER_ROOT;XIRECS;23285.0;4
281272;;;INTARIAN_PEPPER_ROOT;XIRECS;23276.0;4
282364;;;ASH_COATED_OSMIUM;XIRECS;9992.0;6
283346;;;INTARIAN_PEPPER_ROOT;XIRECS;23276.0;4
285260;;;INTARIAN_PEPPER_ROOT;XIRECS;23281.0;3
287277;;;ASH_COATED_OSMIUM;XIRECS;10001.0;5
291330;;;INTARIAN_PEPPER_ROOT;XIRECS;23299.0;5
295255;;;INTARIAN_PEPPER_ROOT;XIRECS;23285.0;4
295930;;;ASH_COATED_OSMIUM;XIRECS;10013.0;5
296278;;;INTARIAN_PEPPER_ROOT;XIRECS;23299.0;5
299194;;;INTARIAN_PEPPER_ROOT;XIRECS;23306.0;7
301860;;;ASH_COATED_OSMIUM;XIRECS;9991.0;10
303392;;;INTARIAN_PEPPER_ROOT;XIRECS;23313.0;4
303428;;;ASH_COATED_OSMIUM;XIRECS;10006.0;4
304113;;;ASH_COATED_OSMIUM;XIRECS;9996.0;10
305134;;;INTARIAN_PEPPER_ROOT;XIRECS;23298.0;6
305763;;;ASH_COATED_OSMIUM;XIRECS;9991.0;4
305997;;;INTARIAN_PEPPER_ROOT;XIRECS;23309.0;8
306640;;;ASH_COATED_OSMIUM;XIRECS;10013.0;6
308090;;;ASH_COATED_OSMIUM;XIRECS;9991.0;5
308565;;;ASH_COATED_OSMIUM;XIRECS;10008.0;3
308578;;;ASH_COATED_OSMIUM;XIRECS;10008.0;4
308867;;;ASH_COATED_OSMIUM;XIRECS;9997.0;8
308962;;;INTARIAN_PEPPER_ROOT;XIRECS;23316.0;5
311717;;;INTARIAN_PEPPER_ROOT;XIRECS;23303.0;4
312374;;;ASH_COATED_OSMIUM;XIRECS;10013.0;5
313516;;;ASH_COATED_OSMIUM;XIRECS;9996.0;10
314165;;;ASH_COATED_OSMIUM;XIRECS;9995.0;3
315812;;;INTARIAN_PEPPER_ROOT;XIRECS;23310.0;4
319789;;;INTARIAN_PEPPER_ROOT;XIRECS;23328.0;8
321218;;;INTARIAN_PEPPER_ROOT;XIRECS;23334.0;6
323361;;;INTARIAN_PEPPER_ROOT;XIRECS;23329.0;3
323813;;;INTARIAN_PEPPER_ROOT;XIRECS;23319.0;3
324508;;;ASH_COATED_OSMIUM;XIRECS;9992.0;2
326493;;;INTARIAN_PEPPER_ROOT;XIRECS;23335.0;5
327288;;;INTARIAN_PEPPER_ROOT;XIRECS;23320.0;7
327419;;;ASH_COATED_OSMIUM;XIRECS;10003.0;9
327836;;;ASH_COATED_OSMIUM;XIRECS;9990.0;4
328442;;;INTARIAN_PEPPER_ROOT;XIRECS;23332.0;3
330021;;;ASH_COATED_OSMIUM;XIRECS;9999.0;5
332600;;;INTARIAN_PEPPER_ROOT;XIRECS;23324.0;4
338002;;;INTARIAN_PEPPER_ROOT;XIRECS;23331.0;8
338327;;;ASH_COATED_OSMIUM;XIRECS;10010.0;10
338962;;;ASH_COATED_OSMIUM;XIRECS;10000.0;5
339104;;;INTARIAN_PEPPER_ROOT;XIRECS;23344.0;7
340694;;;ASH_COATED_OSMIUM;XIRECS;10009.0;9
340754;;;ASH_COATED_OSMIUM;XIRECS;10004.0;5
342868;;;INTARIAN_PEPPER_ROOT;XIRECS;23338.0;6
342896;;;ASH_COATED_OSMIUM;XIRECS;9986.0;5
346384;;;ASH_COATED_OSMIUM;XIRECS;9985.0;10
347219;;;ASH_COATED_OSMIUM;XIRECS;9989.0;3
347843;;;ASH_COATED_OSMIUM;XIRECS;9985.0;5
348270;;;ASH_COATED_OSMIUM;XIRECS;10006.0;9
348621;;;ASH_COATED_OSMIUM;XIRECS;10005.0;7
352869;;;ASH_COATED_OSMIUM;XIRECS;10004.0;9
353515;;;INTARIAN_PEPPER_ROOT;XIRECS;23347.0;5
354245;;;ASH_COATED_OSMIUM;XIRECS;9985.0;6
355142;;;INTARIAN_PEPPER_ROOT;XIRECS;23346.0;5
356712;;;INTARIAN_PEPPER_ROOT;XIRECS;23344.0;3
358155;;;ASH_COATED_OSMIUM;XIRECS;9989.0;10
360092;;;INTARIAN_PEPPER_ROOT;XIRECS;23351.0;7
360569;;;ASH_COATED_OSMIUM;XIRECS;9989.0;5
361354;;;INTARIAN_PEPPER_ROOT;XIRECS;23369.0;3
362384;;;INTARIAN_PEPPER_ROOT;XIRECS;23351.0;3
364964;;;INTARIAN_PEPPER_ROOT;XIRECS;23357.0;5
369973;;;INTARIAN_PEPPER_ROOT;XIRECS;23375.0;5
370734;;;ASH_COATED_OSMIUM;XIRECS;9979.0;4
374156;;;INTARIAN_PEPPER_ROOT;XIRECS;23365.0;3
376458;;;INTARIAN_PEPPER_ROOT;XIRECS;23384.0;3
377820;;;INTARIAN_PEPPER_ROOT;XIRECS;23381.0;5
378005;;;INTARIAN_PEPPER_ROOT;XIRECS;23383.0;7
378260;;;ASH_COATED_OSMIUM;XIRECS;10002.0;6
378688;;;ASH_COATED_OSMIUM;XIRECS;10003.0;10
382398;;;ASH_COATED_OSMIUM;XIRECS;9982.0;5
382547;;;ASH_COATED_OSMIUM;XIRECS;10007.0;8
383073;;;ASH_COATED_OSMIUM;XIRECS;9996.0;5
383211;;;ASH_COATED_OSMIUM;XIRECS;9989.0;3
385301;;;INTARIAN_PEPPER_ROOT;XIRECS;23379.0;8
386690;;;ASH_COATED_OSMIUM;XIRECS;10004.0;8
388565;;;INTARIAN_PEPPER_ROOT;XIRECS;23384.0;7
388699;;;INTARIAN_PEPPER_ROOT;XIRECS;23381.0;8
388752;;;ASH_COATED_OSMIUM;XIRECS;9989.0;10
390421;;;INTARIAN_PEPPER_ROOT;XIRECS;23389.0;7
391562;;;ASH_COATED_OSMIUM;XIRECS;9988.0;4
392878;;;INTARIAN_PEPPER_ROOT;XIRECS;23399.0;4
393992;;;INTARIAN_PEPPER_ROOT;XIRECS;23385.0;4
394135;;;INTARIAN_PEPPER_ROOT;XIRECS;23403.0;8
396716;;;INTARIAN_PEPPER_ROOT;XIRECS;23403.0;5
398093;;;ASH_COATED_OSMIUM;XIRECS;10005.0;3
399102;;;INTARIAN_PEPPER_ROOT;XIRECS;23393.0;6
400948;;;INTARIAN_PEPPER_ROOT;XIRECS;23397.0;7
403471;;;ASH_COATED_OSMIUM;XIRECS;9991.0;5
403499;;;ASH_COATED_OSMIUM;XIRECS;10009.0;2
404542;;;INTARIAN_PEPPER_ROOT;XIRECS;23411.0;3
404669;;;INTARIAN_PEPPER_ROOT;XIRECS;23396.0;8
405153;;;ASH_COATED_OSMIUM;XIRECS;9990.0;6
405860;;;ASH_COATED_OSMIUM;XIRECS;10003.0;2
407034;;;ASH_COATED_OSMIUM;XIRECS;10009.0;3
408403;;;INTARIAN_PEPPER_ROOT;XIRECS;23407.0;6
411289;;;INTARIAN_PEPPER_ROOT;XIRECS;23416.0;7
414325;;;INTARIAN_PEPPER_ROOT;XIRECS;23404.0;3
415066;;;ASH_COATED_OSMIUM;XIRECS;10003.0;5
417477;;;INTARIAN_PEPPER_ROOT;XIRECS;23422.0;6
419547;;;INTARIAN_PEPPER_ROOT;XIRECS;23411.0;6
419606;;;ASH_COATED_OSMIUM;XIRECS;9990.0;7
420148;;;ASH_COATED_OSMIUM;XIRECS;10002.0;3
423419;;;ASH_COATED_OSMIUM;XIRECS;10000.0;3
425762;;;ASH_COATED_OSMIUM;XIRECS;9983.0;5
426961;;;ASH_COATED_OSMIUM;XIRECS;10000.0;6
429946;;;ASH_COATED_OSMIUM;XIRECS;9988.0;7
430867;;;ASH_COATED_OSMIUM;XIRECS;9987.0;6
432456;;;ASH_COATED_OSMIUM;XIRECS;9984.0;6
432854;;;ASH_COATED_OSMIUM;XIRECS;10000.0;3
432907;;;ASH_COATED_OSMIUM;XIRECS;9984.0;7
435800;;;ASH_COATED_OSMIUM;XIRECS;10001.0;6
437332;;;INTARIAN_PEPPER_ROOT;XIRECS;23444.0;3
442443;;;INTARIAN_PEPPER_ROOT;XIRECS;23447.0;7
442521;;;INTARIAN_PEPPER_ROOT;XIRECS;23437.0;5
443379;;;ASH_COATED_OSMIUM;XIRECS;9983.0;2
444755;;;ASH_COATED_OSMIUM;XIRECS;9999.0;6
448633;;;ASH_COATED_OSMIUM;XIRECS;9984.0;5
448670;;;ASH_COATED_OSMIUM;XIRECS;10000.0;3
450763;;;ASH_COATED_OSMIUM;XIRECS;9979.0;2
450996;;;INTARIAN_PEPPER_ROOT;XIRECS;23443.0;6
452045;;;INTARIAN_PEPPER_ROOT;XIRECS;23444.0;6
453016;;;INTARIAN_PEPPER_ROOT;XIRECS;23458.0;6
455080;;;INTARIAN_PEPPER_ROOT;XIRECS;23464.0;8
455216;;;INTARIAN_PEPPER_ROOT;XIRECS;23462.0;7
455977;;;INTARIAN_PEPPER_ROOT;XIRECS;23468.0;3
457741;;;INTARIAN_PEPPER_ROOT;XIRECS;23448.0;4
459048;;;INTARIAN_PEPPER_ROOT;XIRECS;23464.0;6
460258;;;INTARIAN_PEPPER_ROOT;XIRECS;23468.0;7
460560;;;ASH_COATED_OSMIUM;XIRECS;10008.0;5
461646;;;INTARIAN_PEPPER_ROOT;XIRECS;23457.0;4
462053;;;ASH_COATED_OSMIUM;XIRECS;10008.0;5
462059;;;ASH_COATED_OSMIUM;XIRECS;10008.0;9
462067;;;INTARIAN_PEPPER_ROOT;XIRECS;23468.0;5
465386;;;INTARIAN_PEPPER_ROOT;XIRECS;23474.0;7
466554;;;ASH_COATED_OSMIUM;XIRECS;9993.0;6
467737;;;ASH_COATED_OSMIUM;XIRECS;10005.0;10
469057;;;ASH_COATED_OSMIUM;XIRECS;10005.0;6
469296;;;INTARIAN_PEPPER_ROOT;XIRECS;23460.0;3
470824;;;INTARIAN_PEPPER_ROOT;XIRECS;23477.0;5
471763;;;ASH_COATED_OSMIUM;XIRECS;10010.0;2
472132;;;ASH_COATED_OSMIUM;XIRECS;9994.0;7
472161;;;ASH_COATED_OSMIUM;XIRECS;9994.0;6
473457;;;INTARIAN_PEPPER_ROOT;XIRECS;23467.0;6
474246;;;ASH_COATED_OSMIUM;XIRECS;9994.0;7
474628;;;ASH_COATED_OSMIUM;XIRECS;9994.0;2
474979;;;ASH_COATED_OSMIUM;XIRECS;9988.0;6
475072;;;INTARIAN_PEPPER_ROOT;XIRECS;23470.0;3
475131;;;INTARIAN_PEPPER_ROOT;XIRECS;23473.0;3
475224;;;ASH_COATED_OSMIUM;XIRECS;10005.0;5
475626;;;INTARIAN_PEPPER_ROOT;XIRECS;23479.0;3
475901;;;INTARIAN_PEPPER_ROOT;XIRECS;23484.0;3
475920;;;INTARIAN_PEPPER_ROOT;XIRECS;23472.0;4
476327;;;INTARIAN_PEPPER_ROOT;XIRECS;23479.0;5
477847;;;INTARIAN_PEPPER_ROOT;XIRECS;23487.0;7
478259;;;INTARIAN_PEPPER_ROOT;XIRECS;23478.0;5
478507;;;ASH_COATED_OSMIUM;XIRECS;9988.0;5
478963;;;INTARIAN_PEPPER_ROOT;XIRECS;23482.0;3
482213;;;ASH_COATED_OSMIUM;XIRECS;10007.0;10
482863;;;ASH_COATED_OSMIUM;XIRECS;10004.0;2
482878;;;ASH_COATED_OSMIUM;XIRECS;9985.0;6
484851;;;ASH_COATED_OSMIUM;XIRECS;10009.0;5
487379;;;ASH_COATED_OSMIUM;XIRECS;9992.0;5
487943;;;INTARIAN_PEPPER_ROOT;XIRECS;23488.0;7
489139;;;INTARIAN_PEPPER_ROOT;XIRECS;23481.0;4
491466;;;INTARIAN_PEPPER_ROOT;XIRECS;23500.0;3
491666;;;ASH_COATED_OSMIUM;XIRECS;9990.0;5
491694;;;INTARIAN_PEPPER_ROOT;XIRECS;23501.0;3
491872;;;INTARIAN_PEPPER_ROOT;XIRECS;23497.0;4
492024;;;ASH_COATED_OSMIUM;XIRECS;10002.0;4
492134;;;ASH_COATED_OSMIUM;XIRECS;9993.0;5
492298;;;INTARIAN_PEPPER_ROOT;XIRECS;23497.0;6
492781;;;INTARIAN_PEPPER_ROOT;XIRECS;23494.0;4
492788;;;INTARIAN_PEPPER_ROOT;XIRECS;23494.0;5
493624;;;INTARIAN_PEPPER_ROOT;XIRECS;23481.0;4
495096;;;INTARIAN_PEPPER_ROOT;XIRECS;23489.0;7
496765;;;INTARIAN_PEPPER_ROOT;XIRECS;23490.0;6
498660;;;ASH_COATED_OSMIUM;XIRECS;9994.0;6
498758;;;ASH_COATED_OSMIUM;XIRECS;9993.0;5
501392;;;ASH_COATED_OSMIUM;XIRECS;9993.0;6
503177;;;INTARIAN_PEPPER_ROOT;XIRECS;23501.0;4
507754;;;ASH_COATED_OSMIUM;XIRECS;9984.0;5
510846;;;INTARIAN_PEPPER_ROOT;XIRECS;23506.0;7
512917;;;ASH_COATED_OSMIUM;XIRECS;10001.0;7
514701;;;ASH_COATED_OSMIUM;XIRECS;10005.0;5
515333;;;ASH_COATED_OSMIUM;XIRECS;9989.0;2
517080;;;ASH_COATED_OSMIUM;XIRECS;10011.0;10
517454;;;INTARIAN_PEPPER_ROOT;XIRECS;23508.0;6
519718;;;ASH_COATED_OSMIUM;XIRECS;9986.0;3
520674;;;ASH_COATED_OSMIUM;XIRECS;9992.0;7
521852;;;INTARIAN_PEPPER_ROOT;XIRECS;23514.0;6
522973;;;ASH_COATED_OSMIUM;XIRECS;9988.0;3
525080;;;INTARIAN_PEPPER_ROOT;XIRECS;23515.0;5
525784;;;ASH_COATED_OSMIUM;XIRECS;9984.0;6
526638;;;INTARIAN_PEPPER_ROOT;XIRECS;23531.0;7
530673;;;INTARIAN_PEPPER_ROOT;XIRECS;23528.0;4
531931;;;ASH_COATED_OSMIUM;XIRECS;9991.0;4
533225;;;INTARIAN_PEPPER_ROOT;XIRECS;23541.0;5
533846;;;INTARIAN_PEPPER_ROOT;XIRECS;23527.0;5
535178;;;INTARIAN_PEPPER_ROOT;XIRECS;23527.0;5
536855;;;INTARIAN_PEPPER_ROOT;XIRECS;23526.0;5
536940;;;ASH_COATED_OSMIUM;XIRECS;10012.0;7
538496;;;INTARIAN_PEPPER_ROOT;XIRECS;23532.0;4
543135;;;INTARIAN_PEPPER_ROOT;XIRECS;23544.0;6
544464;;;INTARIAN_PEPPER_ROOT;XIRECS;23552.0;7
544557;;;INTARIAN_PEPPER_ROOT;XIRECS;23538.0;7
544816;;;INTARIAN_PEPPER_ROOT;XIRECS;23560.0;5
545500;;;INTARIAN_PEPPER_ROOT;XIRECS;23551.0;6
552915;;;INTARIAN_PEPPER_ROOT;XIRECS;23547.0;8
556684;;;ASH_COATED_OSMIUM;XIRECS;10012.0;5
556746;;;INTARIAN_PEPPER_ROOT;XIRECS;23565.0;5
558926;;;ASH_COATED_OSMIUM;XIRECS;9995.0;6
559163;;;ASH_COATED_OSMIUM;XIRECS;10006.0;10
561556;;;ASH_COATED_OSMIUM;XIRECS;10006.0;5
562501;;;ASH_COATED_OSMIUM;XIRECS;9996.0;2
565157;;;INTARIAN_PEPPER_ROOT;XIRECS;23557.0;7
566440;;;INTARIAN_PEPPER_ROOT;XIRECS;23576.0;6
566572;;;INTARIAN_PEPPER_ROOT;XIRECS;23576.0;6
568274;;;ASH_COATED_OSMIUM;XIRECS;9993.0;3
568287;;;ASH_COATED_OSMIUM;XIRECS;9993.0;5
570494;;;INTARIAN_PEPPER_ROOT;XIRECS;23566.0;7
572293;;;INTARIAN_PEPPER_ROOT;XIRECS;23576.0;4
574029;;;ASH_COATED_OSMIUM;XIRECS;9997.0;2
574523;;;ASH_COATED_OSMIUM;XIRECS;10008.0;6
576546;;;INTARIAN_PEPPER_ROOT;XIRECS;23567.0;4
578141;;;ASH_COATED_OSMIUM;XIRECS;10017.0;7
578970;;;INTARIAN_PEPPER_ROOT;XIRECS;23571.0;6
580228;;;INTARIAN_PEPPER_ROOT;XIRECS;23586.0;4
580764;;;INTARIAN_PEPPER_ROOT;XIRECS;23573.0;5
583014;;;ASH_COATED_OSMIUM;XIRECS;9990.0;3
583081;;;ASH_COATED_OSMIUM;XIRECS;9990.0;6
583590;;;INTARIAN_PEPPER_ROOT;XIRECS;23576.0;4
584190;;;ASH_COATED_OSMIUM;XIRECS;9993.0;4
588202;;;ASH_COATED_OSMIUM;XIRECS;10010.0;3
590317;;;ASH_COATED_OSMIUM;XIRECS;9994.0;8
591883;;;ASH_COATED_OSMIUM;XIRECS;9995.0;3
592328;;;ASH_COATED_OSMIUM;XIRECS;9996.0;4
592399;;;INTARIAN_PEPPER_ROOT;XIRECS;23585.0;8
593911;;;INTARIAN_PEPPER_ROOT;XIRECS;23598.0;5
594589;;;INTARIAN_PEPPER_ROOT;XIRECS;23589.0;7
597359;;;INTARIAN_PEPPER_ROOT;XIRECS;23591.0;6
597379;;;ASH_COATED_OSMIUM;XIRECS;10004.0;6
599416;;;ASH_COATED_OSMIUM;XIRECS;9996.0;7
599778;;;ASH_COATED_OSMIUM;XIRECS;9996.0;4
600920;;;ASH_COATED_OSMIUM;XIRECS;9996.0;3
601101;;;ASH_COATED_OSMIUM;XIRECS;9997.0;9
601827;;;INTARIAN_PEPPER_ROOT;XIRECS;23598.0;5
602962;;;ASH_COATED_OSMIUM;XIRECS;10006.0;8
604897;;;INTARIAN_PEPPER_ROOT;XIRECS;23611.0;6
606310;;;ASH_COATED_OSMIUM;XIRECS;10009.0;7
609356;;;ASH_COATED_OSMIUM;XIRECS;9989.0;5
609561;;;INTARIAN_PEPPER_ROOT;XIRECS;23604.0;6
610249;;;ASH_COATED_OSMIUM;XIRECS;9993.0;6
613427;;;ASH_COATED_OSMIUM;XIRECS;10007.0;3
614071;;;ASH_COATED_OSMIUM;XIRECS;9985.0;6
614090;;;ASH_COATED_OSMIUM;XIRECS;9985.0;5
616405;;;INTARIAN_PEPPER_ROOT;XIRECS;23624.0;4
618541;;;ASH_COATED_OSMIUM;XIRECS;10007.0;9
622149;;;INTARIAN_PEPPER_ROOT;XIRECS;23626.0;6
623767;;;INTARIAN_PEPPER_ROOT;XIRECS;23629.0;6
625008;;;ASH_COATED_OSMIUM;XIRECS;9988.0;6
625460;;;ASH_COATED_OSMIUM;XIRECS;9989.0;7
626172;;;ASH_COATED_OSMIUM;XIRECS;9988.0;10
627512;;;ASH_COATED_OSMIUM;XIRECS;10005.0;9
627564;;;ASH_COATED_OSMIUM;XIRECS;9989.0;6
627574;;;ASH_COATED_OSMIUM;XIRECS;10005.0;6
631148;;;ASH_COATED_OSMIUM;XIRECS;10005.0;4
631756;;;ASH_COATED_OSMIUM;XIRECS;10011.0;6
633857;;;ASH_COATED_OSMIUM;XIRECS;9993.0;6
634904;;;ASH_COATED_OSMIUM;XIRECS;9993.0;4
635179;;;ASH_COATED_OSMIUM;XIRECS;10009.0;3
635691;;;INTARIAN_PEPPER_ROOT;XIRECS;23644.0;6
638566;;;ASH_COATED_OSMIUM;XIRECS;9993.0;3
641376;;;ASH_COATED_OSMIUM;XIRECS;10008.0;2
642249;;;ASH_COATED_OSMIUM;XIRECS;10010.0;4
642699;;;ASH_COATED_OSMIUM;XIRECS;10007.0;2
643212;;;INTARIAN_PEPPER_ROOT;XIRECS;23650.0;7
644037;;;ASH_COATED_OSMIUM;XIRECS;9991.0;3
644305;;;INTARIAN_PEPPER_ROOT;XIRECS;23651.0;3
647959;;;ASH_COATED_OSMIUM;XIRECS;10011.0;8
650394;;;ASH_COATED_OSMIUM;XIRECS;9997.0;10
652051;;;ASH_COATED_OSMIUM;XIRECS;10007.0;10
652473;;;ASH_COATED_OSMIUM;XIRECS;10013.0;10
654029;;;INTARIAN_PEPPER_ROOT;XIRECS;23657.0;5
656081;;;ASH_COATED_OSMIUM;XIRECS;9991.0;2
656302;;;INTARIAN_PEPPER_ROOT;XIRECS;23664.0;3
656408;;;ASH_COATED_OSMIUM;XIRECS;9993.0;3
656928;;;ASH_COATED_OSMIUM;XIRECS;9992.0;3
658952;;;ASH_COATED_OSMIUM;XIRECS;10000.0;3
659019;;;INTARIAN_PEPPER_ROOT;XIRECS;23654.0;6
659801;;;INTARIAN_PEPPER_ROOT;XIRECS;23655.0;6
660053;;;ASH_COATED_OSMIUM;XIRECS;9995.0;4
665118;;;INTARIAN_PEPPER_ROOT;XIRECS;23659.0;3
666420;;;INTARIAN_PEPPER_ROOT;XIRECS;23660.0;5
670894;;;ASH_COATED_OSMIUM;XIRECS;9985.0;5
672364;;;INTARIAN_PEPPER_ROOT;XIRECS;23678.0;3
673254;;;INTARIAN_PEPPER_ROOT;XIRECS;23682.0;6
673927;;;ASH_COATED_OSMIUM;XIRECS;9990.0;6
674380;;;INTARIAN_PEPPER_ROOT;XIRECS;23680.0;4
675753;;;INTARIAN_PEPPER_ROOT;XIRECS;23686.0;6
676182;;;ASH_COATED_OSMIUM;XIRECS;10007.0;6
676340;;;INTARIAN_PEPPER_ROOT;XIRECS;23684.0;4
678605;;;INTARIAN_PEPPER_ROOT;XIRECS;23683.0;6
680173;;;INTARIAN_PEPPER_ROOT;XIRECS;23674.0;7
681232;;;ASH_COATED_OSMIUM;XIRECS;9986.0;4
682900;;;ASH_COATED_OSMIUM;XIRECS;9987.0;6
684548;;;INTARIAN_PEPPER_ROOT;XIRECS;23691.0;3
686663;;;INTARIAN_PEPPER_ROOT;XIRECS;23680.0;3
687160;;;ASH_COATED_OSMIUM;XIRECS;9986.0;4
687519;;;ASH_COATED_OSMIUM;XIRECS;9992.0;3
687846;;;ASH_COATED_OSMIUM;XIRECS;10009.0;2
689300;;;INTARIAN_PEPPER_ROOT;XIRECS;23682.0;3
689733;;;ASH_COATED_OSMIUM;XIRECS;9988.0;6
690018;;;ASH_COATED_OSMIUM;XIRECS;9989.0;10
690164;;;ASH_COATED_OSMIUM;XIRECS;10005.0;4
691741;;;ASH_COATED_OSMIUM;XIRECS;9994.0;4
692954;;;ASH_COATED_OSMIUM;XIRECS;10013.0;9
694007;;;ASH_COATED_OSMIUM;XIRECS;10015.0;9
695299;;;ASH_COATED_OSMIUM;XIRECS;10002.0;4
696651;;;ASH_COATED_OSMIUM;XIRECS;9994.0;8
697495;;;ASH_COATED_OSMIUM;XIRECS;10012.0;5
697563;;;ASH_COATED_OSMIUM;XIRECS;10007.0;10
698269;;;ASH_COATED_OSMIUM;XIRECS;9990.0;6
698558;;;ASH_COATED_OSMIUM;XIRECS;9990.0;6
698698;;;INTARIAN_PEPPER_ROOT;XIRECS;23689.0;3
701992;;;INTARIAN_PEPPER_ROOT;XIRECS;23696.0;7
702891;;;INTARIAN_PEPPER_ROOT;XIRECS;23695.0;4
704707;;;ASH_COATED_OSMIUM;XIRECS;10006.0;2
705119;;;ASH_COATED_OSMIUM;XIRECS;9989.0;6
706826;;;ASH_COATED_OSMIUM;XIRECS;10013.0;7
708026;;;INTARIAN_PEPPER_ROOT;XIRECS;23701.0;5
708252;;;ASH_COATED_OSMIUM;XIRECS;10013.0;5
710189;;;INTARIAN_PEPPER_ROOT;XIRECS;23703.0;8
710244;;;INTARIAN_PEPPER_ROOT;XIRECS;23721.0;6
710918;;;ASH_COATED_OSMIUM;XIRECS;9988.0;4
712539;;;INTARIAN_PEPPER_ROOT;XIRECS;23705.0;7
715254;;;ASH_COATED_OSMIUM;XIRECS;9987.0;4
716875;;;ASH_COATED_OSMIUM;XIRECS;9991.0;9
717111;;;ASH_COATED_OSMIUM;XIRECS;10004.0;10
719770;;;INTARIAN_PEPPER_ROOT;XIRECS;23710.0;7
720764;;;INTARIAN_PEPPER_ROOT;XIRECS;23729.0;7
721077;;;INTARIAN_PEPPER_ROOT;XIRECS;23725.0;6
723394;;;ASH_COATED_OSMIUM;XIRECS;9988.0;6
724741;;;ASH_COATED_OSMIUM;XIRECS;10002.0;7
726102;;;ASH_COATED_OSMIUM;XIRECS;10006.0;7
726982;;;ASH_COATED_OSMIUM;XIRECS;10007.0;3
727563;;;INTARIAN_PEPPER_ROOT;XIRECS;23721.0;6
728649;;;ASH_COATED_OSMIUM;XIRECS;10006.0;6
733150;;;ASH_COATED_OSMIUM;XIRECS;9991.0;9
734135;;;ASH_COATED_OSMIUM;XIRECS;9989.0;6
736066;;;ASH_COATED_OSMIUM;XIRECS;9988.0;6
736406;;;ASH_COATED_OSMIUM;XIRECS;10006.0;6
737933;;;ASH_COATED_OSMIUM;XIRECS;9993.0;6
739748;;;ASH_COATED_OSMIUM;XIRECS;9993.0;5
740818;;;INTARIAN_PEPPER_ROOT;XIRECS;23749.0;6
742014;;;ASH_COATED_OSMIUM;XIRECS;10009.0;5
743522;;;ASH_COATED_OSMIUM;XIRECS;10002.0;6
748190;;;INTARIAN_PEPPER_ROOT;XIRECS;23739.0;4
749699;;;ASH_COATED_OSMIUM;XIRECS;9992.0;10
750603;;;ASH_COATED_OSMIUM;XIRECS;9985.0;6
751383;;;ASH_COATED_OSMIUM;XIRECS;9988.0;3
752923;;;INTARIAN_PEPPER_ROOT;XIRECS;23753.0;5
761489;;;ASH_COATED_OSMIUM;XIRECS;9991.0;6
762300;;;ASH_COATED_OSMIUM;XIRECS;10003.0;9
763395;;;ASH_COATED_OSMIUM;XIRECS;9985.0;4
764304;;;ASH_COATED_OSMIUM;XIRECS;10007.0;10
764477;;;INTARIAN_PEPPER_ROOT;XIRECS;23770.0;3
765946;;;ASH_COATED_OSMIUM;XIRECS;9990.0;3
767526;;;ASH_COATED_OSMIUM;XIRECS;10004.0;10
768521;;;ASH_COATED_OSMIUM;XIRECS;9988.0;2
769058;;;ASH_COATED_OSMIUM;XIRECS;10005.0;6
769195;;;INTARIAN_PEPPER_ROOT;XIRECS;23775.0;6
770019;;;INTARIAN_PEPPER_ROOT;XIRECS;23764.0;4
772613;;;ASH_COATED_OSMIUM;XIRECS;9989.0;5
775357;;;INTARIAN_PEPPER_ROOT;XIRECS;23769.0;6
775460;;;INTARIAN_PEPPER_ROOT;XIRECS;23778.0;7
775625;;;ASH_COATED_OSMIUM;XIRECS;9988.0;6
775637;;;INTARIAN_PEPPER_ROOT;XIRECS;23770.0;4
775899;;;INTARIAN_PEPPER_ROOT;XIRECS;23771.0;7
776502;;;ASH_COATED_OSMIUM;XIRECS;9994.0;4
776870;;;ASH_COATED_OSMIUM;XIRECS;10007.0;3
777845;;;ASH_COATED_OSMIUM;XIRECS;10008.0;2
778493;;;ASH_COATED_OSMIUM;XIRECS;10014.0;8
780152;;;INTARIAN_PEPPER_ROOT;XIRECS;23774.0;7
782084;;;INTARIAN_PEPPER_ROOT;XIRECS;23773.0;5
782409;;;INTARIAN_PEPPER_ROOT;XIRECS;23787.0;7
782933;;;INTARIAN_PEPPER_ROOT;XIRECS;23777.0;6
783429;;;INTARIAN_PEPPER_ROOT;XIRECS;23777.0;3
785967;;;ASH_COATED_OSMIUM;XIRECS;9992.0;8
786717;;;ASH_COATED_OSMIUM;XIRECS;10007.0;3
787229;;;ASH_COATED_OSMIUM;XIRECS;9991.0;6
787363;;;INTARIAN_PEPPER_ROOT;XIRECS;23794.0;7
788027;;;INTARIAN_PEPPER_ROOT;XIRECS;23796.0;4
790947;;;ASH_COATED_OSMIUM;XIRECS;10013.0;10
792277;;;INTARIAN_PEPPER_ROOT;XIRECS;23799.0;7
792603;;;ASH_COATED_OSMIUM;XIRECS;10010.0;4
792843;;;ASH_COATED_OSMIUM;XIRECS;9989.0;5
794587;;;INTARIAN_PEPPER_ROOT;XIRECS;23791.0;4
795311;;;INTARIAN_PEPPER_ROOT;XIRECS;23801.0;7
799516;;;ASH_COATED_OSMIUM;XIRECS;10005.0;6
802881;;;INTARIAN_PEPPER_ROOT;XIRECS;23810.0;6
804944;;;ASH_COATED_OSMIUM;XIRECS;9984.0;2
805668;;;INTARIAN_PEPPER_ROOT;XIRECS;23815.0;6
806232;;;ASH_COATED_OSMIUM;XIRECS;10004.0;6
807416;;;ASH_COATED_OSMIUM;XIRECS;10004.0;4
807679;;;ASH_COATED_OSMIUM;XIRECS;10004.0;3
809317;;;ASH_COATED_OSMIUM;XIRECS;10000.0;8
811478;;;ASH_COATED_OSMIUM;XIRECS;10002.0;6
811518;;;INTARIAN_PEPPER_ROOT;XIRECS;23802.0;6
811572;;;ASH_COATED_OSMIUM;XIRECS;9990.0;4
812619;;;ASH_COATED_OSMIUM;XIRECS;10008.0;6
814300;;;ASH_COATED_OSMIUM;XIRECS;9984.0;8
818445;;;ASH_COATED_OSMIUM;XIRECS;10003.0;6
818494;;;ASH_COATED_OSMIUM;XIRECS;10003.0;5
822118;;;ASH_COATED_OSMIUM;XIRECS;9988.0;6
822329;;;ASH_COATED_OSMIUM;XIRECS;9990.0;5
822835;;;ASH_COATED_OSMIUM;XIRECS;10000.0;6
822867;;;INTARIAN_PEPPER_ROOT;XIRECS;23821.0;7
823161;;;INTARIAN_PEPPER_ROOT;XIRECS;23815.0;3
824374;;;INTARIAN_PEPPER_ROOT;XIRECS;23827.0;8
826511;;;INTARIAN_PEPPER_ROOT;XIRECS;23821.0;7
826669;;;ASH_COATED_OSMIUM;XIRECS;9987.0;5
828221;;;ASH_COATED_OSMIUM;XIRECS;10002.0;4
830180;;;ASH_COATED_OSMIUM;XIRECS;9991.0;4
831594;;;INTARIAN_PEPPER_ROOT;XIRECS;23839.0;6
832090;;;INTARIAN_PEPPER_ROOT;XIRECS;23824.0;6
833961;;;ASH_COATED_OSMIUM;XIRECS;9999.0;4
835013;;;ASH_COATED_OSMIUM;XIRECS;9992.0;3
835959;;;INTARIAN_PEPPER_ROOT;XIRECS;23844.0;5
836805;;;ASH_COATED_OSMIUM;XIRECS;10010.0;7
837907;;;ASH_COATED_OSMIUM;XIRECS;9991.0;6
838642;;;ASH_COATED_OSMIUM;XIRECS;9990.0;6
839241;;;ASH_COATED_OSMIUM;XIRECS;9984.0;9
840943;;;ASH_COATED_OSMIUM;XIRECS;10004.0;4
841231;;;ASH_COATED_OSMIUM;XIRECS;10008.0;5
844373;;;INTARIAN_PEPPER_ROOT;XIRECS;23852.0;3
847374;;;ASH_COATED_OSMIUM;XIRECS;9994.0;6
847425;;;ASH_COATED_OSMIUM;XIRECS;9987.0;5
848650;;;ASH_COATED_OSMIUM;XIRECS;9996.0;2
852610;;;INTARIAN_PEPPER_ROOT;XIRECS;23844.0;6
855465;;;ASH_COATED_OSMIUM;XIRECS;9993.0;4
857025;;;ASH_COATED_OSMIUM;XIRECS;10006.0;3
860567;;;ASH_COATED_OSMIUM;XIRECS;10010.0;4
862445;;;ASH_COATED_OSMIUM;XIRECS;9995.0;3
862454;;;INTARIAN_PEPPER_ROOT;XIRECS;23870.0;6
862899;;;ASH_COATED_OSMIUM;XIRECS;9989.0;2
864756;;;INTARIAN_PEPPER_ROOT;XIRECS;23853.0;6
865185;;;ASH_COATED_OSMIUM;XIRECS;9989.0;4
866212;;;INTARIAN_PEPPER_ROOT;XIRECS;23859.0;3
868626;;;INTARIAN_PEPPER_ROOT;XIRECS;23861.0;3
869040;;;INTARIAN_PEPPER_ROOT;XIRECS;23862.0;7
869826;;;ASH_COATED_OSMIUM;XIRECS;10002.0;6
871576;;;INTARIAN_PEPPER_ROOT;XIRECS;23868.0;5
872262;;;ASH_COATED_OSMIUM;XIRECS;9984.0;6
872610;;;ASH_COATED_OSMIUM;XIRECS;9986.0;4
875478;;;ASH_COATED_OSMIUM;XIRECS;9988.0;5
877126;;;ASH_COATED_OSMIUM;XIRECS;10006.0;6
877392;;;ASH_COATED_OSMIUM;XIRECS;9993.0;4
878433;;;ASH_COATED_OSMIUM;XIRECS;10009.0;5
878481;;;INTARIAN_PEPPER_ROOT;XIRECS;23880.0;6
879484;;;ASH_COATED_OSMIUM;XIRECS;9989.0;10
880773;;;INTARIAN_PEPPER_ROOT;XIRECS;23887.0;7
881606;;;ASH_COATED_OSMIUM;XIRECS;9988.0;7
881806;;;ASH_COATED_OSMIUM;XIRECS;9984.0;9
882202;;;INTARIAN_PEPPER_ROOT;XIRECS;23873.0;5
883920;;;ASH_COATED_OSMIUM;XIRECS;10006.0;8
886081;;;ASH_COATED_OSMIUM;XIRECS;9990.0;8
886299;;;INTARIAN_PEPPER_ROOT;XIRECS;23878.0;7
887690;;;ASH_COATED_OSMIUM;XIRECS;10001.0;3
889908;;;ASH_COATED_OSMIUM;XIRECS;10005.0;2
890793;;;INTARIAN_PEPPER_ROOT;XIRECS;23900.0;3
891081;;;ASH_COATED_OSMIUM;XIRECS;9990.0;7
893458;;;INTARIAN_PEPPER_ROOT;XIRECS;23883.0;6
894163;;;INTARIAN_PEPPER_ROOT;XIRECS;23898.0;4
894272;;;ASH_COATED_OSMIUM;XIRECS;9989.0;4
894954;;;ASH_COATED_OSMIUM;XIRECS;9990.0;8
896572;;;ASH_COATED_OSMIUM;XIRECS;9984.0;7
899766;;;ASH_COATED_OSMIUM;XIRECS;10002.0;8
900726;;;ASH_COATED_OSMIUM;XIRECS;10002.0;3
900739;;;ASH_COATED_OSMIUM;XIRECS;9986.0;6
901002;;;ASH_COATED_OSMIUM;XIRECS;10007.0;5
901607;;;ASH_COATED_OSMIUM;XIRECS;10008.0;2
901608;;;INTARIAN_PEPPER_ROOT;XIRECS;23896.0;6
902907;;;INTARIAN_PEPPER_ROOT;XIRECS;23900.0;3
902966;;;ASH_COATED_OSMIUM;XIRECS;10003.0;3
903002;;;INTARIAN_PEPPER_ROOT;XIRECS;23895.0;4
905386;;;ASH_COATED_OSMIUM;XIRECS;10004.0;5
905676;;;ASH_COATED_OSMIUM;XIRECS;10007.0;5
905815;;;ASH_COATED_OSMIUM;XIRECS;10002.0;4
905884;;;ASH_COATED_OSMIUM;XIRECS;10002.0;9
906320;;;ASH_COATED_OSMIUM;XIRECS;10003.0;5
908257;;;INTARIAN_PEPPER_ROOT;XIRECS;23918.0;3
909727;;;ASH_COATED_OSMIUM;XIRECS;10009.0;8
910336;;;INTARIAN_PEPPER_ROOT;XIRECS;23916.0;8
910363;;;INTARIAN_PEPPER_ROOT;XIRECS;23899.0;5
910793;;;INTARIAN_PEPPER_ROOT;XIRECS;23911.0;4
911045;;;ASH_COATED_OSMIUM;XIRECS;10005.0;8
911826;;;ASH_COATED_OSMIUM;XIRECS;10004.0;4
912927;;;ASH_COATED_OSMIUM;XIRECS;10004.0;3
921350;;;ASH_COATED_OSMIUM;XIRECS;9986.0;9
922029;;;ASH_COATED_OSMIUM;XIRECS;10007.0;6
922307;;;INTARIAN_PEPPER_ROOT;XIRECS;23930.0;3
924313;;;ASH_COATED_OSMIUM;XIRECS;10006.0;3
924756;;;INTARIAN_PEPPER_ROOT;XIRECS;23920.0;6
925188;;;INTARIAN_PEPPER_ROOT;XIRECS;23914.0;6
925629;;;ASH_COATED_OSMIUM;XIRECS;9978.0;10
929434;;;ASH_COATED_OSMIUM;XIRECS;10002.0;6
930346;;;INTARIAN_PEPPER_ROOT;XIRECS;23928.0;4
933080;;;INTARIAN_PEPPER_ROOT;XIRECS;23926.0;4
933369;;;INTARIAN_PEPPER_ROOT;XIRECS;23929.0;6
935277;;;ASH_COATED_OSMIUM;XIRECS;9984.0;3
935423;;;ASH_COATED_OSMIUM;XIRECS;9988.0;4
935787;;;ASH_COATED_OSMIUM;XIRECS;10002.0;2
938824;;;ASH_COATED_OSMIUM;XIRECS;9985.0;6
939205;;;ASH_COATED_OSMIUM;XIRECS;9985.0;7
939608;;;ASH_COATED_OSMIUM;XIRECS;10004.0;5
943842;;;INTARIAN_PEPPER_ROOT;XIRECS;23936.0;5
944958;;;INTARIAN_PEPPER_ROOT;XIRECS;23934.0;4
944992;;;INTARIAN_PEPPER_ROOT;XIRECS;23934.0;3
946336;;;ASH_COATED_OSMIUM;XIRECS;9992.0;5
946879;;;ASH_COATED_OSMIUM;XIRECS;9985.0;6
949306;;;INTARIAN_PEPPER_ROOT;XIRECS;23957.0;3
949500;;;ASH_COATED_OSMIUM;XIRECS;9984.0;4
950021;;;INTARIAN_PEPPER_ROOT;XIRECS;23958.0;7
951170;;;ASH_COATED_OSMIUM;XIRECS;9982.0;6
951388;;;ASH_COATED_OSMIUM;XIRECS;9978.0;4
952122;;;INTARIAN_PEPPER_ROOT;XIRECS;23945.0;7
952546;;;INTARIAN_PEPPER_ROOT;XIRECS;23952.0;5
952573;;;ASH_COATED_OSMIUM;XIRECS;9976.0;6
955774;;;ASH_COATED_OSMIUM;XIRECS;10002.0;6
960018;;;ASH_COATED_OSMIUM;XIRECS;9999.0;5
960564;;;ASH_COATED_OSMIUM;XIRECS;9992.0;4
960613;;;ASH_COATED_OSMIUM;XIRECS;10000.0;3
968901;;;ASH_COATED_OSMIUM;XIRECS;9988.0;3
970916;;;INTARIAN_PEPPER_ROOT;XIRECS;23977.0;3
971076;;;ASH_COATED_OSMIUM;XIRECS;10002.0;6
972917;;;ASH_COATED_OSMIUM;XIRECS;9987.0;2
974229;;;INTARIAN_PEPPER_ROOT;XIRECS;23970.0;7
974502;;;INTARIAN_PEPPER_ROOT;XIRECS;23982.0;7
975958;;;INTARIAN_PEPPER_ROOT;XIRECS;23966.0;4
976775;;;INTARIAN_PEPPER_ROOT;XIRECS;23985.0;7
978138;;;INTARIAN_PEPPER_ROOT;XIRECS;23984.0;3
981347;;;INTARIAN_PEPPER_ROOT;XIRECS;23975.0;3
983203;;;ASH_COATED_OSMIUM;XIRECS;10005.0;4
984631;;;INTARIAN_PEPPER_ROOT;XIRECS;23981.0;7
985723;;;INTARIAN_PEPPER_ROOT;XIRECS;23991.0;6
989694;;;INTARIAN_PEPPER_ROOT;XIRECS;23998.0;4
989786;;;ASH_COATED_OSMIUM;XIRECS;10006.0;7
990109;;;ASH_COATED_OSMIUM;XIRECS;9987.0;4
991330;;;ASH_COATED_OSMIUM;XIRECS;10010.0;2
991366;;;ASH_COATED_OSMIUM;XIRECS;9991.0;3
991628;;;INTARIAN_PEPPER_ROOT;XIRECS;23987.0;6
991632;;;ASH_COATED_OSMIUM;XIRECS;9986.0;7
991956;;;INTARIAN_PEPPER_ROOT;XIRECS;23986.0;6
995350;;;ASH_COATED_OSMIUM;XIRECS;9990.0;4
996480;;;ASH_COATED_OSMIUM;XIRECS;10005.0;6
997646;;;ASH_COATED_OSMIUM;XIRECS;9987.0;6
997819;;;ASH_COATED_OSMIUM;XIRECS;9991.0;6
998074;;;INTARIAN_PEPPER_ROOT;XIRECS;24000.0;7
998459;;;ASH_COATED_OSMIUM;XIRECS;9990.0;3
999458;;;ASH_COATED_OSMIUM;XIRECS;10008.0;10