timestamp;buyer;seller;symbol;currency;price;quantity
1582;;;ASH_COATED_OSMIUM;XIRECS;9999.0;8
1652;;;INTARIAN_PEPPER_ROOT;XIRECS;41995.0;6
2972;;;ASH_COATED_OSMIUM;XIRECS;9989.0;4
3364;;;INTARIAN_PEPPER_ROOT;XIRECS;42010.0;5
4717;;;ASH_COATED_OSMIUM;XIRECS;9999.0;10
4837;;;INTARIAN_PEPPER_ROOT;XIRECS;42017.0;3
8302;;;INTARIAN_PEPPER_ROOT;XIRECS;42006.0;6
9229;;;INTARIAN_PEPPER_ROOT;XIRECS;42004.0;7
9736;;;ASH_COATED_OSMIUM;XIRECS;9997.0;5
10392;;;INTARIAN_PEPPER_ROOT;XIRECS;42020.0;3
11247;;;INTARIAN_PEPPER_ROOT;XIRECS;42019.0;3
11326;;;INTARIAN_PEPPER_ROOT;XIRECS;42006.0;5
11499;;;ASH_COATED_OSMIUM;XIRECS;10008.0;2
12260;;;INTARIAN_PEPPER_ROOT;XIRECS;42020.0;7
14129;;;INTARIAN_PEPPER_ROOT;XIRECS;42019.0;5
14431;;;INTARIAN_PEPPER_ROOT;XIRECS;42018.0;7
16719;;;ASH_COATED_OSMIUM;XIRECS;9987.0;5
17597;;;ASH_COATED_OSMIUM;XIRECS;10009.0;2
19434;;;ASH_COATED_OSMIUM;XIRECS;10012.0;2
19776;;;ASH_COATED_OSMIUM;XIRECS;10000.0;10
20481;;;INTARIAN_PEPPER_ROOT;XIRECS;42026.0;6
22353;;;ASH_COATED_OSMIUM;XIRECS;10003.0;2
22455;;;ASH_COATED_OSMIUM;XIRECS;10004.0;6
23526;;;ASH_COATED_OSMIUM;XIRECS;10001.0;7
23976;;;INTARIAN_PEPPER_ROOT;XIRECS;42016.0;4
24393;;;ASH_COATED_OSMIUM;XIRECS;10006.0;5
26738;;;ASH_COATED_OSMIUM;XIRECS;9993.0;5
28793;;;ASH_COATED_OSMIUM;XIRECS;10014.0;4
30368;;;INTARIAN_PEPPER_ROOT;XIRECS;42037.0;7
30601;;;INTARIAN_PEPPER_ROOT;XIRECS;42037.0;3
32811;;;INTARIAN_PEPPER_ROOT;XIRECS;42027.0;6
33072;;;INTARIAN_PEPPER_ROOT;XIRECS;42029.0;3
34642;;;INTARIAN_PEPPER_ROOT;XIRECS;42039.0;6
36089;;;ASH_COATED_OSMIUM;XIRECS;10013.0;5
36233;;;INTARIAN_PEPPER_ROOT;XIRECS;42043.0;6
38695;;;INTARIAN_PEPPER_ROOT;XIRECS;42042.0;3
40250;;;INTARIAN_PEPPER_ROOT;XIRECS;42033.0;4
40460;;;ASH_COATED_OSMIUM;XIRECS;9986.0;8
41711;;;ASH_COATED_OSMIUM;XIRECS;10014.0;5
41933;;;INTARIAN_PEPPER_ROOT;XIRECS;42035.0;6
43447;;;ASH_COATED_OSMIUM;XIRECS;9990.0;5
45578;;;INTARIAN_PEPPER_ROOT;XIRECS;42050.0;5
47311;;;ASH_COATED_OSMIUM;XIRECS;9997.0;5
47673;;;INTARIAN_PEPPER_ROOT;XIRECS;42041.0;6
48091;;;INTARIAN_PEPPER_ROOT;XIRECS;42041.0;7
49196;;;ASH_COATED_OSMIUM;XIRECS;10007.0;3
50006;;;ASH_COATED_OSMIUM;XIRECS;10001.0;6
52111;;;INTARIAN_PEPPER_ROOT;XIRECS;42047.0;4
52641;;;INTARIAN_PEPPER_ROOT;XIRECS;42044.0;5
55523;;;INTARIAN_PEPPER_ROOT;XIRECS;42063.0;4
55547;;;INTARIAN_PEPPER_ROOT;XIRECS;42063.0;6
56067;;;INTARIAN_PEPPER_ROOT;XIRECS;42049.0;5
57003;;;INTARIAN_PEPPER_ROOT;XIRECS;42053.0;3
58275;;;INTARIAN_PEPPER_ROOT;XIRECS;42064.0;6
59250;;;ASH_COATED_OSMIUM;XIRECS;10006.0;7
59515;;;INTARIAN_PEPPER_ROOT;XIRECS;42063.0;7
59539;;;INTARIAN_PEPPER_ROOT;XIRECS;42051.0;4
59628;;;ASH_COATED_OSMIUM;XIRECS;9981.0;4
60194;;;INTARIAN_PEPPER_ROOT;XIRECS;42055.0;4
69093;;;ASH_COATED_OSMIUM;XIRECS;10009.0;6
69506;;;ASH_COATED_OSMIUM;XIRECS;10002.0;6
72458;;;INTARIAN_PEPPER_ROOT;XIRECS;42080.0;4
74116;;;ASH_COATED_OSMIUM;XIRECS;10010.0;8
74606;;;ASH_COATED_OSMIUM;XIRECS;9999.0;3
75024;;;INTARIAN_PEPPER_ROOT;XIRECS;42085.0;4
77911;;;INTARIAN_PEPPER_ROOT;XIRECS;42084.0;7
78231;;;INTARIAN_PEPPER_ROOT;XIRECS;42071.0;4
79213;;;ASH_COATED_OSMIUM;XIRECS;9995.0;7
81295;;;ASH_COATED_OSMIUM;XIRECS;9989.0;2
82631;;;INTARIAN_PEPPER_ROOT;XIRECS;42088.0;6
83150;;;INTARIAN_PEPPER_ROOT;XIRECS;42088.0;7
83431;;;ASH_COATED_OSMIUM;XIRECS;10021.0;10
84672;;;ASH_COATED_OSMIUM;XIRECS;9999.0;9
86594;;;INTARIAN_PEPPER_ROOT;XIRECS;42093.0;7
87583;;;INTARIAN_PEPPER_ROOT;XIRECS;42083.0;6
94124;;;INTARIAN_PEPPER_ROOT;XIRECS;42096.0;6
96794;;;ASH_COATED_OSMIUM;XIRECS;9990.0;4
98141;;;ASH_COATED_OSMIUM;XIRECS;9993.0;6
99238;;;INTARIAN_PEPPER_ROOT;XIRECS;42103.0;3
99772;;;INTARIAN_PEPPER_ROOT;XIRECS;42095.0;5
104079;;;ASH_COATED_OSMIUM;XIRECS;10000.0;2
104115;;;ASH_COATED_OSMIUM;XIRECS;10008.0;2
105099;;;INTARIAN_PEPPER_ROOT;XIRECS;42099.0;4
105249;;;ASH_COATED_OSMIUM;XIRECS;9985.0;4
105740;;;INTARIAN_PEPPER_ROOT;XIRECS;42114.0;6
105784;;;INTARIAN_PEPPER_ROOT;XIRECS;42101.0;6
107755;;;ASH_COATED_OSMIUM;XIRECS;10013.0;5
110496;;;ASH_COATED_OSMIUM;XIRECS;10001.0;2
111800;;;ASH_COATED_OSMIUM;XIRECS;9992.0;5
112184;;;ASH_COATED_OSMIUM;XIRECS;10011.0;2
113661;;;ASH_COATED_OSMIUM;XIRECS;10015.0;4
114174;;;INTARIAN_PEPPER_ROOT;XIRECS;42103.0;3
115980;;;ASH_COATED_OSMIUM;XIRECS;10013.0;4
116049;;;INTARIAN_PEPPER_ROOT;XIRECS;42125.0;4
116313;;;INTARIAN_PEPPER_ROOT;XIRECS;42107.0;5
117716;;;ASH_COATED_OSMIUM;XIRECS;9990.0;2
119594;;;ASH_COATED_OSMIUM;XIRECS;10008.0;2
120738;;;INTARIAN_PEPPER_ROOT;XIRECS;42127.0;5
120998;;;ASH_COATED_OSMIUM;XIRECS;9995.0;3
121033;;;INTARIAN_PEPPER_ROOT;XIRECS;42125.0;5
122538;;;INTARIAN_PEPPER_ROOT;XIRECS;42129.0;7
124732;;;ASH_COATED_OSMIUM;XIRECS;9989.0;4
127232;;;ASH_COATED_OSMIUM;XIRECS;9985.0;3
128044;;;ASH_COATED_OSMIUM;XIRECS;9980.0;4
129079;;;ASH_COATED_OSMIUM;XIRECS;9991.0;3
132671;;;INTARIAN_PEPPER_ROOT;XIRECS;42123.0;5
133668;;;ASH_COATED_OSMIUM;XIRECS;9991.0;5
133740;;;INTARIAN_PEPPER_ROOT;XIRECS;42129.0;5
133837;;;INTARIAN_PEPPER_ROOT;XIRECS;42125.0;6
138576;;;INTARIAN_PEPPER_ROOT;XIRECS;42129.0;4
139061;;;INTARIAN_PEPPER_ROOT;XIRECS;42148.0;5
141665;;;INTARIAN_PEPPER_ROOT;XIRECS;42150.0;5
142632;;;INTARIAN_PEPPER_ROOT;XIRECS;42134.0;7
143442;;;INTARIAN_PEPPER_ROOT;XIRECS;42139.0;6
143634;;;INTARIAN_PEPPER_ROOT;XIRECS;42139.0;3
144954;;;ASH_COATED_OSMIUM;XIRECS;10004.0;9
146896;;;ASH_COATED_OSMIUM;XIRECS;10012.0;3
147311;;;ASH_COATED_OSMIUM;XIRECS;9995.0;6
150807;;;ASH_COATED_OSMIUM;XIRECS;10013.0;6
153471;;;ASH_COATED_OSMIUM;XIRECS;10015.0;5
154333;;;INTARIAN_PEPPER_ROOT;XIRECS;42161.0;3
154753;;;INTARIAN_PEPPER_ROOT;XIRECS;42150.0;4
154919;;;ASH_COATED_OSMIUM;XIRECS;9999.0;4
155047;;;ASH_COATED_OSMIUM;XIRECS;10003.0;4
155696;;;INTARIAN_PEPPER_ROOT;XIRECS;42150.0;4
156816;;;INTARIAN_PEPPER_ROOT;XIRECS;42165.0;7
156848;;;INTARIAN_PEPPER_ROOT;XIRECS;42165.0;3
158234;;;INTARIAN_PEPPER_ROOT;XIRECS;42165.0;7
162042;;;ASH_COATED_OSMIUM;XIRECS;9993.0;5
162658;;;ASH_COATED_OSMIUM;XIRECS;10004.0;3
166277;;;ASH_COATED_OSMIUM;XIRECS;10005.0;9
167066;;;INTARIAN_PEPPER_ROOT;XIRECS;42162.0;4
169174;;;ASH_COATED_OSMIUM;XIRECS;9997.0;3
169478;;;ASH_COATED_OSMIUM;XIRECS;10021.0;2
169696;;;ASH_COATED_OSMIUM;XIRECS;10001.0;5
170553;;;ASH_COATED_OSMIUM;XIRECS;10002.0;4
174061;;;INTARIAN_PEPPER_ROOT;XIRECS;42171.0;6
179281;;;INTARIAN_PEPPER_ROOT;XIRECS;42188.0;3
179378;;;ASH_COATED_OSMIUM;XIRECS;9991.0;2
180739;;;ASH_COATED_OSMIUM;XIRECS;10020.0;2
181540;;;INTARIAN_PEPPER_ROOT;XIRECS;42175.0;3
182033;;;INTARIAN_PEPPER_ROOT;XIRECS;42184.0;6
182453;;;INTARIAN_PEPPER_ROOT;XIRECS;42186.0;3
183247;;;INTARIAN_PEPPER_ROOT;XIRECS;42191.0;7
184001;;;INTARIAN_PEPPER_ROOT;XIRECS;42173.0;7
186771;;;ASH_COATED_OSMIUM;XIRECS;10000.0;7
186877;;;INTARIAN_PEPPER_ROOT;XIRECS;42193.0;3
189126;;;ASH_COATED_OSMIUM;XIRECS;9984.0;7
189158;;;INTARIAN_PEPPER_ROOT;XIRECS;42195.0;7
191527;;;ASH_COATED_OSMIUM;XIRECS;9998.0;8
192253;;;ASH_COATED_OSMIUM;XIRECS;9985.0;4
193723;;;ASH_COATED_OSMIUM;XIRECS;10015.0;2
194340;;;ASH_COATED_OSMIUM;XIRECS;9986.0;8
195173;;;ASH_COATED_OSMIUM;XIRECS;9992.0;4
197057;;;INTARIAN_PEPPER_ROOT;XIRECS;42188.0;5
199988;;;ASH_COATED_OSMIUM;XIRECS;9992.0;4
202821;;;INTARIAN_PEPPER_ROOT;XIRECS;42208.0;5
203590;;;INTARIAN_PEPPER_ROOT;XIRECS;42200.0;3
203771;;;ASH_COATED_OSMIUM;XIRECS;10001.0;5
203841;;;INTARIAN_PEPPER_ROOT;XIRECS;42208.0;5
204630;;;INTARIAN_PEPPER_ROOT;XIRECS;42195.0;6
207361;;;INTARIAN_PEPPER_ROOT;XIRECS;42201.0;5
209400;;;INTARIAN_PEPPER_ROOT;XIRECS;42221.0;3
210637;;;ASH_COATED_OSMIUM;XIRECS;10001.0;6
212897;;;ASH_COATED_OSMIUM;XIRECS;10005.0;4
212973;;;ASH_COATED_OSMIUM;XIRECS;9995.0;2
215530;;;ASH_COATED_OSMIUM;XIRECS;9992.0;10
216648;;;INTARIAN_PEPPER_ROOT;XIRECS;42224.0;5
217586;;;INTARIAN_PEPPER_ROOT;XIRECS;42213.0;6
218957;;;INTARIAN_PEPPER_ROOT;XIRECS;42214.0;7
221167;;;INTARIAN_PEPPER_ROOT;XIRECS;42213.0;7
222579;;;INTARIAN_PEPPER_ROOT;XIRECS;42220.0;3
226372;;;ASH_COATED_OSMIUM;XIRECS;10009.0;3
227329;;;ASH_COATED_OSMIUM;XIRECS;10001.0;2
227697;;;INTARIAN_PEPPER_ROOT;XIRECS;42226.0;3
229512;;;ASH_COATED_OSMIUM;XIRECS;9983.0;5
231504;;;INTARIAN_PEPPER_ROOT;XIRECS;42225.0;6
232140;;;INTARIAN_PEPPER_ROOT;XIRECS;42240.0;4
235851;;;INTARIAN_PEPPER_ROOT;XIRECS;42245.0;6
238202;;;INTARIAN_PEPPER_ROOT;XIRECS;42234.0;5
239394;;;INTARIAN_PEPPER_ROOT;XIRECS;42234.0;5
239776;;;INTARIAN_PEPPER_ROOT;XIRECS;42234.0;6
241483;;;INTARIAN_PEPPER_ROOT;XIRECS;42248.0;5
243081;;;ASH_COATED_OSMIUM;XIRECS;10009.0;10
244265;;;ASH_COATED_OSMIUM;XIRECS;10001.0;4
244654;;;ASH_COATED_OSMIUM;XIRECS;9992.0;5
245063;;;INTARIAN_PEPPER_ROOT;XIRECS;42237.0;5
245295;;;INTARIAN_PEPPER_ROOT;XIRECS;42245.0;6
245435;;;INTARIAN_PEPPER_ROOT;XIRECS;42242.0;8
246508;;;ASH_COATED_OSMIUM;XIRECS;10021.0;2
246546;;;INTARIAN_PEPPER_ROOT;XIRECS;42242.0;5
247208;;;INTARIAN_PEPPER_ROOT;XIRECS;42238.0;6
247385;;;INTARIAN_PEPPER_ROOT;XIRECS;42240.0;5
251435;;;INTARIAN_PEPPER_ROOT;XIRECS;42246.0;6
253785;;;INTARIAN_PEPPER_ROOT;XIRECS;42254.0;8
254740;;;ASH_COATED_OSMIUM;XIRECS;9990.0;5
255050;;;ASH_COATED_OSMIUM;XIRECS;9994.0;8
256436;;;ASH_COATED_OSMIUM;XIRECS;10009.0;7
257429;;;ASH_COATED_OSMIUM;XIRECS;9983.0;4
258602;;;INTARIAN_PEPPER_ROOT;XIRECS;42261.0;6
258990;;;ASH_COATED_OSMIUM;XIRECS;9985.0;6
259929;;;ASH_COATED_OSMIUM;XIRECS;9996.0;4
260254;;;ASH_COATED_OSMIUM;XIRECS;10010.0;5
260359;;;INTARIAN_PEPPER_ROOT;XIRECS;42266.0;5
262090;;;INTARIAN_PEPPER_ROOT;XIRECS;42256.0;3
264258;;;ASH_COATED_OSMIUM;XIRECS;10006.0;5
264642;;;INTARIAN_PEPPER_ROOT;XIRECS;42261.0;3
264697;;;INTARIAN_PEPPER_ROOT;XIRECS;42273.0;3
266574;;;ASH_COATED_OSMIUM;XIRECS;10013.0;6
267486;;;INTARIAN_PEPPER_ROOT;XIRECS;42262.0;3
270283;;;ASH_COATED_OSMIUM;XIRECS;10005.0;10
270543;;;ASH_COATED_OSMIUM;XIRECS;9992.0;2
271302;;;ASH_COATED_OSMIUM;XIRECS;9988.0;7
271364;;;ASH_COATED_OSMIUM;XIRECS;10007.0;5
271513;;;INTARIAN_PEPPER_ROOT;XIRECS;42267.0;3
274098;;;INTARIAN_PEPPER_ROOT;XIRECS;42279.0;7
274154;;;ASH_COATED_OSMIUM;XIRECS;10008.0;2
274242;;;ASH_COATED_OSMIUM;XIRECS;10009.0;3
275281;;;ASH_COATED_OSMIUM;XIRECS;9991.0;8
277901;;;ASH_COATED_OSMIUM;XIRECS;9990.0;4
278347;;;ASH_COATED_OSMIUM;XIRECS;9993.0;3
279649;;;ASH_COATED_OSMIUM;XIRECS;10007.0;3
280632;;;INTARIAN_PEPPER_ROOT;XIRECS;42272.0;7
282400;;;INTARIAN_PEPPER_ROOT;XIRECS;42290.0;4
282462;;;ASH_COATED_OSMIUM;XIRECS;10010.0;9
283711;;;INTARIAN_PEPPER_ROOT;XIRECS;42289.0;4
284321;;;ASH_COATED_OSMIUM;XIRECS;10000.0;9
287159;;;ASH_COATED_OSMIUM;XIRECS;10006.0;8
290675;;;ASH_COATED_OSMIUM;XIRECS;9980.0;10
292469;;;INTARIAN_PEPPER_ROOT;XIRECS;42287.0;4
293344;;;INTARIAN_PEPPER_ROOT;XIRECS;42287.0;3
294167;;;ASH_COATED_OSMIUM;XIRECS;9991.0;5
295185;;;ASH_COATED_OSMIUM;XIRECS;9993.0;5
296659;;;ASH_COATED_OSMIUM;XIRECS;9983.0;5
298287;;;ASH_COATED_OSMIUM;XIRECS;9993.0;6
298567;;;INTARIAN_PEPPER_ROOT;XIRECS;42293.0;5
302239;;;ASH_COATED_OSMIUM;XIRECS;10024.0;5
302514;;;ASH_COATED_OSMIUM;XIRECS;10001.0;10
302749;;;INTARIAN_PEPPER_ROOT;XIRECS;42309.0;5
302991;;;INTARIAN_PEPPER_ROOT;XIRECS;42299.0;3
303658;;;ASH_COATED_OSMIUM;XIRECS;10005.0;5
303727;;;INTARIAN_PEPPER_ROOT;XIRECS;42306.0;3
304273;;;ASH_COATED_OSMIUM;XIRECS;9992.0;10
306448;;;ASH_COATED_OSMIUM;XIRECS;10008.0;6
308401;;;ASH_COATED_OSMIUM;XIRECS;10016.0;3
308595;;;INTARIAN_PEPPER_ROOT;XIRECS;42304.0;7
309382;;;INTARIAN_PEPPER_ROOT;XIRECS;42319.0;4
309755;;;INTARIAN_PEPPER_ROOT;XIRECS;42320.0;7
311316;;;INTARIAN_PEPPER_ROOT;XIRECS;42319.0;3
311595;;;ASH_COATED_OSMIUM;XIRECS;10012.0;2
311643;;;ASH_COATED_OSMIUM;XIRECS;10002.0;6
313761;;;INTARIAN_PEPPER_ROOT;XIRECS;42321.0;6
315369;;;INTARIAN_PEPPER_ROOT;XIRECS;42325.0;4
317026;;;INTARIAN_PEPPER_ROOT;XIRECS;42315.0;3
318396;;;ASH_COATED_OSMIUM;XIRECS;10015.0;10
319737;;;ASH_COATED_OSMIUM;XIRECS;9985.0;4
319760;;;INTARIAN_PEPPER_ROOT;XIRECS;42313.0;3
320213;;;ASH_COATED_OSMIUM;XIRECS;9994.0;4
320588;;;ASH_COATED_OSMIUM;XIRECS;10007.0;3
321209;;;ASH_COATED_OSMIUM;XIRECS;10000.0;8
322271;;;INTARIAN_PEPPER_ROOT;XIRECS;42324.0;6
322795;;;INTARIAN_PEPPER_ROOT;XIRECS;42316.0;4
323092;;;ASH_COATED_OSMIUM;XIRECS;10007.0;6
324310;;;INTARIAN_PEPPER_ROOT;XIRECS;42330.0;6
326292;;;ASH_COATED_OSMIUM;XIRECS;10013.0;7
326303;;;ASH_COATED_OSMIUM;XIRECS;10014.0;10
327823;;;ASH_COATED_OSMIUM;XIRECS;10016.0;6
328168;;;ASH_COATED_OSMIUM;XIRECS;10001.0;3
332156;;;ASH_COATED_OSMIUM;XIRECS;9997.0;8
332331;;;ASH_COATED_OSMIUM;XIRECS;10014.0;2
332666;;;ASH_COATED_OSMIUM;XIRECS;9991.0;6
335399;;;ASH_COATED_OSMIUM;XIRECS;9987.0;5
336225;;;ASH_COATED_OSMIUM;XIRECS;10010.0;3
340843;;;ASH_COATED_OSMIUM;XIRECS;10018.0;4
341790;;;ASH_COATED_OSMIUM;XIRECS;10003.0;9
342382;;;ASH_COATED_OSMIUM;XIRECS;9993.0;3
344032;;;INTARIAN_PEPPER_ROOT;XIRECS;42348.0;7
344088;;;ASH_COATED_OSMIUM;XIRECS;10015.0;5
345888;;;ASH_COATED_OSMIUM;XIRECS;9999.0;6
347005;;;INTARIAN_PEPPER_ROOT;XIRECS;42341.0;4
348934;;;INTARIAN_PEPPER_ROOT;XIRECS;42351.0;7
350068;;;INTARIAN_PEPPER_ROOT;XIRECS;42357.0;5
352614;;;ASH_COATED_OSMIUM;XIRECS;10010.0;5
352715;;;ASH_COATED_OSMIUM;XIRECS;10011.0;6
353065;;;INTARIAN_PEPPER_ROOT;XIRECS;42346.0;6
354344;;;INTARIAN_PEPPER_ROOT;XIRECS;42362.0;3
354384;;;INTARIAN_PEPPER_ROOT;XIRECS;42362.0;8
354425;;;ASH_COATED_OSMIUM;XIRECS;9995.0;3
354484;;;ASH_COATED_OSMIUM;XIRECS;10011.0;5
355451;;;INTARIAN_PEPPER_ROOT;XIRECS;42365.0;6
356503;;;INTARIAN_PEPPER_ROOT;XIRECS;42359.0;4
360096;;;INTARIAN_PEPPER_ROOT;XIRECS;42362.0;5
361852;;;ASH_COATED_OSMIUM;XIRECS;9991.0;2
362801;;;ASH_COATED_OSMIUM;XIRECS;9983.0;3
367103;;;ASH_COATED_OSMIUM;XIRECS;9990.0;2
368860;;;INTARIAN_PEPPER_ROOT;XIRECS;42357.0;3
372731;;;INTARIAN_PEPPER_ROOT;XIRECS;42369.0;5
373432;;;INTARIAN_PEPPER_ROOT;XIRECS;42380.0;6
373959;;;ASH_COATED_OSMIUM;XIRECS;10012.0;4
376999;;;ASH_COATED_OSMIUM;XIRECS;9996.0;4
377129;;;INTARIAN_PEPPER_ROOT;XIRECS;42373.0;5
378387;;;ASH_COATED_OSMIUM;XIRECS;10008.0;3
379209;;;INTARIAN_PEPPER_ROOT;XIRECS;42386.0;4
380117;;;INTARIAN_PEPPER_ROOT;XIRECS;42374.0;3
384268;;;ASH_COATED_OSMIUM;XIRECS;10009.0;2
386311;;;INTARIAN_PEPPER_ROOT;XIRECS;42383.0;7
387167;;;INTARIAN_PEPPER_ROOT;XIRECS;42393.0;7
389087;;;ASH_COATED_OSMIUM;XIRECS;10011.0;4
389336;;;ASH_COATED_OSMIUM;XIRECS;9989.0;5
390494;;;ASH_COATED_OSMIUM;XIRECS;9998.0;3
391523;;;ASH_COATED_OSMIUM;XIRECS;10019.0;5
396564;;;ASH_COATED_OSMIUM;XIRECS;10006.0;2
396567;;;ASH_COATED_OSMIUM;XIRECS;10006.0;3
396829;;;ASH_COATED_OSMIUM;XIRECS;9991.0;3
397183;;;ASH_COATED_OSMIUM;XIRECS;10013.0;7
397482;;;ASH_COATED_OSMIUM;XIRECS;9994.0;2
397540;;;ASH_COATED_OSMIUM;XIRECS;9990.0;6
401361;;;ASH_COATED_OSMIUM;XIRECS;10014.0;4
401370;;;ASH_COATED_OSMIUM;XIRECS;9998.0;7
401938;;;ASH_COATED_OSMIUM;XIRECS;9996.0;6
402531;;;INTARIAN_PEPPER_ROOT;XIRECS;42409.0;6
402942;;;INTARIAN_PEPPER_ROOT;XIRECS;42395.0;6
403863;;;ASH_COATED_OSMIUM;XIRECS;10005.0;6
405831;;;INTARIAN_PEPPER_ROOT;XIRECS;42410.0;5
408442;;;INTARIAN_PEPPER_ROOT;XIRECS;42399.0;4
409151;;;INTARIAN_PEPPER_ROOT;XIRECS;42419.0;4
409195;;;ASH_COATED_OSMIUM;XIRECS;10008.0;6
409857;;;INTARIAN_PEPPER_ROOT;XIRECS;42400.0;3
411907;;;INTARIAN_PEPPER_ROOT;XIRECS;42420.0;6
412685;;;INTARIAN_PEPPER_ROOT;XIRECS;42405.0;7
413687;;;ASH_COATED_OSMIUM;XIRECS;9994.0;4
417735;;;ASH_COATED_OSMIUM;XIRECS;10012.0;4
418657;;;ASH_COATED_OSMIUM;XIRECS;10013.0;5
419014;;;INTARIAN_PEPPER_ROOT;XIRECS;42426.0;5
419508;;;ASH_COATED_OSMIUM;XIRECS;10005.0;6
420392;;;ASH_COATED_OSMIUM;XIRECS;10003.0;3
423708;;;INTARIAN_PEPPER_ROOT;XIRECS;42433.0;4
425422;;;INTARIAN_PEPPER_ROOT;XIRECS;42419.0;6
427765;;;ASH_COATED_OSMIUM;XIRECS;10003.0;6
431252;;;INTARIAN_PEPPER_ROOT;XIRECS;42435.0;6
433319;;;INTARIAN_PEPPER_ROOT;XIRECS;42437.0;7
435028;;;INTARIAN_PEPPER_ROOT;XIRECS;42431.0;3
435514;;;ASH_COATED_OSMIUM;XIRECS;10003.0;8
435660;;;INTARIAN_PEPPER_ROOT;XIRECS;42428.0;6
438337;;;INTARIAN_PEPPER_ROOT;XIRECS;42430.0;8
440468;;;INTARIAN_PEPPER_ROOT;XIRECS;42445.0;5
441796;;;ASH_COATED_OSMIUM;XIRECS;10010.0;8
443140;;;INTARIAN_PEPPER_ROOT;XIRECS;42449.0;7
443438;;;INTARIAN_PEPPER_ROOT;XIRECS;42445.0;4
445771;;;ASH_COATED_OSMIUM;XIRECS;10001.0;9
445906;;;ASH_COATED_OSMIUM;XIRECS;10006.0;2
446673;;;INTARIAN_PEPPER_ROOT;XIRECS;42455.0;8
448388;;;INTARIAN_PEPPER_ROOT;XIRECS;42450.0;7
451064;;;ASH_COATED_OSMIUM;XIRECS;10009.0;5
451934;;;ASH_COATED_OSMIUM;XIRECS;9986.0;4
452017;;;ASH_COATED_OSMIUM;XIRECS;9998.0;5
452373;;;ASH_COATED_OSMIUM;XIRECS;9977.0;2
453690;;;INTARIAN_PEPPER_ROOT;XIRECS;42462.0;4
454232;;;ASH_COATED_OSMIUM;XIRECS;9997.0;5
454469;;;INTARIAN_PEPPER_ROOT;XIRECS;42463.0;6
454670;;;ASH_COATED_OSMIUM;XIRECS;10007.0;8
456010;;;INTARIAN_PEPPER_ROOT;XIRECS;42461.0;6
456038;;;INTARIAN_PEPPER_ROOT;XIRECS;42448.0;6
457185;;;ASH_COATED_OSMIUM;XIRECS;9987.0;4
457209;;;ASH_COATED_OSMIUM;XIRECS;9987.0;2
458399;;;ASH_COATED_OSMIUM;XIRECS;10006.0;9
459162;;;INTARIAN_PEPPER_ROOT;XIRECS;42453.0;7
465669;;;INTARIAN_PEPPER_ROOT;XIRECS;42473.0;4
466784;;;INTARIAN_PEPPER_ROOT;XIRECS;42469.0;4
467130;;;ASH_COATED_OSMIUM;XIRECS;9990.0;3
469884;;;INTARIAN_PEPPER_ROOT;XIRECS;42476.0;3
473159;;;ASH_COATED_OSMIUM;XIRECS;10003.0;3
473543;;;INTARIAN_PEPPER_ROOT;XIRECS;42481.0;5
474423;;;ASH_COATED_OSMIUM;XIRECS;10013.0;4
476019;;;ASH_COATED_OSMIUM;XIRECS;10008.0;3
478131;;;INTARIAN_PEPPER_ROOT;XIRECS;42472.0;6
479220;;;ASH_COATED_OSMIUM;XIRECS;9990.0;5
479881;;;ASH_COATED_OSMIUM;XIRECS;10005.0;8
481389;;;INTARIAN_PEPPER_ROOT;XIRECS;42487.0;5
484930;;;ASH_COATED_OSMIUM;XIRECS;9995.0;6
490643;;;ASH_COATED_OSMIUM;XIRECS;9988.0;3
490855;;;INTARIAN_PEPPER_ROOT;XIRECS;42495.0;5
491746;;;ASH_COATED_OSMIUM;XIRECS;10004.0;3
493973;;;INTARIAN_PEPPER_ROOT;XIRECS;42497.0;4
494603;;;INTARIAN_PEPPER_ROOT;XIRECS;42485.0;7
494851;;;ASH_COATED_OSMIUM;XIRECS;9991.0;7
498346;;;INTARIAN_PEPPER_ROOT;XIRECS;42492.0;5
498858;;;ASH_COATED_OSMIUM;XIRECS;10003.0;9
500949;;;ASH_COATED_OSMIUM;XIRECS;9992.0;6
501764;;;ASH_COATED_OSMIUM;XIRECS;10013.0;7
507211;;;ASH_COATED_OSMIUM;XIRECS;10008.0;6
507282;;;ASH_COATED_OSMIUM;XIRECS;9990.0;4
507440;;;INTARIAN_PEPPER_ROOT;XIRECS;42501.0;4
512686;;;ASH_COATED_OSMIUM;XIRECS;10002.0;6
512836;;;ASH_COATED_OSMIUM;XIRECS;9991.0;5
514043;;;INTARIAN_PEPPER_ROOT;XIRECS;42522.0;7
514082;;;INTARIAN_PEPPER_ROOT;XIRECS;42522.0;5
514143;;;ASH_COATED_OSMIUM;XIRECS;9987.0;3
515840;;;INTARIAN_PEPPER_ROOT;XIRECS;42509.0;3
516628;;;ASH_COATED_OSMIUM;XIRECS;9989.0;6
517334;;;ASH_COATED_OSMIUM;XIRECS;10015.0;2
517835;;;INTARIAN_PEPPER_ROOT;XIRECS;42527.0;3
519213;;;INTARIAN_PEPPER_ROOT;XIRECS;42528.0;5
519901;;;INTARIAN_PEPPER_ROOT;XIRECS;42529.0;5
520236;;;INTARIAN_PEPPER_ROOT;XIRECS;42512.0;6
521333;;;INTARIAN_PEPPER_ROOT;XIRECS;42526.0;6
522443;;;INTARIAN_PEPPER_ROOT;XIRECS;42514.0;6
522510;;;ASH_COATED_OSMIUM;XIRECS;9998.0;7
524520;;;INTARIAN_PEPPER_ROOT;XIRECS;42533.0;3
524703;;;ASH_COATED_OSMIUM;XIRECS;9992.0;8
525024;;;ASH_COATED_OSMIUM;XIRECS;9987.0;5
526032;;;ASH_COATED_OSMIUM;XIRECS;10008.0;2
526322;;;ASH_COATED_OSMIUM;XIRECS;9991.0;5
526817;;;ASH_COATED_OSMIUM;XIRECS;9997.0;5
526870;;;ASH_COATED_OSMIUM;XIRECS;10004.0;6
529752;;;ASH_COATED_OSMIUM;XIRECS;10012.0;5
533093;;;INTARIAN_PEPPER_ROOT;XIRECS;42539.0;4
535180;;;ASH_COATED_OSMIUM;XIRECS;10003.0;6
535681;;;INTARIAN_PEPPER_ROOT;XIRECS;42539.0;7
540108;;;ASH_COATED_OSMIUM;XIRECS;10014.0;4
546406;;;ASH_COATED_OSMIUM;XIRECS;10006.0;5
548576;;;ASH_COATED_OSMIUM;XIRECS;10006.0;3
550386;;;INTARIAN_PEPPER_ROOT;XIRECS;42547.0;6
550933;;;ASH_COATED_OSMIUM;XIRECS;9994.0;2
554406;;;ASH_COATED_OSMIUM;XIRECS;9980.0;4
555398;;;INTARIAN_PEPPER_ROOT;XIRECS;42562.0;4
558356;;;ASH_COATED_OSMIUM;XIRECS;10004.0;3
558976;;;ASH_COATED_OSMIUM;XIRECS;9993.0;5
562328;;;ASH_COATED_OSMIUM;XIRECS;10003.0;5
563136;;;ASH_COATED_OSMIUM;XIRECS;9984.0;6
569095;;;ASH_COATED_OSMIUM;XIRECS;9999.0;3
572419;;;INTARIAN_PEPPER_ROOT;XIRECS;42579.0;5
573767;;;ASH_COATED_OSMIUM;XIRECS;9997.0;10
574649;;;INTARIAN_PEPPER_ROOT;XIRECS;42585.0;4
575040;;;ASH_COATED_OSMIUM;XIRECS;9998.0;4
577220;;;ASH_COATED_OSMIUM;XIRECS;10004.0;4
577678;;;INTARIAN_PEPPER_ROOT;XIRECS;42568.0;6
578701;;;ASH_COATED_OSMIUM;XIRECS;9990.0;2
579729;;;ASH_COATED_OSMIUM;XIRECS;10011.0;3
580528;;;ASH_COATED_OSMIUM;XIRECS;10004.0;6
582148;;;ASH_COATED_OSMIUM;XIRECS;9999.0;4
584811;;;INTARIAN_PEPPER_ROOT;XIRECS;42584.0;4
587530;;;INTARIAN_PEPPER_ROOT;XIRECS;42595.0;4
588843;;;INTARIAN_PEPPER_ROOT;XIRECS;42596.0;6
588907;;;INTARIAN_PEPPER_ROOT;XIRECS;42585.0;6
589796;;;INTARIAN_PEPPER_ROOT;XIRECS;42596.0;6
590255;;;INTARIAN_PEPPER_ROOT;XIRECS;42597.0;4
591060;;;INTARIAN_PEPPER_ROOT;XIRECS;42596.0;6
591715;;;INTARIAN_PEPPER_ROOT;XIRECS;42585.0;5
593302;;;INTARIAN_PEPPER_ROOT;XIRECS;42600.0;3
593452;;;ASH_COATED_OSMIUM;XIRECS;10006.0;3
594861;;;ASH_COATED_OSMIUM;XIRECS;9990.0;4
598007;;;ASH_COATED_OSMIUM;XIRECS;10009.0;9
601074;;;INTARIAN_PEPPER_ROOT;XIRECS;42604.0;7
601699;;;ASH_COATED_OSMIUM;XIRECS;10009.0;10
604013;;;INTARIAN_PEPPER_ROOT;XIRECS;42601.0;8
606488;;;ASH_COATED_OSMIUM;XIRECS;10006.0;4
607077;;;ASH_COATED_OSMIUM;XIRECS;10008.0;3
608106;;;ASH_COATED_OSMIUM;XIRECS;9987.0;4
608461;;;INTARIAN_PEPPER_ROOT;XIRECS;42618.0;3
610323;;;ASH_COATED_OSMIUM;XIRECS;9997.0;5
610832;;;ASH_COATED_OSMIUM;XIRECS;9991.0;8
612181;;;INTARIAN_PEPPER_ROOT;XIRECS;42609.0;5
612744;;;INTARIAN_PEPPER_ROOT;XIRECS;42604.0;6
612785;;;ASH_COATED_OSMIUM;XIRECS;9988.0;10
612820;;;INTARIAN_PEPPER_ROOT;XIRECS;42607.0;7
614074;;;ASH_COATED_OSMIUM;XIRECS;10011.0;5
614379;;;ASH_COATED_OSMIUM;XIRECS;10006.0;6
616132;;;INTARIAN_PEPPER_ROOT;XIRECS;42619.0;3
617475;;;INTARIAN_PEPPER_ROOT;XIRECS;42625.0;6
619657;;;ASH_COATED_OSMIUM;XIRECS;10009.0;3
621719;;;INTARIAN_PEPPER_ROOT;XIRECS;42628.0;7
624760;;;ASH_COATED_OSMIUM;XIRECS;10006.0;3
625529;;;INTARIAN_PEPPER_ROOT;XIRECS;42620.0;6
625604;;;ASH_COATED_OSMIUM;XIRECS;10002.0;4
626063;;;ASH_COATED_OSMIUM;XIRECS;10006.0;3
628529;;;ASH_COATED_OSMIUM;XIRECS;9997.0;10
632765;;;ASH_COATED_OSMIUM;XIRECS;9991.0;6
633480;;;INTARIAN_PEPPER_ROOT;XIRECS;42626.0;6
634010;;;ASH_COATED_OSMIUM;XIRECS;10002.0;5
635077;;;INTARIAN_PEPPER_ROOT;XIRECS;42642.0;6
635758;;;ASH_COATED_OSMIUM;XIRECS;10000.0;2
636011;;;ASH_COATED_OSMIUM;XIRECS;9995.0;6
639089;;;INTARIAN_PEPPER_ROOT;XIRECS;42631.0;4
639192;;;ASH_COATED_OSMIUM;XIRECS;9987.0;5
640014;;;ASH_COATED_OSMIUM;XIRECS;10016.0;4
641109;;;INTARIAN_PEPPER_ROOT;XIRECS;42644.0;7
642236;;;ASH_COATED_OSMIUM;XIRECS;10007.0;10
642670;;;INTARIAN_PEPPER_ROOT;XIRECS;42653.0;6
644130;;;ASH_COATED_OSMIUM;XIRECS;10006.0;4
644614;;;INTARIAN_PEPPER_ROOT;XIRECS;42634.0;3
646184;;;ASH_COATED_OSMIUM;XIRECS;10000.0;4
646698;;;ASH_COATED_OSMIUM;XIRECS;9996.0;6
647642;;;ASH_COATED_OSMIUM;XIRECS;9990.0;5
648162;;;INTARIAN_PEPPER_ROOT;XIRECS;42653.0;3
648750;;;INTARIAN_PEPPER_ROOT;XIRECS;42641.0;7
649256;;;INTARIAN_PEPPER_ROOT;XIRECS;42651.0;4
650655;;;INTARIAN_PEPPER_ROOT;XIRECS;42648.0;7
651972;;;INTARIAN_PEPPER_ROOT;XIRECS;42658.0;6
652982;;;ASH_COATED_OSMIUM;XIRECS;9997.0;8
656971;;;ASH_COATED_OSMIUM;XIRECS;9990.0;4
657295;;;INTARIAN_PEPPER_ROOT;XIRECS;42650.0;6
658336;;;INTARIAN_PEPPER_ROOT;XIRECS;42662.0;7
660022;;;ASH_COATED_OSMIUM;XIRECS;10002.0;3
660168;;;ASH_COATED_OSMIUM;XIRECS;9990.0;5
660273;;;INTARIAN_PEPPER_ROOT;XIRECS;42667.0;3
661915;;;INTARIAN_PEPPER_ROOT;XIRECS;42658.0;8
662494;;;ASH_COATED_OSMIUM;XIRECS;9985.0;7
664758;;;ASH_COATED_OSMIUM;XIRECS;10005.0;6
665214;;;INTARIAN_PEPPER_ROOT;XIRECS;42673.0;6
666059;;;ASH_COATED_OSMIUM;XIRECS;10005.0;4
667875;;;ASH_COATED_OSMIUM;XIRECS;10008.0;4
668467;;;ASH_COATED_OSMIUM;XIRECS;9997.0;9
669973;;;ASH_COATED_OSMIUM;XIRECS;9997.0;3
675478;;;ASH_COATED_OSMIUM;XIRECS;10018.0;4
675864;;;INTARIAN_PEPPER_ROOT;XIRECS;42682.0;6
676449;;;ASH_COATED_OSMIUM;XIRECS;10004.0;5
678837;;;ASH_COATED_OSMIUM;XIRECS;9991.0;4
679295;;;INTARIAN_PEPPER_ROOT;XIRECS;42683.0;7
679562;;;INTARIAN_PEPPER_ROOT;XIRECS;42685.0;3
682923;;;ASH_COATED_OSMIUM;XIRECS;9986.0;3
684795;;;ASH_COATED_OSMIUM;XIRECS;9996.0;6
685412;;;INTARIAN_PEPPER_ROOT;XIRECS;42680.0;6
687002;;;ASH_COATED_OSMIUM;XIRECS;10002.0;4
691629;;;ASH_COATED_OSMIUM;XIRECS;10002.0;8
691748;;;INTARIAN_PEPPER_ROOT;XIRECS;42694.0;7
693102;;;INTARIAN_PEPPER_ROOT;XIRECS;42689.0;3
696059;;;ASH_COATED_OSMIUM;XIRECS;10006.0;9
697067;;;INTARIAN_PEPPER_ROOT;XIRECS;42700.0;5
698840;;;ASH_COATED_OSMIUM;XIRECS;10004.0;7
699199;;;ASH_COATED_OSMIUM;XIRECS;9983.0;9
699382;;;INTARIAN_PEPPER_ROOT;XIRECS;42708.0;3
701116;;;ASH_COATED_OSMIUM;XIRECS;10018.0;2
702986;;;ASH_COATED_OSMIUM;XIRECS;10001.0;3
703915;;;ASH_COATED_OSMIUM;XIRECS;9996.0;5
705759;;;ASH_COATED_OSMIUM;XIRECS;10014.0;3
709749;;;ASH_COATED_OSMIUM;XIRECS;10006.0;9
711603;;;ASH_COATED_OSMIUM;XIRECS;9995.0;10
711607;;;INTARIAN_PEPPER_ROOT;XIRECS;42701.0;6
713101;;;INTARIAN_PEPPER_ROOT;XIRECS;42710.0;7
715586;;;ASH_COATED_OSMIUM;XIRECS;9991.0;4
716472;;;ASH_COATED_OSMIUM;XIRECS;9994.0;10
717149;;;INTARIAN_PEPPER_ROOT;XIRECS;42711.0;4
717778;;;ASH_COATED_OSMIUM;XIRECS;9986.0;4
720977;;;ASH_COATED_OSMIUM;XIRECS;9990.0;7
720992;;;ASH_COATED_OSMIUM;XIRECS;9990.0;5
721567;;;ASH_COATED_OSMIUM;XIRECS;10007.0;10
722199;;;ASH_COATED_OSMIUM;XIRECS;10009.0;5
722656;;;ASH_COATED_OSMIUM;XIRECS;9991.0;3
725727;;;INTARIAN_PEPPER_ROOT;XIRECS;42720.0;7
725893;;;INTARIAN_PEPPER_ROOT;XIRECS;42718.0;6
726995;;;ASH_COATED_OSMIUM;XIRECS;10007.0;6
727059;;;INTARIAN_PEPPER_ROOT;XIRECS;42722.0;5
727278;;;ASH_COATED_OSMIUM;XIRECS;10010.0;2
727310;;;ASH_COATED_OSMIUM;XIRECS;10011.0;5
727777;;;ASH_COATED_OSMIUM;XIRECS;9988.0;3
727922;;;ASH_COATED_OSMIUM;XIRECS;10005.0;5
728919;;;ASH_COATED_OSMIUM;XIRECS;10010.0;2
730173;;;ASH_COATED_OSMIUM;XIRECS;9985.0;6
731263;;;INTARIAN_PEPPER_ROOT;XIRECS;42739.0;8
731756;;;INTARIAN_PEPPER_ROOT;XIRECS;42723.0;3
732080;;;ASH_COATED_OSMIUM;XIRECS;9997.0;6
733974;;;INTARIAN_PEPPER_ROOT;XIRECS;42728.0;6
734625;;;INTARIAN_PEPPER_ROOT;XIRECS;42740.0;8
735265;;;ASH_COATED_OSMIUM;XIRECS;10002.0;10
735404;;;ASH_COATED_OSMIUM;XIRECS;9985.0;3
735923;;;ASH_COATED_OSMIUM;XIRECS;10007.0;5
736372;;;ASH_COATED_OSMIUM;XIRECS;9993.0;10
739094;;;ASH_COATED_OSMIUM;XIRECS;9998.0;4
740967;;;ASH_COATED_OSMIUM;XIRECS;9995.0;4
741093;;;INTARIAN_PEPPER_ROOT;XIRECS;42737.0;4
742398;;;ASH_COATED_OSMIUM;XIRECS;9977.0;3
743423;;;ASH_COATED_OSMIUM;XIRECS;10002.0;6
744393;;;INTARIAN_PEPPER_ROOT;XIRECS;42740.0;5
748452;;;ASH_COATED_OSMIUM;XIRECS;9987.0;2
749132;;;ASH_COATED_OSMIUM;XIRECS;9995.0;2
749365;;;ASH_COATED_OSMIUM;XIRECS;9986.0;2
752162;;;INTARIAN_PEPPER_ROOT;XIRECS;42760.0;3
753892;;;ASH_COATED_OSMIUM;XIRECS;9997.0;2
754450;;;INTARIAN_PEPPER_ROOT;XIRECS;42745.0;3
754550;;;ASH_COATED_OSMIUM;XIRECS;9985.0;3
754590;;;ASH_COATED_OSMIUM;XIRECS;10004.0;6
757099;;;INTARIAN_PEPPER_ROOT;XIRECS;42764.0;7
757343;;;ASH_COATED_OSMIUM;XIRECS;9986.0;3
757414;;;INTARIAN_PEPPER_ROOT;XIRECS;42768.0;7
757704;;;INTARIAN_PEPPER_ROOT;XIRECS;42760.0;5
758012;;;ASH_COATED_OSMIUM;XIRECS;9996.0;10
758309;;;ASH_COATED_OSMIUM;XIRECS;10009.0;5
758503;;;ASH_COATED_OSMIUM;XIRECS;10005.0;8
758667;;;INTARIAN_PEPPER_ROOT;XIRECS;42767.0;3
758807;;;INTARIAN_PEPPER_ROOT;XIRECS;42752.0;6
761393;;;ASH_COATED_OSMIUM;XIRECS;9995.0;8
761760;;;INTARIAN_PEPPER_ROOT;XIRECS;42756.0;6
762843;;;INTARIAN_PEPPER_ROOT;XIRECS;42756.0;3
767660;;;ASH_COATED_OSMIUM;XIRECS;9985.0;6
768744;;;INTARIAN_PEPPER_ROOT;XIRECS;42775.0;5
770570;;;ASH_COATED_OSMIUM;XIRECS;9984.0;7
771970;;;INTARIAN_PEPPER_ROOT;XIRECS;42766.0;7
774149;;;ASH_COATED_OSMIUM;XIRECS;10006.0;3
774466;;;ASH_COATED_OSMIUM;XIRECS;10007.0;2
774704;;;INTARIAN_PEPPER_ROOT;XIRECS;42771.0;6
775045;;;INTARIAN_PEPPER_ROOT;XIRECS;42786.0;6
776399;;;ASH_COATED_OSMIUM;XIRECS;10002.0;3
781584;;;ASH_COATED_OSMIUM;XIRECS;9999.0;2
783096;;;ASH_COATED_OSMIUM;XIRECS;10016.0;4
784110;;;ASH_COATED_OSMIUM;XIRECS;9988.0;8
787213;;;INTARIAN_PEPPER_ROOT;XIRECS;42797.0;7
788037;;;ASH_COATED_OSMIUM;XIRECS;10011.0;5
789686;;;ASH_COATED_OSMIUM;XIRECS;9991.0;6
790441;;;INTARIAN_PEPPER_ROOT;XIRECS;42783.0;4
792022;;;INTARIAN_PEPPER_ROOT;XIRECS;42801.0;3
792823;;;ASH_COATED_OSMIUM;XIRECS;10014.0;2
793045;;;ASH_COATED_OSMIUM;XIRECS;10013.0;9
794627;;;INTARIAN_PEPPER_ROOT;XIRECS;42800.0;7
794859;;;ASH_COATED_OSMIUM;XIRECS;10010.0;5
795053;;;ASH_COATED_OSMIUM;XIRECS;10001.0;5
798721;;;INTARIAN_PEPPER_ROOT;XIRECS;42806.0;3
801322;;;ASH_COATED_OSMIUM;XIRECS;10013.0;4
803893;;;ASH_COATED_OSMIUM;XIRECS;10002.0;10
804379;;;INTARIAN_PEPPER_ROOT;XIRECS;42810.0;6
804641;;;INTARIAN_PEPPER_ROOT;XIRECS;42801.0;6
805197;;;INTARIAN_PEPPER_ROOT;XIRECS;42811.0;5
805434;;;ASH_COATED_OSMIUM;XIRECS;10009.0;5
806815;;;INTARIAN_PEPPER_ROOT;XIRECS;42802.0;4
807635;;;ASH_COATED_OSMIUM;XIRECS;9997.0;6
814959;;;ASH_COATED_OSMIUM;XIRECS;10011.0;6
815238;;;INTARIAN_PEPPER_ROOT;XIRECS;42805.0;6
816091;;;ASH_COATED_OSMIUM;XIRECS;10013.0;10
816102;;;INTARIAN_PEPPER_ROOT;XIRECS;42818.0;4
819759;;;INTARIAN_PEPPER_ROOT;XIRECS;42828.0;5
819944;;;ASH_COATED_OSMIUM;XIRECS;10006.0;5
820074;;;INTARIAN_PEPPER_ROOT;XIRECS;42818.0;3
820192;;;ASH_COATED_OSMIUM;XIRECS;9988.0;4
822685;;;ASH_COATED_OSMIUM;XIRECS;10010.0;5
823169;;;ASH_COATED_OSMIUM;XIRECS;10001.0;7
825392;;;ASH_COATED_OSMIUM;XIRECS;9989.0;5
826576;;;INTARIAN_PEPPER_ROOT;XIRECS;42823.0;4
827408;;;ASH_COATED_OSMIUM;XIRECS;9988.0;4
828277;;;INTARIAN_PEPPER_ROOT;XIRECS;42832.0;5
830776;;;ASH_COATED_OSMIUM;XIRECS;10007.0;3
831364;;;ASH_COATED_OSMIUM;XIRECS;10010.0;7
831382;;;INTARIAN_PEPPER_ROOT;XIRECS;42821.0;4
832553;;;ASH_COATED_OSMIUM;XIRECS;9981.0;6
833226;;;ASH_COATED_OSMIUM;XIRECS;10009.0;2
833391;;;ASH_COATED_OSMIUM;XIRECS;10008.0;6
834229;;;INTARIAN_PEPPER_ROOT;XIRECS;42839.0;5
834291;;;ASH_COATED_OSMIUM;XIRECS;10009.0;7
834378;;;INTARIAN_PEPPER_ROOT;XIRECS;42843.0;3
834575;;;ASH_COATED_OSMIUM;XIRECS;10010.0;7
834842;;;INTARIAN_PEPPER_ROOT;XIRECS;42826.0;4
835848;;;INTARIAN_PEPPER_ROOT;XIRECS;42841.0;6
841140;;;ASH_COATED_OSMIUM;XIRECS;9997.0;2
841499;;;ASH_COATED_OSMIUM;XIRECS;9996.0;5
843781;;;ASH_COATED_OSMIUM;XIRECS;9995.0;6
844440;;;ASH_COATED_OSMIUM;XIRECS;9984.0;3
844498;;;ASH_COATED_OSMIUM;XIRECS;9984.0;5
844684;;;INTARIAN_PEPPER_ROOT;XIRECS;42839.0;5
845228;;;ASH_COATED_OSMIUM;XIRECS;9996.0;4
849408;;;ASH_COATED_OSMIUM;XIRECS;9996.0;4
849801;;;INTARIAN_PEPPER_ROOT;XIRECS;42860.0;7
850401;;;INTARIAN_PEPPER_ROOT;XIRECS;42854.0;3
856416;;;INTARIAN_PEPPER_ROOT;XIRECS;42866.0;4
858836;;;INTARIAN_PEPPER_ROOT;XIRECS;42868.0;5
859366;;;INTARIAN_PEPPER_ROOT;XIRECS;42856.0;5
859989;;;INTARIAN_PEPPER_ROOT;XIRECS;42852.0;6
860137;;;INTARIAN_PEPPER_ROOT;XIRECS;42866.0;3
861804;;;INTARIAN_PEPPER_ROOT;XIRECS;42867.0;6
862372;;;ASH_COATED_OSMIUM;XIRECS;9988.0;6
862729;;;ASH_COATED_OSMIUM;XIRECS;9996.0;5
863250;;;ASH_COATED_OSMIUM;XIRECS;10013.0;5
864566;;;ASH_COATED_OSMIUM;XIRECS;10002.0;3
864766;;;INTARIAN_PEPPER_ROOT;XIRECS;42859.0;5
865474;;;ASH_COATED_OSMIUM;XIRECS;9993.0;4
865770;;;ASH_COATED_OSMIUM;XIRECS;9994.0;6
868359;;;ASH_COATED_OSMIUM;XIRECS;9988.0;2
869381;;;INTARIAN_PEPPER_ROOT;XIRECS;42874.0;4
870565;;;INTARIAN_PEPPER_ROOT;XIRECS;42865.0;4
871281;;;ASH_COATED_OSMIUM;XIRECS;10013.0;5
875707;;;ASH_COATED_OSMIUM;XIRECS;10014.0;4
875895;;;ASH_COATED_OSMIUM;XIRECS;10013.0;6
875924;;;ASH_COATED_OSMIUM;XIRECS;9997.0;5
876503;;;INTARIAN_PEPPER_ROOT;XIRECS;42866.0;5
878486;;;ASH_COATED_OSMIUM;XIRECS;10000.0;3
879400;;;INTARIAN_PEPPER_ROOT;XIRECS;42873.0;6
884223;;;INTARIAN_PEPPER_ROOT;XIRECS;42886.0;6
886828;;;INTARIAN_PEPPER_ROOT;XIRECS;42876.0;3
887727;;;ASH_COATED_OSMIUM;XIRECS;10006.0;7
888345;;;ASH_COATED_OSMIUM;XIRECS;9997.0;4
889814;;;ASH_COATED_OSMIUM;XIRECS;9994.0;3
891259;;;INTARIAN_PEPPER_ROOT;XIRECS;42885.0;8
893852;;;ASH_COATED_OSMIUM;XIRECS;9992.0;4
899260;;;ASH_COATED_OSMIUM;XIRECS;9995.0;10
905370;;;INTARIAN_PEPPER_ROOT;XIRECS;42899.0;6
906085;;;INTARIAN_PEPPER_ROOT;XIRECS;42911.0;3
910335;;;ASH_COATED_OSMIUM;XIRECS;10008.0;6
911854;;;ASH_COATED_OSMIUM;XIRECS;10010.0;9
912137;;;ASH_COATED_OSMIUM;XIRECS;10006.0;7
912256;;;ASH_COATED_OSMIUM;XIRECS;9981.0;9
913389;;;INTARIAN_PEPPER_ROOT;XIRECS;42923.0;5
916852;;;INTARIAN_PEPPER_ROOT;XIRECS;42909.0;5
916934;;;INTARIAN_PEPPER_ROOT;XIRECS;42918.0;4
917627;;;ASH_COATED_OSMIUM;XIRECS;10005.0;9
917909;;;INTARIAN_PEPPER_ROOT;XIRECS;42910.0;6
918013;;;ASH_COATED_OSMIUM;XIRECS;10008.0;3
918870;;;INTARIAN_PEPPER_ROOT;XIRECS;42911.0;3
919323;;;ASH_COATED_OSMIUM;XIRECS;9992.0;10
921760;;;INTARIAN_PEPPER_ROOT;XIRECS;42924.0;6
922005;;;ASH_COATED_OSMIUM;XIRECS;9987.0;5
924624;;;ASH_COATED_OSMIUM;XIRECS;9991.0;6
927572;;;ASH_COATED_OSMIUM;XIRECS;10003.0;3
928868;;;ASH_COATED_OSMIUM;XIRECS;9991.0;10
929637;;;ASH_COATED_OSMIUM;XIRECS;9988.0;6
931738;;;ASH_COATED_OSMIUM;XIRECS;9997.0;6
934057;;;INTARIAN_PEPPER_ROOT;XIRECS;42931.0;8
934578;;;INTARIAN_PEPPER_ROOT;XIRECS;42944.0;6
940433;;;ASH_COATED_OSMIUM;XIRECS;10008.0;2
942266;;;ASH_COATED_OSMIUM;XIRECS;10014.0;5
943690;;;INTARIAN_PEPPER_ROOT;XIRECS;42953.0;7
946633;;;ASH_COATED_OSMIUM;XIRECS;9997.0;5
947882;;;ASH_COATED_OSMIUM;XIRECS;10015.0;2
949046;;;ASH_COATED_OSMIUM;XIRECS;10009.0;3
949094;;;ASH_COATED_OSMIUM;XIRECS;10009.0;6
949133;;;ASH_COATED_OSMIUM;XIRECS;9992.0;6
949769;;;ASH_COATED_OSMIUM;XIRECS;9998.0;2
953005;;;INTARIAN_PEPPER_ROOT;XIRECS;42955.0;7
955859;;;ASH_COATED_OSMIUM;XIRECS;9998.0;2
955922;;;ASH_COATED_OSMIUM;XIRECS;10016.0;2
956091;;;INTARIAN_PEPPER_ROOT;XIRECS;42947.0;6
956601;;;INTARIAN_PEPPER_ROOT;XIRECS;42950.0;4
956999;;;ASH_COATED_OSMIUM;XIRECS;10008.0;6
957723;;;INTARIAN_PEPPER_ROOT;XIRECS;42948.0;4
961379;;;INTARIAN_PEPPER_ROOT;XIRECS;42954.0;3
963187;;;ASH_COATED_OSMIUM;XIRECS;9992.0;7
963805;;;INTARIAN_PEPPER_ROOT;XIRECS;42958.0;4
967576;;;INTARIAN_PEPPER_ROOT;XIRECS;42972.0;3
967769;;;ASH_COATED_OSMIUM;XIRECS;9992.0;4
968581;;;INTARIAN_PEPPER_ROOT;XIRECS;42962.0;5
968757;;;ASH_COATED_OSMIUM;XIRECS;10007.0;6
970268;;;INTARIAN_PEPPER_ROOT;XIRECS;42977.0;5
970646;;;ASH_COATED_OSMIUM;XIRECS;10014.0;3
973690;;;INTARIAN_PEPPER_ROOT;XIRECS;42983.0;3
976298;;;ASH_COATED_OSMIUM;XIRECS;10009.0;9
976524;;;ASH_COATED_OSMIUM;XIRECS;10007.0;2
977396;;;INTARIAN_PEPPER_ROOT;XIRECS;42970.0;5
977459;;;INTARIAN_PEPPER_ROOT;XIRECS;42985.0;4
979274;;;INTARIAN_PEPPER_ROOT;XIRECS;42966.0;5
979372;;;INTARIAN_PEPPER_ROOT;XIRECS;42985.0;6
979601;;;ASH_COATED_OSMIUM;XIRECS;10002.0;4
980414;;;ASH_COATED_OSMIUM;XIRECS;9991.0;3
984799;;;INTARIAN_PEPPER_ROOT;XIRECS;42987.0;6
985901;;;ASH_COATED_OSMIUM;XIRECS;9997.0;10
987357;;;INTARIAN_PEPPER_ROOT;XIRECS;42994.0;8
988501;;;ASH_COATED_OSMIUM;XIRECS;10003.0;2
989211;;;ASH_COATED_OSMIUM;XIRECS;10008.0;5
989672;;;ASH_COATED_OSMIUM;XIRECS;9990.0;6
989916;;;ASH_COATED_OSMIUM;XIRECS;9991.0;10
990584;;;INTARIAN_PEPPER_ROOT;XIRECS;42993.0;5
991862;;;ASH_COATED_OSMIUM;XIRECS;9990.0;8
991993;;;INTARIAN_PEPPER_ROOT;XIRECS;42987.0;7
994647;;;ASH_COATED_OSMIUM;XIRECS;10013.0;4
995540;;;ASH_COATED_OSMIUM;XIRECS;10005.0;6
997475;;;INTARIAN_PEPPER_ROOT;XIRECS;42994.0;6
997971;;;INTARIAN_PEPPER_ROOT;XIRECS;42996.0;7
998057;;;ASH_COATED_OSMIUM;XIRECS;10004.0;3