timestamp;buyer;seller;symbol;currency;price;quantity
38;;;INTARIAN_PEPPER_ROOT;XIRECS;16007.0;8
1657;;;ASH_COATED_OSMIUM;XIRECS;10010.0;3
2375;;;ASH_COATED_OSMIUM;XIRECS;9988.0;7
2648;;;ASH_COATED_OSMIUM;XIRECS;10009.0;6
3900;;;INTARIAN_PEPPER_ROOT;XIRECS;16007.0;3
3970;;;INTARIAN_PEPPER_ROOT;XIRECS;15991.0;3
5053;;;ASH_COATED_OSMIUM;XIRECS;9990.0;3
6051;;;ASH_COATED_OSMIUM;XIRECS;9999.0;5
11425;;;ASH_COATED_OSMIUM;XIRECS;9988.0;2
12113;;;ASH_COATED_OSMIUM;XIRECS;10001.0;10
13180;;;ASH_COATED_OSMIUM;XIRECS;10000.0;8
14682;;;ASH_COATED_OSMIUM;XIRECS;10005.0;6
19496;;;INTARIAN_PEPPER_ROOT;XIRECS;16027.0;3
19741;;;INTARIAN_PEPPER_ROOT;XIRECS;16017.0;5
21739;;;ASH_COATED_OSMIUM;XIRECS;9987.0;5
23281;;;ASH_COATED_OSMIUM;XIRECS;9991.0;3
24974;;;ASH_COATED_OSMIUM;XIRECS;9983.0;3
26229;;;ASH_COATED_OSMIUM;XIRECS;10009.0;4
29844;;;ASH_COATED_OSMIUM;XIRECS;10007.0;4
30389;;;ASH_COATED_OSMIUM;XIRECS;10006.0;9
32433;;;ASH_COATED_OSMIUM;XIRECS;9993.0;3
32458;;;INTARIAN_PEPPER_ROOT;XIRECS;16037.0;5
33665;;;INTARIAN_PEPPER_ROOT;XIRECS;16028.0;7
33996;;;INTARIAN_PEPPER_ROOT;XIRECS;16041.0;8
34127;;;ASH_COATED_OSMIUM;XIRECS;9988.0;4
34201;;;INTARIAN_PEPPER_ROOT;XIRECS;16038.0;5
34645;;;ASH_COATED_OSMIUM;XIRECS;10011.0;6
34932;;;INTARIAN_PEPPER_ROOT;XIRECS;16042.0;8
35883;;;ASH_COATED_OSMIUM;XIRECS;9992.0;2
37933;;;INTARIAN_PEPPER_ROOT;XIRECS;16046.0;7
39045;;;ASH_COATED_OSMIUM;XIRECS;9992.0;6
40732;;;ASH_COATED_OSMIUM;XIRECS;10002.0;9
42402;;;INTARIAN_PEPPER_ROOT;XIRECS;16048.0;3
44228;;;ASH_COATED_OSMIUM;XIRECS;9988.0;8
44481;;;INTARIAN_PEPPER_ROOT;XIRECS;16036.0;3
48245;;;ASH_COATED_OSMIUM;XIRECS;9990.0;3
48279;;;INTARIAN_PEPPER_ROOT;XIRECS;16040.0;4
50771;;;INTARIAN_PEPPER_ROOT;XIRECS;16043.0;6
52922;;;ASH_COATED_OSMIUM;XIRECS;9995.0;6
54096;;;INTARIAN_PEPPER_ROOT;XIRECS;16050.0;5
54537;;;ASH_COATED_OSMIUM;XIRECS;10014.0;8
55189;;;ASH_COATED_OSMIUM;XIRECS;10011.0;6
56242;;;ASH_COATED_OSMIUM;XIRECS;9997.0;3
57660;;;ASH_COATED_OSMIUM;XIRECS;10008.0;4
62080;;;ASH_COATED_OSMIUM;XIRECS;9991.0;5
62169;;;ASH_COATED_OSMIUM;XIRECS;9992.0;6
64259;;;INTARIAN_PEPPER_ROOT;XIRECS;16056.0;5
65405;;;ASH_COATED_OSMIUM;XIRECS;10009.0;5
69400;;;INTARIAN_PEPPER_ROOT;XIRECS;16051.0;6
72179;;;ASH_COATED_OSMIUM;XIRECS;10000.0;2
73280;;;INTARIAN_PEPPER_ROOT;XIRECS;16076.0;6
73791;;;INTARIAN_PEPPER_ROOT;XIRECS;16081.0;7
74358;;;INTARIAN_PEPPER_ROOT;XIRECS;16068.0;3
74365;;;INTARIAN_PEPPER_ROOT;XIRECS;16068.0;6
74412;;;ASH_COATED_OSMIUM;XIRECS;10009.0;6
74504;;;ASH_COATED_OSMIUM;XIRECS;9999.0;10
74979;;;ASH_COATED_OSMIUM;XIRECS;10015.0;7
75339;;;ASH_COATED_OSMIUM;XIRECS;9999.0;10
77503;;;ASH_COATED_OSMIUM;XIRECS;10013.0;5
78080;;;INTARIAN_PEPPER_ROOT;XIRECS;16069.0;3
78479;;;INTARIAN_PEPPER_ROOT;XIRECS;16073.0;4
78574;;;INTARIAN_PEPPER_ROOT;XIRECS;16072.0;6
85507;;;ASH_COATED_OSMIUM;XIRECS;9994.0;8
86007;;;ASH_COATED_OSMIUM;XIRECS;10000.0;6
87163;;;INTARIAN_PEPPER_ROOT;XIRECS;16094.0;7
87684;;;INTARIAN_PEPPER_ROOT;XIRECS;16094.0;4
90088;;;ASH_COATED_OSMIUM;XIRECS;10011.0;8
90302;;;INTARIAN_PEPPER_ROOT;XIRECS;16099.0;3
91262;;;INTARIAN_PEPPER_ROOT;XIRECS;16098.0;8
91885;;;INTARIAN_PEPPER_ROOT;XIRECS;16083.0;3
92529;;;ASH_COATED_OSMIUM;XIRECS;9995.0;6
93737;;;ASH_COATED_OSMIUM;XIRECS;10011.0;8
94010;;;ASH_COATED_OSMIUM;XIRECS;9993.0;4
96236;;;ASH_COATED_OSMIUM;XIRECS;9996.0;6
97386;;;INTARIAN_PEPPER_ROOT;XIRECS;16101.0;4
98222;;;INTARIAN_PEPPER_ROOT;XIRECS;16093.0;2
98257;;;ASH_COATED_OSMIUM;XIRECS;10013.0;8
100284;;;INTARIAN_PEPPER_ROOT;XIRECS;16107.0;4
100661;;;ASH_COATED_OSMIUM;XIRECS;10009.0;7
102543;;;INTARIAN_PEPPER_ROOT;XIRECS;16106.0;5
104401;;;ASH_COATED_OSMIUM;XIRECS;10010.0;10
107306;;;ASH_COATED_OSMIUM;XIRECS;10017.0;6
109168;;;ASH_COATED_OSMIUM;XIRECS;10007.0;4
109711;;;ASH_COATED_OSMIUM;XIRECS;10009.0;5
112693;;;INTARIAN_PEPPER_ROOT;XIRECS;16106.0;7
113128;;;INTARIAN_PEPPER_ROOT;XIRECS;16121.0;8
113911;;;INTARIAN_PEPPER_ROOT;XIRECS;16125.0;3
114842;;;INTARIAN_PEPPER_ROOT;XIRECS;16107.0;7
116530;;;ASH_COATED_OSMIUM;XIRECS;9998.0;2
117743;;;INTARIAN_PEPPER_ROOT;XIRECS;16120.0;5
118050;;;INTARIAN_PEPPER_ROOT;XIRECS;16128.0;4
118277;;;INTARIAN_PEPPER_ROOT;XIRECS;16128.0;7
119981;;;INTARIAN_PEPPER_ROOT;XIRECS;16110.0;5
121797;;;ASH_COATED_OSMIUM;XIRECS;9993.0;10
121802;;;ASH_COATED_OSMIUM;XIRECS;10009.0;3
124525;;;INTARIAN_PEPPER_ROOT;XIRECS;16133.0;6
125143;;;ASH_COATED_OSMIUM;XIRECS;10003.0;5
125913;;;INTARIAN_PEPPER_ROOT;XIRECS;16132.0;6
126286;;;ASH_COATED_OSMIUM;XIRECS;10004.0;4
126411;;;ASH_COATED_OSMIUM;XIRECS;9988.0;2
127186;;;ASH_COATED_OSMIUM;XIRECS;10012.0;8
127671;;;INTARIAN_PEPPER_ROOT;XIRECS;16135.0;4
127752;;;ASH_COATED_OSMIUM;XIRECS;9996.0;8
131728;;;ASH_COATED_OSMIUM;XIRECS;10011.0;5
132508;;;ASH_COATED_OSMIUM;XIRECS;9995.0;3
132645;;;INTARIAN_PEPPER_ROOT;XIRECS;16122.0;5
133681;;;ASH_COATED_OSMIUM;XIRECS;10012.0;10
133733;;;INTARIAN_PEPPER_ROOT;XIRECS;16127.0;6
135722;;;INTARIAN_PEPPER_ROOT;XIRECS;16127.0;7
137846;;;ASH_COATED_OSMIUM;XIRECS;10010.0;2
138436;;;ASH_COATED_OSMIUM;XIRECS;10007.0;3
138453;;;ASH_COATED_OSMIUM;XIRECS;9991.0;3
138808;;;INTARIAN_PEPPER_ROOT;XIRECS;16133.0;6
139413;;;INTARIAN_PEPPER_ROOT;XIRECS;16146.0;5
141666;;;ASH_COATED_OSMIUM;XIRECS;9988.0;3
142874;;;INTARIAN_PEPPER_ROOT;XIRECS;16135.0;6
144016;;;INTARIAN_PEPPER_ROOT;XIRECS;16147.0;5
145565;;;INTARIAN_PEPPER_ROOT;XIRECS;16138.0;4
145772;;;INTARIAN_PEPPER_ROOT;XIRECS;16149.0;5
147853;;;ASH_COATED_OSMIUM;XIRECS;9988.0;5
148476;;;INTARIAN_PEPPER_ROOT;XIRECS;16155.0;3
151172;;;ASH_COATED_OSMIUM;XIRECS;10009.0;6
154293;;;ASH_COATED_OSMIUM;XIRECS;10014.0;9
154943;;;INTARIAN_PEPPER_ROOT;XIRECS;16152.0;6
155016;;;ASH_COATED_OSMIUM;XIRECS;10007.0;7
156873;;;ASH_COATED_OSMIUM;XIRECS;10012.0;3
157292;;;ASH_COATED_OSMIUM;XIRECS;9995.0;8
157589;;;INTARIAN_PEPPER_ROOT;XIRECS;16167.0;6
158844;;;INTARIAN_PEPPER_ROOT;XIRECS;16152.0;7
161355;;;ASH_COATED_OSMIUM;XIRECS;9994.0;5
162304;;;INTARIAN_PEPPER_ROOT;XIRECS;16169.0;4
163139;;;ASH_COATED_OSMIUM;XIRECS;10004.0;4
164678;;;ASH_COATED_OSMIUM;XIRECS;10012.0;2
165645;;;INTARIAN_PEPPER_ROOT;XIRECS;16170.0;6
168821;;;INTARIAN_PEPPER_ROOT;XIRECS;16163.0;5
170353;;;INTARIAN_PEPPER_ROOT;XIRECS;16176.0;4
170512;;;ASH_COATED_OSMIUM;XIRECS;10004.0;3
172285;;;ASH_COATED_OSMIUM;XIRECS;10002.0;5
173540;;;ASH_COATED_OSMIUM;XIRECS;10006.0;5
177866;;;INTARIAN_PEPPER_ROOT;XIRECS;16185.0;3
179360;;;INTARIAN_PEPPER_ROOT;XIRECS;16187.0;6
179600;;;ASH_COATED_OSMIUM;XIRECS;10007.0;2
181583;;;INTARIAN_PEPPER_ROOT;XIRECS;16174.0;5
182826;;;INTARIAN_PEPPER_ROOT;XIRECS;16187.0;3
184236;;;INTARIAN_PEPPER_ROOT;XIRECS;16194.0;4
184557;;;INTARIAN_PEPPER_ROOT;XIRECS;16175.0;6
187453;;;INTARIAN_PEPPER_ROOT;XIRECS;16195.0;3
191532;;;INTARIAN_PEPPER_ROOT;XIRECS;16183.0;7
191735;;;ASH_COATED_OSMIUM;XIRECS;9987.0;6
191953;;;ASH_COATED_OSMIUM;XIRECS;10007.0;4
193394;;;ASH_COATED_OSMIUM;XIRECS;10001.0;7
193482;;;ASH_COATED_OSMIUM;XIRECS;10006.0;5
195094;;;ASH_COATED_OSMIUM;XIRECS;9985.0;7
200097;;;ASH_COATED_OSMIUM;XIRECS;10004.0;4
203125;;;ASH_COATED_OSMIUM;XIRECS;10007.0;6
204984;;;ASH_COATED_OSMIUM;XIRECS;9996.0;8
205498;;;ASH_COATED_OSMIUM;XIRECS;9984.0;10
205847;;;INTARIAN_PEPPER_ROOT;XIRECS;16198.0;4
206448;;;ASH_COATED_OSMIUM;XIRECS;10007.0;8
206702;;;INTARIAN_PEPPER_ROOT;XIRECS;16199.0;7
210371;;;INTARIAN_PEPPER_ROOT;XIRECS;16218.0;7
210565;;;INTARIAN_PEPPER_ROOT;XIRECS;16217.0;6
211297;;;ASH_COATED_OSMIUM;XIRECS;9997.0;5
211530;;;INTARIAN_PEPPER_ROOT;XIRECS;16218.0;4
212166;;;INTARIAN_PEPPER_ROOT;XIRECS;16218.0;7
212183;;;ASH_COATED_OSMIUM;XIRECS;9989.0;2
214402;;;ASH_COATED_OSMIUM;XIRECS;10002.0;9
216381;;;ASH_COATED_OSMIUM;XIRECS;9994.0;10
218637;;;INTARIAN_PEPPER_ROOT;XIRECS;16227.0;5
220465;;;ASH_COATED_OSMIUM;XIRECS;9995.0;3
228248;;;ASH_COATED_OSMIUM;XIRECS;9987.0;2
230542;;;INTARIAN_PEPPER_ROOT;XIRECS;16226.0;5
231044;;;ASH_COATED_OSMIUM;XIRECS;10012.0;5
231903;;;ASH_COATED_OSMIUM;XIRECS;9989.0;5
232858;;;ASH_COATED_OSMIUM;XIRECS;9993.0;10
233177;;;ASH_COATED_OSMIUM;XIRECS;9987.0;3
234156;;;ASH_COATED_OSMIUM;XIRECS;10008.0;5
234344;;;INTARIAN_PEPPER_ROOT;XIRECS;16240.0;4
235191;;;ASH_COATED_OSMIUM;XIRECS;10003.0;2
242177;;;INTARIAN_PEPPER_ROOT;XIRECS;16249.0;5
247942;;;ASH_COATED_OSMIUM;XIRECS;10007.0;6
250285;;;ASH_COATED_OSMIUM;XIRECS;10006.0;9
250916;;;INTARIAN_PEPPER_ROOT;XIRECS;16258.0;5
252589;;;INTARIAN_PEPPER_ROOT;XIRECS;16245.0;5
253011;;;ASH_COATED_OSMIUM;XIRECS;10010.0;4
255492;;;INTARIAN_PEPPER_ROOT;XIRECS;16265.0;3
255886;;;INTARIAN_PEPPER_ROOT;XIRECS;16260.0;7
259795;;;ASH_COATED_OSMIUM;XIRECS;9991.0;4
260299;;;ASH_COATED_OSMIUM;XIRECS;9996.0;4
261332;;;INTARIAN_PEPPER_ROOT;XIRECS;16266.0;8
263400;;;ASH_COATED_OSMIUM;XIRECS;9995.0;2
265203;;;ASH_COATED_OSMIUM;XIRECS;10011.0;3
269931;;;ASH_COATED_OSMIUM;XIRECS;10006.0;5
270696;;;ASH_COATED_OSMIUM;XIRECS;10009.0;9
271622;;;ASH_COATED_OSMIUM;XIRECS;10011.0;4
272194;;;INTARIAN_PEPPER_ROOT;XIRECS;16266.0;6
272402;;;INTARIAN_PEPPER_ROOT;XIRECS;16281.0;7
273293;;;ASH_COATED_OSMIUM;XIRECS;9998.0;8
274227;;;INTARIAN_PEPPER_ROOT;XIRECS;16281.0;3
275422;;;INTARIAN_PEPPER_ROOT;XIRECS;16270.0;7
283104;;;INTARIAN_PEPPER_ROOT;XIRECS;16279.0;5
285277;;;ASH_COATED_OSMIUM;XIRECS;10016.0;6
285931;;;ASH_COATED_OSMIUM;XIRECS;10016.0;5
286605;;;ASH_COATED_OSMIUM;XIRECS;10012.0;6
287101;;;ASH_COATED_OSMIUM;XIRECS;10011.0;6
287729;;;INTARIAN_PEPPER_ROOT;XIRECS;16293.0;6
288087;;;ASH_COATED_OSMIUM;XIRECS;9995.0;5
288410;;;ASH_COATED_OSMIUM;XIRECS;10011.0;3
288430;;;ASH_COATED_OSMIUM;XIRECS;9995.0;6
290991;;;ASH_COATED_OSMIUM;XIRECS;10011.0;9
291587;;;ASH_COATED_OSMIUM;XIRECS;10019.0;10
292929;;;ASH_COATED_OSMIUM;XIRECS;10002.0;10
293010;;;ASH_COATED_OSMIUM;XIRECS;9994.0;6
294550;;;ASH_COATED_OSMIUM;XIRECS;9998.0;3
295173;;;ASH_COATED_OSMIUM;XIRECS;9996.0;5
296794;;;ASH_COATED_OSMIUM;XIRECS;10009.0;7
296911;;;INTARIAN_PEPPER_ROOT;XIRECS;16305.0;7
299757;;;INTARIAN_PEPPER_ROOT;XIRECS;16293.0;7
300612;;;ASH_COATED_OSMIUM;XIRECS;9999.0;10
301767;;;INTARIAN_PEPPER_ROOT;XIRECS;16296.0;4
302195;;;ASH_COATED_OSMIUM;XIRECS;9995.0;5
303267;;;INTARIAN_PEPPER_ROOT;XIRECS;16294.0;4
303726;;;ASH_COATED_OSMIUM;XIRECS;10018.0;8
306879;;;INTARIAN_PEPPER_ROOT;XIRECS;16298.0;6
307947;;;INTARIAN_PEPPER_ROOT;XIRECS;16303.0;6
309072;;;INTARIAN_PEPPER_ROOT;XIRECS;16304.0;5
309526;;;ASH_COATED_OSMIUM;XIRECS;10000.0;7
310863;;;ASH_COATED_OSMIUM;XIRECS;10017.0;4
312780;;;ASH_COATED_OSMIUM;XIRECS;10010.0;6
313053;;;ASH_COATED_OSMIUM;XIRECS;10010.0;6
313463;;;ASH_COATED_OSMIUM;XIRECS;9994.0;3
314185;;;ASH_COATED_OSMIUM;XIRECS;10011.0;10
314792;;;ASH_COATED_OSMIUM;XIRECS;10016.0;6
315086;;;ASH_COATED_OSMIUM;XIRECS;9994.0;10
315654;;;ASH_COATED_OSMIUM;XIRECS;10015.0;2
317343;;;ASH_COATED_OSMIUM;XIRECS;10013.0;7
318561;;;ASH_COATED_OSMIUM;XIRECS;9997.0;4
320029;;;INTARIAN_PEPPER_ROOT;XIRECS;16316.0;3
322601;;;ASH_COATED_OSMIUM;XIRECS;10011.0;3
325858;;;INTARIAN_PEPPER_ROOT;XIRECS;16330.0;3
327620;;;ASH_COATED_OSMIUM;XIRECS;10013.0;2
329691;;;ASH_COATED_OSMIUM;XIRECS;10018.0;3
331299;;;ASH_COATED_OSMIUM;XIRECS;9991.0;2
333692;;;ASH_COATED_OSMIUM;XIRECS;9990.0;3
334545;;;ASH_COATED_OSMIUM;XIRECS;10009.0;2
335472;;;ASH_COATED_OSMIUM;XIRECS;10010.0;6
336497;;;INTARIAN_PEPPER_ROOT;XIRECS;16341.0;7
336970;;;ASH_COATED_OSMIUM;XIRECS;10007.0;5
337572;;;INTARIAN_PEPPER_ROOT;XIRECS;16341.0;7
337858;;;ASH_COATED_OSMIUM;XIRECS;9995.0;4
339567;;;ASH_COATED_OSMIUM;XIRECS;9997.0;4
340335;;;ASH_COATED_OSMIUM;XIRECS;9993.0;9
343385;;;ASH_COATED_OSMIUM;XIRECS;10008.0;6
343877;;;INTARIAN_PEPPER_ROOT;XIRECS;16339.0;5
343908;;;ASH_COATED_OSMIUM;XIRECS;9995.0;3
345549;;;ASH_COATED_OSMIUM;XIRECS;10007.0;10
348182;;;INTARIAN_PEPPER_ROOT;XIRECS;16344.0;3
348363;;;INTARIAN_PEPPER_ROOT;XIRECS;16346.0;3
350617;;;ASH_COATED_OSMIUM;XIRECS;10009.0;6
351119;;;INTARIAN_PEPPER_ROOT;XIRECS;16342.0;6
355519;;;ASH_COATED_OSMIUM;XIRECS;9996.0;2
355539;;;ASH_COATED_OSMIUM;XIRECS;9996.0;10
357134;;;INTARIAN_PEPPER_ROOT;XIRECS;16363.0;3
357557;;;ASH_COATED_OSMIUM;XIRECS;9993.0;2
358714;;;INTARIAN_PEPPER_ROOT;XIRECS;16349.0;4
359920;;;ASH_COATED_OSMIUM;XIRECS;9987.0;6
360747;;;ASH_COATED_OSMIUM;XIRECS;10002.0;4
363335;;;ASH_COATED_OSMIUM;XIRECS;9986.0;3
367427;;;ASH_COATED_OSMIUM;XIRECS;9983.0;5
369750;;;INTARIAN_PEPPER_ROOT;XIRECS;16375.0;7
370013;;;INTARIAN_PEPPER_ROOT;XIRECS;16378.0;7
372123;;;INTARIAN_PEPPER_ROOT;XIRECS;16382.0;7
372624;;;ASH_COATED_OSMIUM;XIRECS;9997.0;9
373999;;;INTARIAN_PEPPER_ROOT;XIRECS;16364.0;3
376853;;;INTARIAN_PEPPER_ROOT;XIRECS;16367.0;3
379320;;;ASH_COATED_OSMIUM;XIRECS;9991.0;6
379894;;;ASH_COATED_OSMIUM;XIRECS;10002.0;5
379919;;;INTARIAN_PEPPER_ROOT;XIRECS;16387.0;3
380326;;;ASH_COATED_OSMIUM;XIRECS;9991.0;6
381812;;;INTARIAN_PEPPER_ROOT;XIRECS;16383.0;7
385109;;;INTARIAN_PEPPER_ROOT;XIRECS;16389.0;3
386133;;;ASH_COATED_OSMIUM;XIRECS;10003.0;6
387597;;;ASH_COATED_OSMIUM;XIRECS;9999.0;5
388012;;;INTARIAN_PEPPER_ROOT;XIRECS;16394.0;3
388706;;;ASH_COATED_OSMIUM;XIRECS;9987.0;3
392399;;;ASH_COATED_OSMIUM;XIRECS;9982.0;6
393219;;;ASH_COATED_OSMIUM;XIRECS;9987.0;2
394311;;;ASH_COATED_OSMIUM;XIRECS;10006.0;2
394672;;;ASH_COATED_OSMIUM;XIRECS;9999.0;2
396675;;;INTARIAN_PEPPER_ROOT;XIRECS;16390.0;6
396821;;;INTARIAN_PEPPER_ROOT;XIRECS;16400.0;6
397078;;;INTARIAN_PEPPER_ROOT;XIRECS;16388.0;6
397508;;;INTARIAN_PEPPER_ROOT;XIRECS;16389.0;5
402465;;;INTARIAN_PEPPER_ROOT;XIRECS;16411.0;5
404388;;;ASH_COATED_OSMIUM;XIRECS;10007.0;6
404417;;;INTARIAN_PEPPER_ROOT;XIRECS;16413.0;4
405011;;;ASH_COATED_OSMIUM;XIRECS;9985.0;4
405407;;;ASH_COATED_OSMIUM;XIRECS;9996.0;2
405978;;;INTARIAN_PEPPER_ROOT;XIRECS;16413.0;5
406122;;;ASH_COATED_OSMIUM;XIRECS;10001.0;6
406530;;;ASH_COATED_OSMIUM;XIRECS;9989.0;10
409453;;;INTARIAN_PEPPER_ROOT;XIRECS;16417.0;3
409560;;;INTARIAN_PEPPER_ROOT;XIRECS;16398.0;7
411775;;;ASH_COATED_OSMIUM;XIRECS;9979.0;5
413258;;;ASH_COATED_OSMIUM;XIRECS;9988.0;3
414198;;;ASH_COATED_OSMIUM;XIRECS;10002.0;5
414630;;;ASH_COATED_OSMIUM;XIRECS;10001.0;3
414816;;;ASH_COATED_OSMIUM;XIRECS;9997.0;10
415527;;;INTARIAN_PEPPER_ROOT;XIRECS;16423.0;7
417376;;;INTARIAN_PEPPER_ROOT;XIRECS;16421.0;5
417995;;;ASH_COATED_OSMIUM;XIRECS;9988.0;3
418067;;;ASH_COATED_OSMIUM;XIRECS;10006.0;6
418077;;;ASH_COATED_OSMIUM;XIRECS;10006.0;6
421515;;;ASH_COATED_OSMIUM;XIRECS;10001.0;3
422830;;;INTARIAN_PEPPER_ROOT;XIRECS;16417.0;7
423265;;;INTARIAN_PEPPER_ROOT;XIRECS;16429.0;6
424758;;;INTARIAN_PEPPER_ROOT;XIRECS;16416.0;5
428505;;;ASH_COATED_OSMIUM;XIRECS;9990.0;10
431298;;;ASH_COATED_OSMIUM;XIRECS;10005.0;6
431575;;;ASH_COATED_OSMIUM;XIRECS;10005.0;2
434499;;;INTARIAN_PEPPER_ROOT;XIRECS;16426.0;8
434710;;;ASH_COATED_OSMIUM;XIRECS;9982.0;6
437102;;;INTARIAN_PEPPER_ROOT;XIRECS;16433.0;3
437406;;;INTARIAN_PEPPER_ROOT;XIRECS;16455.0;3
440986;;;INTARIAN_PEPPER_ROOT;XIRECS;16435.0;6
441770;;;ASH_COATED_OSMIUM;XIRECS;10007.0;10
442648;;;ASH_COATED_OSMIUM;XIRECS;10005.0;6
445147;;;ASH_COATED_OSMIUM;XIRECS;10005.0;7
445202;;;ASH_COATED_OSMIUM;XIRECS;10001.0;2
446846;;;ASH_COATED_OSMIUM;XIRECS;10003.0;4
448239;;;INTARIAN_PEPPER_ROOT;XIRECS;16460.0;4
451367;;;ASH_COATED_OSMIUM;XIRECS;9998.0;6
451683;;;INTARIAN_PEPPER_ROOT;XIRECS;16457.0;4
451878;;;ASH_COATED_OSMIUM;XIRECS;9986.0;10
453181;;;ASH_COATED_OSMIUM;XIRECS;9998.0;8
453280;;;INTARIAN_PEPPER_ROOT;XIRECS;16445.0;4
454287;;;ASH_COATED_OSMIUM;XIRECS;9978.0;4
454620;;;ASH_COATED_OSMIUM;XIRECS;9997.0;6
458690;;;ASH_COATED_OSMIUM;XIRECS;9990.0;5
458964;;;ASH_COATED_OSMIUM;XIRECS;10009.0;4
459886;;;ASH_COATED_OSMIUM;XIRECS;9995.0;3
460018;;;INTARIAN_PEPPER_ROOT;XIRECS;16455.0;5
460354;;;INTARIAN_PEPPER_ROOT;XIRECS;16457.0;6
461024;;;ASH_COATED_OSMIUM;XIRECS;9998.0;5
461342;;;ASH_COATED_OSMIUM;XIRECS;9996.0;6
463122;;;ASH_COATED_OSMIUM;XIRECS;10001.0;2
463574;;;INTARIAN_PEPPER_ROOT;XIRECS;16469.0;6
465308;;;INTARIAN_PEPPER_ROOT;XIRECS;16474.0;6
465621;;;ASH_COATED_OSMIUM;XIRECS;9983.0;9
467795;;;INTARIAN_PEPPER_ROOT;XIRECS;16477.0;6
468281;;;ASH_COATED_OSMIUM;XIRECS;10004.0;10
469864;;;ASH_COATED_OSMIUM;XIRECS;9983.0;5
471724;;;INTARIAN_PEPPER_ROOT;XIRECS;16471.0;4
473709;;;INTARIAN_PEPPER_ROOT;XIRECS;16467.0;5
477616;;;ASH_COATED_OSMIUM;XIRECS;9987.0;5
479020;;;INTARIAN_PEPPER_ROOT;XIRECS;16485.0;7
480146;;;ASH_COATED_OSMIUM;XIRECS;9974.0;6
481191;;;ASH_COATED_OSMIUM;XIRECS;9976.0;3
484268;;;ASH_COATED_OSMIUM;XIRECS;9983.0;8
487534;;;INTARIAN_PEPPER_ROOT;XIRECS;16499.0;4
487891;;;INTARIAN_PEPPER_ROOT;XIRECS;16478.0;5
488561;;;INTARIAN_PEPPER_ROOT;XIRECS;16482.0;6
489440;;;ASH_COATED_OSMIUM;XIRECS;10001.0;9
489578;;;ASH_COATED_OSMIUM;XIRECS;9988.0;2
489664;;;INTARIAN_PEPPER_ROOT;XIRECS;16497.0;6
494115;;;ASH_COATED_OSMIUM;XIRECS;9988.0;5
494436;;;INTARIAN_PEPPER_ROOT;XIRECS;16488.0;3
494473;;;INTARIAN_PEPPER_ROOT;XIRECS;16502.0;6
494686;;;INTARIAN_PEPPER_ROOT;XIRECS;16503.0;6
498565;;;ASH_COATED_OSMIUM;XIRECS;10006.0;3
501163;;;INTARIAN_PEPPER_ROOT;XIRECS;16496.0;7
503278;;;INTARIAN_PEPPER_ROOT;XIRECS;16495.0;7
504528;;;INTARIAN_PEPPER_ROOT;XIRECS;16507.0;3
504766;;;ASH_COATED_OSMIUM;XIRECS;9992.0;4
505652;;;INTARIAN_PEPPER_ROOT;XIRECS;16501.0;7
506144;;;ASH_COATED_OSMIUM;XIRECS;10007.0;3
507079;;;ASH_COATED_OSMIUM;XIRECS;10012.0;3
507299;;;ASH_COATED_OSMIUM;XIRECS;10012.0;9
508088;;;ASH_COATED_OSMIUM;XIRECS;10006.0;3
508330;;;INTARIAN_PEPPER_ROOT;XIRECS;16516.0;3
508902;;;INTARIAN_PEPPER_ROOT;XIRECS;16500.0;3
510589;;;INTARIAN_PEPPER_ROOT;XIRECS;16515.0;3
510952;;;ASH_COATED_OSMIUM;XIRECS;9992.0;6
511028;;;ASH_COATED_OSMIUM;XIRECS;9992.0;4
512163;;;ASH_COATED_OSMIUM;XIRECS;9996.0;10
515104;;;ASH_COATED_OSMIUM;XIRECS;10011.0;3
517198;;;ASH_COATED_OSMIUM;XIRECS;9990.0;2
517925;;;ASH_COATED_OSMIUM;XIRECS;9990.0;2
518108;;;INTARIAN_PEPPER_ROOT;XIRECS;16510.0;4
520128;;;ASH_COATED_OSMIUM;XIRECS;10010.0;8
521192;;;ASH_COATED_OSMIUM;XIRECS;10003.0;2
523092;;;INTARIAN_PEPPER_ROOT;XIRECS;16516.0;6
523539;;;ASH_COATED_OSMIUM;XIRECS;9985.0;5
531584;;;ASH_COATED_OSMIUM;XIRECS;9984.0;5
531652;;;INTARIAN_PEPPER_ROOT;XIRECS;16541.0;3
535095;;;ASH_COATED_OSMIUM;XIRECS;10008.0;7
535903;;;ASH_COATED_OSMIUM;XIRECS;10008.0;6
538132;;;INTARIAN_PEPPER_ROOT;XIRECS;16544.0;5
539928;;;ASH_COATED_OSMIUM;XIRECS;10006.0;6
544505;;;INTARIAN_PEPPER_ROOT;XIRECS;16537.0;3
546511;;;ASH_COATED_OSMIUM;XIRECS;9991.0;4
549319;;;INTARIAN_PEPPER_ROOT;XIRECS;16556.0;3
549344;;;INTARIAN_PEPPER_ROOT;XIRECS;16540.0;7
553729;;;ASH_COATED_OSMIUM;XIRECS;9986.0;3
554078;;;ASH_COATED_OSMIUM;XIRECS;10010.0;2
556569;;;INTARIAN_PEPPER_ROOT;XIRECS;16560.0;6
556868;;;INTARIAN_PEPPER_ROOT;XIRECS;16551.0;4
560369;;;ASH_COATED_OSMIUM;XIRECS;9989.0;5
561100;;;ASH_COATED_OSMIUM;XIRECS;9984.0;10
566867;;;INTARIAN_PEPPER_ROOT;XIRECS;16575.0;6
567775;;;ASH_COATED_OSMIUM;XIRECS;9987.0;3
569586;;;INTARIAN_PEPPER_ROOT;XIRECS;16575.0;6
571147;;;ASH_COATED_OSMIUM;XIRECS;9989.0;9
573022;;;INTARIAN_PEPPER_ROOT;XIRECS;16572.0;3
573855;;;INTARIAN_PEPPER_ROOT;XIRECS;16562.0;6
574872;;;ASH_COATED_OSMIUM;XIRECS;10004.0;2
575356;;;INTARIAN_PEPPER_ROOT;XIRECS;16569.0;5
575584;;;INTARIAN_PEPPER_ROOT;XIRECS;16584.0;8
575606;;;ASH_COATED_OSMIUM;XIRECS;9995.0;5
576247;;;ASH_COATED_OSMIUM;XIRECS;9988.0;10
576517;;;ASH_COATED_OSMIUM;XIRECS;9991.0;4
577397;;;INTARIAN_PEPPER_ROOT;XIRECS;16588.0;4
578236;;;ASH_COATED_OSMIUM;XIRECS;9983.0;5
578513;;;ASH_COATED_OSMIUM;XIRECS;9984.0;10
579666;;;INTARIAN_PEPPER_ROOT;XIRECS;16583.0;5
580195;;;ASH_COATED_OSMIUM;XIRECS;9992.0;6
581189;;;ASH_COATED_OSMIUM;XIRECS;9991.0;10
587687;;;ASH_COATED_OSMIUM;XIRECS;9992.0;6
590257;;;INTARIAN_PEPPER_ROOT;XIRECS;16581.0;5
590422;;;INTARIAN_PEPPER_ROOT;XIRECS;16581.0;5
591033;;;ASH_COATED_OSMIUM;XIRECS;10009.0;6
591477;;;INTARIAN_PEPPER_ROOT;XIRECS;16598.0;4
593537;;;INTARIAN_PEPPER_ROOT;XIRECS;16592.0;7
594379;;;INTARIAN_PEPPER_ROOT;XIRECS;16586.0;5
594772;;;ASH_COATED_OSMIUM;XIRECS;9984.0;8
594923;;;ASH_COATED_OSMIUM;XIRECS;10002.0;10
595072;;;INTARIAN_PEPPER_ROOT;XIRECS;16601.0;6
595606;;;ASH_COATED_OSMIUM;XIRECS;10008.0;7
597004;;;ASH_COATED_OSMIUM;XIRECS;10006.0;5
598142;;;ASH_COATED_OSMIUM;XIRECS;10005.0;6
598716;;;INTARIAN_PEPPER_ROOT;XIRECS;16608.0;4
599499;;;INTARIAN_PEPPER_ROOT;XIRECS;16593.0;4
600615;;;ASH_COATED_OSMIUM;XIRECS;9992.0;9
602914;;;ASH_COATED_OSMIUM;XIRECS;10002.0;5
604288;;;INTARIAN_PEPPER_ROOT;XIRECS;16598.0;5
606336;;;INTARIAN_PEPPER_ROOT;XIRECS;16597.0;4
612335;;;ASH_COATED_OSMIUM;XIRECS;9991.0;2
614191;;;ASH_COATED_OSMIUM;XIRECS;10011.0;6
615505;;;ASH_COATED_OSMIUM;XIRECS;10013.0;5
615962;;;ASH_COATED_OSMIUM;XIRECS;9998.0;10
618813;;;INTARIAN_PEPPER_ROOT;XIRECS;16619.0;6
620028;;;ASH_COATED_OSMIUM;XIRECS;9989.0;2
620515;;;INTARIAN_PEPPER_ROOT;XIRECS;16624.0;4
621858;;;INTARIAN_PEPPER_ROOT;XIRECS;16614.0;7
621949;;;INTARIAN_PEPPER_ROOT;XIRECS;16630.0;5
622040;;;ASH_COATED_OSMIUM;XIRECS;9988.0;5
622308;;;ASH_COATED_OSMIUM;XIRECS;9988.0;9
622574;;;INTARIAN_PEPPER_ROOT;XIRECS;16620.0;4
622988;;;ASH_COATED_OSMIUM;XIRECS;10006.0;2
625437;;;INTARIAN_PEPPER_ROOT;XIRECS;16618.0;3
626836;;;ASH_COATED_OSMIUM;XIRECS;9993.0;2
628240;;;INTARIAN_PEPPER_ROOT;XIRECS;16626.0;3
628599;;;INTARIAN_PEPPER_ROOT;XIRECS;16613.0;6
629515;;;INTARIAN_PEPPER_ROOT;XIRECS;16636.0;6
630048;;;INTARIAN_PEPPER_ROOT;XIRECS;16621.0;5
630402;;;ASH_COATED_OSMIUM;XIRECS;10006.0;5
632093;;;ASH_COATED_OSMIUM;XIRECS;10010.0;10
636347;;;INTARIAN_PEPPER_ROOT;XIRECS;16633.0;3
639415;;;ASH_COATED_OSMIUM;XIRECS;10004.0;4
640296;;;ASH_COATED_OSMIUM;XIRECS;10005.0;4
640879;;;ASH_COATED_OSMIUM;XIRECS;9993.0;5
642287;;;INTARIAN_PEPPER_ROOT;XIRECS;16635.0;4
644268;;;ASH_COATED_OSMIUM;XIRECS;9985.0;4
644284;;;INTARIAN_PEPPER_ROOT;XIRECS;16644.0;4
644516;;;INTARIAN_PEPPER_ROOT;XIRECS;16637.0;7
645463;;;INTARIAN_PEPPER_ROOT;XIRECS;16639.0;7
646304;;;INTARIAN_PEPPER_ROOT;XIRECS;16638.0;8
646545;;;ASH_COATED_OSMIUM;XIRECS;10000.0;5
647317;;;INTARIAN_PEPPER_ROOT;XIRECS;16651.0;3
648142;;;INTARIAN_PEPPER_ROOT;XIRECS;16654.0;5
648873;;;ASH_COATED_OSMIUM;XIRECS;10005.0;8
649831;;;INTARIAN_PEPPER_ROOT;XIRECS;16655.0;7
651401;;;INTARIAN_PEPPER_ROOT;XIRECS;16651.0;6
651544;;;ASH_COATED_OSMIUM;XIRECS;9986.0;3
652464;;;ASH_COATED_OSMIUM;XIRECS;9986.0;3
652646;;;INTARIAN_PEPPER_ROOT;XIRECS;16647.0;4
653205;;;ASH_COATED_OSMIUM;XIRECS;10000.0;3
654072;;;INTARIAN_PEPPER_ROOT;XIRECS;16659.0;7
654963;;;ASH_COATED_OSMIUM;XIRECS;9998.0;9
656508;;;ASH_COATED_OSMIUM;XIRECS;10007.0;9
657524;;;ASH_COATED_OSMIUM;XIRECS;9991.0;7
657921;;;INTARIAN_PEPPER_ROOT;XIRECS;16653.0;4
660820;;;INTARIAN_PEPPER_ROOT;XIRECS;16653.0;4
663989;;;ASH_COATED_OSMIUM;XIRECS;10007.0;3
664702;;;ASH_COATED_OSMIUM;XIRECS;9989.0;3
665879;;;INTARIAN_PEPPER_ROOT;XIRECS;16653.0;6
666202;;;INTARIAN_PEPPER_ROOT;XIRECS;16670.0;3
667207;;;ASH_COATED_OSMIUM;XIRECS;10011.0;10
667418;;;INTARIAN_PEPPER_ROOT;XIRECS;16677.0;6
668796;;;INTARIAN_PEPPER_ROOT;XIRECS;16676.0;7
670115;;;INTARIAN_PEPPER_ROOT;XIRECS;16665.0;6
670178;;;INTARIAN_PEPPER_ROOT;XIRECS;16676.0;5
670537;;;ASH_COATED_OSMIUM;XIRECS;9993.0;9
674639;;;ASH_COATED_OSMIUM;XIRECS;10009.0;2
676697;;;ASH_COATED_OSMIUM;XIRECS;9987.0;3
677859;;;ASH_COATED_OSMIUM;XIRECS;10012.0;4
678185;;;INTARIAN_PEPPER_ROOT;XIRECS;16686.0;4
679687;;;ASH_COATED_OSMIUM;XIRECS;9994.0;9
681880;;;ASH_COATED_OSMIUM;XIRECS;10002.0;3
682958;;;ASH_COATED_OSMIUM;XIRECS;10007.0;3
683071;;;ASH_COATED_OSMIUM;XIRECS;10008.0;3
683806;;;ASH_COATED_OSMIUM;XIRECS;9992.0;9
684212;;;ASH_COATED_OSMIUM;XIRECS;10014.0;4
684384;;;ASH_COATED_OSMIUM;XIRECS;10013.0;5
687310;;;ASH_COATED_OSMIUM;XIRECS;9993.0;10
687493;;;ASH_COATED_OSMIUM;XIRECS;10010.0;5
687855;;;ASH_COATED_OSMIUM;XIRECS;10016.0;5
689379;;;INTARIAN_PEPPER_ROOT;XIRECS;16696.0;4
689956;;;INTARIAN_PEPPER_ROOT;XIRECS;16695.0;7
693452;;;INTARIAN_PEPPER_ROOT;XIRECS;16687.0;7
694705;;;ASH_COATED_OSMIUM;XIRECS;9998.0;2
698486;;;ASH_COATED_OSMIUM;XIRECS;9992.0;5
700082;;;ASH_COATED_OSMIUM;XIRECS;10013.0;2
700322;;;INTARIAN_PEPPER_ROOT;XIRECS;16704.0;7
700398;;;INTARIAN_PEPPER_ROOT;XIRECS;16704.0;7
702368;;;INTARIAN_PEPPER_ROOT;XIRECS;16698.0;7
703705;;;ASH_COATED_OSMIUM;XIRECS;10004.0;3
705481;;;ASH_COATED_OSMIUM;XIRECS;10003.0;6
706700;;;ASH_COATED_OSMIUM;XIRECS;10009.0;10
706738;;;ASH_COATED_OSMIUM;XIRECS;9993.0;5
706940;;;INTARIAN_PEPPER_ROOT;XIRECS;16714.0;8
707333;;;ASH_COATED_OSMIUM;XIRECS;10011.0;6
707767;;;ASH_COATED_OSMIUM;XIRECS;9988.0;7
709089;;;INTARIAN_PEPPER_ROOT;XIRECS;16714.0;5
710670;;;ASH_COATED_OSMIUM;XIRECS;10009.0;2
714107;;;ASH_COATED_OSMIUM;XIRECS;9995.0;9
717988;;;INTARIAN_PEPPER_ROOT;XIRECS;16725.0;5
718704;;;INTARIAN_PEPPER_ROOT;XIRECS;16710.0;6
721266;;;INTARIAN_PEPPER_ROOT;XIRECS;16711.0;7
723378;;;ASH_COATED_OSMIUM;XIRECS;9990.0;3
725245;;;INTARIAN_PEPPER_ROOT;XIRECS;16730.0;5
726116;;;ASH_COATED_OSMIUM;XIRECS;10006.0;2
726475;;;ASH_COATED_OSMIUM;XIRECS;9993.0;3
728106;;;ASH_COATED_OSMIUM;XIRECS;10008.0;2
729236;;;ASH_COATED_OSMIUM;XIRECS;10001.0;4
732890;;;INTARIAN_PEPPER_ROOT;XIRECS;16737.0;7
733391;;;ASH_COATED_OSMIUM;XIRECS;9984.0;6
734797;;;ASH_COATED_OSMIUM;XIRECS;10003.0;6
735641;;;INTARIAN_PEPPER_ROOT;XIRECS;16729.0;7
736431;;;ASH_COATED_OSMIUM;XIRECS;10009.0;10
737828;;;ASH_COATED_OSMIUM;XIRECS;10003.0;6
738057;;;INTARIAN_PEPPER_ROOT;XIRECS;16745.0;5
739644;;;INTARIAN_PEPPER_ROOT;XIRECS;16734.0;3
740721;;;INTARIAN_PEPPER_ROOT;XIRECS;16748.0;7
741664;;;ASH_COATED_OSMIUM;XIRECS;9992.0;3
743232;;;ASH_COATED_OSMIUM;XIRECS;9997.0;6
746199;;;ASH_COATED_OSMIUM;XIRECS;9982.0;6
747453;;;INTARIAN_PEPPER_ROOT;XIRECS;16749.0;5
750007;;;INTARIAN_PEPPER_ROOT;XIRECS;16743.0;5
751990;;;INTARIAN_PEPPER_ROOT;XIRECS;16750.0;4
752350;;;INTARIAN_PEPPER_ROOT;XIRECS;16740.0;4
753306;;;ASH_COATED_OSMIUM;XIRECS;10008.0;7
754966;;;ASH_COATED_OSMIUM;XIRECS;10002.0;10
755270;;;ASH_COATED_OSMIUM;XIRECS;9990.0;2
755401;;;ASH_COATED_OSMIUM;XIRECS;10001.0;3
756407;;;INTARIAN_PEPPER_ROOT;XIRECS;16761.0;7
758215;;;INTARIAN_PEPPER_ROOT;XIRECS;16751.0;7
759122;;;INTARIAN_PEPPER_ROOT;XIRECS;16772.0;3
761090;;;ASH_COATED_OSMIUM;XIRECS;10008.0;3
761161;;;ASH_COATED_OSMIUM;XIRECS;9991.0;7
761714;;;ASH_COATED_OSMIUM;XIRECS;10008.0;7
762850;;;ASH_COATED_OSMIUM;XIRECS;10011.0;2
763403;;;ASH_COATED_OSMIUM;XIRECS;10002.0;5
763834;;;ASH_COATED_OSMIUM;XIRECS;10002.0;7
764923;;;ASH_COATED_OSMIUM;XIRECS;9993.0;6
769212;;;ASH_COATED_OSMIUM;XIRECS;10009.0;6
772320;;;INTARIAN_PEPPER_ROOT;XIRECS;16773.0;7
772660;;;ASH_COATED_OSMIUM;XIRECS;10008.0;4
773242;;;ASH_COATED_OSMIUM;XIRECS;10009.0;4
775209;;;ASH_COATED_OSMIUM;XIRECS;9991.0;10
781162;;;ASH_COATED_OSMIUM;XIRECS;10000.0;5
782061;;;ASH_COATED_OSMIUM;XIRECS;9999.0;9
784573;;;ASH_COATED_OSMIUM;XIRECS;9988.0;2
786782;;;ASH_COATED_OSMIUM;XIRECS;9996.0;10
787546;;;INTARIAN_PEPPER_ROOT;XIRECS;16782.0;4
787859;;;INTARIAN_PEPPER_ROOT;XIRECS;16794.0;5
789950;;;ASH_COATED_OSMIUM;XIRECS;9989.0;9
792328;;;INTARIAN_PEPPER_ROOT;XIRECS;16784.0;5
792609;;;ASH_COATED_OSMIUM;XIRECS;10006.0;9
794587;;;INTARIAN_PEPPER_ROOT;XIRECS;16791.0;5
794907;;;ASH_COATED_OSMIUM;XIRECS;10002.0;7
794957;;;ASH_COATED_OSMIUM;XIRECS;9986.0;6
796399;;;ASH_COATED_OSMIUM;XIRECS;10010.0;2
796860;;;ASH_COATED_OSMIUM;XIRECS;9988.0;3
798334;;;ASH_COATED_OSMIUM;XIRECS;9984.0;3
798352;;;ASH_COATED_OSMIUM;XIRECS;10005.0;10
802105;;;INTARIAN_PEPPER_ROOT;XIRECS;16810.0;8
804670;;;ASH_COATED_OSMIUM;XIRECS;9985.0;9
806714;;;INTARIAN_PEPPER_ROOT;XIRECS;16812.0;4
807595;;;INTARIAN_PEPPER_ROOT;XIRECS;16800.0;7
808268;;;ASH_COATED_OSMIUM;XIRECS;10000.0;5
809618;;;ASH_COATED_OSMIUM;XIRECS;9994.0;10
811393;;;INTARIAN_PEPPER_ROOT;XIRECS;16806.0;7
812356;;;INTARIAN_PEPPER_ROOT;XIRECS;16805.0;7
812714;;;ASH_COATED_OSMIUM;XIRECS;10003.0;3
813629;;;ASH_COATED_OSMIUM;XIRECS;9979.0;8
814505;;;INTARIAN_PEPPER_ROOT;XIRECS;16806.0;7
814613;;;ASH_COATED_OSMIUM;XIRECS;9996.0;3
818542;;;ASH_COATED_OSMIUM;XIRECS;9978.0;2
819148;;;ASH_COATED_OSMIUM;XIRECS;9981.0;8
819452;;;INTARIAN_PEPPER_ROOT;XIRECS;16811.0;3
822136;;;INTARIAN_PEPPER_ROOT;XIRECS;16822.0;5
823303;;;ASH_COATED_OSMIUM;XIRECS;10002.0;6
825779;;;ASH_COATED_OSMIUM;XIRECS;9989.0;4
826275;;;INTARIAN_PEPPER_ROOT;XIRECS;16831.0;4
827708;;;ASH_COATED_OSMIUM;XIRECS;9983.0;5
830649;;;ASH_COATED_OSMIUM;XIRECS;10004.0;6
834192;;;ASH_COATED_OSMIUM;XIRECS;9989.0;4
834229;;;INTARIAN_PEPPER_ROOT;XIRECS;16840.0;3
834490;;;INTARIAN_PEPPER_ROOT;XIRECS;16839.0;5
835302;;;ASH_COATED_OSMIUM;XIRECS;9984.0;3
835914;;;ASH_COATED_OSMIUM;XIRECS;10002.0;3
836242;;;INTARIAN_PEPPER_ROOT;XIRECS;16825.0;4
838534;;;INTARIAN_PEPPER_ROOT;XIRECS;16848.0;3
839179;;;INTARIAN_PEPPER_ROOT;XIRECS;16830.0;7
839891;;;ASH_COATED_OSMIUM;XIRECS;10008.0;2
840992;;;INTARIAN_PEPPER_ROOT;XIRECS;16847.0;7
842488;;;INTARIAN_PEPPER_ROOT;XIRECS;16838.0;4
842901;;;ASH_COATED_OSMIUM;XIRECS;10006.0;6
843849;;;INTARIAN_PEPPER_ROOT;XIRECS;16851.0;5
845571;;;INTARIAN_PEPPER_ROOT;XIRECS;16854.0;5
846955;;;INTARIAN_PEPPER_ROOT;XIRECS;16849.0;6
847649;;;ASH_COATED_OSMIUM;XIRECS;9993.0;6
849257;;;INTARIAN_PEPPER_ROOT;XIRECS;16858.0;7
855928;;;ASH_COATED_OSMIUM;XIRECS;9992.0;3
855955;;;INTARIAN_PEPPER_ROOT;XIRECS;16864.0;7
856079;;;INTARIAN_PEPPER_ROOT;XIRECS;16849.0;7
857288;;;INTARIAN_PEPPER_ROOT;XIRECS;16868.0;3
859681;;;INTARIAN_PEPPER_ROOT;XIRECS;16866.0;3
861759;;;INTARIAN_PEPPER_ROOT;XIRECS;16852.0;6
861871;;;INTARIAN_PEPPER_ROOT;XIRECS;16868.0;3
863395;;;ASH_COATED_OSMIUM;XIRECS;9997.0;3
866811;;;ASH_COATED_OSMIUM;XIRECS;10006.0;3
866971;;;ASH_COATED_OSMIUM;XIRECS;9996.0;2
866994;;;INTARIAN_PEPPER_ROOT;XIRECS;16874.0;4
867350;;;ASH_COATED_OSMIUM;XIRECS;10014.0;6
867526;;;INTARIAN_PEPPER_ROOT;XIRECS;16860.0;5
868910;;;ASH_COATED_OSMIUM;XIRECS;10009.0;4
873364;;;ASH_COATED_OSMIUM;XIRECS;10011.0;10
874084;;;INTARIAN_PEPPER_ROOT;XIRECS;16882.0;5
874639;;;INTARIAN_PEPPER_ROOT;XIRECS;16868.0;5
875561;;;INTARIAN_PEPPER_ROOT;XIRECS;16880.0;6
876427;;;INTARIAN_PEPPER_ROOT;XIRECS;16870.0;7
877065;;;ASH_COATED_OSMIUM;XIRECS;10017.0;3
878471;;;INTARIAN_PEPPER_ROOT;XIRECS;16874.0;6
879192;;;INTARIAN_PEPPER_ROOT;XIRECS;16873.0;7
879538;;;INTARIAN_PEPPER_ROOT;XIRECS;16886.0;4
882895;;;ASH_COATED_OSMIUM;XIRECS;10013.0;4
883145;;;INTARIAN_PEPPER_ROOT;XIRECS;16884.0;5
884535;;;INTARIAN_PEPPER_ROOT;XIRECS;16876.0;4
884536;;;ASH_COATED_OSMIUM;XIRECS;9996.0;2
884839;;;INTARIAN_PEPPER_ROOT;XIRECS;16893.0;3
885281;;;ASH_COATED_OSMIUM;XIRECS;10019.0;6
886149;;;INTARIAN_PEPPER_ROOT;XIRECS;16879.0;3
886201;;;INTARIAN_PEPPER_ROOT;XIRECS;16890.0;6
887109;;;INTARIAN_PEPPER_ROOT;XIRECS;16894.0;7
895710;;;ASH_COATED_OSMIUM;XIRECS;10006.0;5
895846;;;INTARIAN_PEPPER_ROOT;XIRECS;16892.0;5
896024;;;ASH_COATED_OSMIUM;XIRECS;9995.0;5
897176;;;ASH_COATED_OSMIUM;XIRECS;10014.0;7
901736;;;INTARIAN_PEPPER_ROOT;XIRECS;16908.0;3
902154;;;ASH_COATED_OSMIUM;XIRECS;10010.0;8
902777;;;ASH_COATED_OSMIUM;XIRECS;10015.0;2
903221;;;INTARIAN_PEPPER_ROOT;XIRECS;16910.0;5
904040;;;ASH_COATED_OSMIUM;XIRECS;10017.0;4
905595;;;ASH_COATED_OSMIUM;XIRECS;9993.0;6
906126;;;INTARIAN_PEPPER_ROOT;XIRECS;16901.0;5
906792;;;ASH_COATED_OSMIUM;XIRECS;9994.0;5
908485;;;ASH_COATED_OSMIUM;XIRECS;9994.0;10
909526;;;INTARIAN_PEPPER_ROOT;XIRECS;16915.0;4
909616;;;INTARIAN_PEPPER_ROOT;XIRECS;16905.0;8
910700;;;ASH_COATED_OSMIUM;XIRECS;9999.0;9
911124;;;ASH_COATED_OSMIUM;XIRECS;9995.0;4
911776;;;INTARIAN_PEPPER_ROOT;XIRECS;16906.0;6
912138;;;ASH_COATED_OSMIUM;XIRECS;10015.0;5
912527;;;ASH_COATED_OSMIUM;XIRECS;9994.0;5
914599;;;ASH_COATED_OSMIUM;XIRECS;9999.0;4
915137;;;INTARIAN_PEPPER_ROOT;XIRECS;16902.0;8
915657;;;INTARIAN_PEPPER_ROOT;XIRECS;16909.0;5
916150;;;ASH_COATED_OSMIUM;XIRECS;9995.0;9
917399;;;INTARIAN_PEPPER_ROOT;XIRECS;16909.0;5
917738;;;ASH_COATED_OSMIUM;XIRECS;9988.0;2
918794;;;INTARIAN_PEPPER_ROOT;XIRECS;16923.0;7
918884;;;ASH_COATED_OSMIUM;XIRECS;9989.0;8
920775;;;ASH_COATED_OSMIUM;XIRECS;9994.0;6
921856;;;INTARIAN_PEPPER_ROOT;XIRECS;16913.0;3
922439;;;INTARIAN_PEPPER_ROOT;XIRECS;16916.0;6
924096;;;ASH_COATED_OSMIUM;XIRECS;10005.0;6
925884;;;ASH_COATED_OSMIUM;XIRECS;9994.0;6
926745;;;ASH_COATED_OSMIUM;XIRECS;9993.0;4
927387;;;ASH_COATED_OSMIUM;XIRECS;9994.0;5
928318;;;INTARIAN_PEPPER_ROOT;XIRECS;16933.0;5
928664;;;ASH_COATED_OSMIUM;XIRECS;9991.0;2
930243;;;ASH_COATED_OSMIUM;XIRECS;10014.0;2
932646;;;ASH_COATED_OSMIUM;XIRECS;10009.0;6
933636;;;INTARIAN_PEPPER_ROOT;XIRECS;16942.0;7
934726;;;ASH_COATED_OSMIUM;XIRECS;10015.0;8
935138;;;ASH_COATED_OSMIUM;XIRECS;10009.0;2
937347;;;ASH_COATED_OSMIUM;XIRECS;10014.0;3
938618;;;ASH_COATED_OSMIUM;XIRECS;9997.0;3
939309;;;ASH_COATED_OSMIUM;XIRECS;9992.0;5
940326;;;ASH_COATED_OSMIUM;XIRECS;10007.0;3
942626;;;INTARIAN_PEPPER_ROOT;XIRECS;16934.0;5
944129;;;INTARIAN_PEPPER_ROOT;XIRECS;16954.0;6
944384;;;ASH_COATED_OSMIUM;XIRECS;10011.0;4
948238;;;INTARIAN_PEPPER_ROOT;XIRECS;16955.0;4
948587;;;ASH_COATED_OSMIUM;XIRECS;9997.0;8
949354;;;INTARIAN_PEPPER_ROOT;XIRECS;16939.0;7
950873;;;INTARIAN_PEPPER_ROOT;XIRECS;16947.0;6
951417;;;INTARIAN_PEPPER_ROOT;XIRECS;16961.0;3
951496;;;ASH_COATED_OSMIUM;XIRECS;9997.0;4
952208;;;ASH_COATED_OSMIUM;XIRECS;10006.0;3
952420;;;INTARIAN_PEPPER_ROOT;XIRECS;16963.0;4
953359;;;ASH_COATED_OSMIUM;XIRECS;10014.0;6
954640;;;INTARIAN_PEPPER_ROOT;XIRECS;16947.0;7
954759;;;ASH_COATED_OSMIUM;XIRECS;9998.0;4
955194;;;ASH_COATED_OSMIUM;XIRECS;9999.0;6
956544;;;ASH_COATED_OSMIUM;XIRECS;9999.0;3
957650;;;ASH_COATED_OSMIUM;XIRECS;10006.0;6
958437;;;INTARIAN_PEPPER_ROOT;XIRECS;16949.0;6
959925;;;INTARIAN_PEPPER_ROOT;XIRECS;16952.0;6
959933;;;ASH_COATED_OSMIUM;XIRECS;9991.0;3
960872;;;ASH_COATED_OSMIUM;XIRECS;9990.0;10
963889;;;ASH_COATED_OSMIUM;XIRECS;9992.0;4
963983;;;ASH_COATED_OSMIUM;XIRECS;10010.0;3
969328;;;INTARIAN_PEPPER_ROOT;XIRECS;16958.0;3
969608;;;INTARIAN_PEPPER_ROOT;XIRECS;16962.0;3
971181;;;ASH_COATED_OSMIUM;XIRECS;10004.0;5
972068;;;ASH_COATED_OSMIUM;XIRECS;10004.0;3
973357;;;ASH_COATED_OSMIUM;XIRECS;9993.0;5
973706;;;ASH_COATED_OSMIUM;XIRECS;10003.0;6
975694;;;INTARIAN_PEPPER_ROOT;XIRECS;16981.0;4
976936;;;ASH_COATED_OSMIUM;XIRECS;10003.0;4
977124;;;ASH_COATED_OSMIUM;XIRECS;10003.0;4
977611;;;INTARIAN_PEPPER_ROOT;XIRECS;16990.0;6
980891;;;ASH_COATED_OSMIUM;XIRECS;10010.0;4
983880;;;INTARIAN_PEPPER_ROOT;XIRECS;16987.0;4
985784;;;ASH_COATED_OSMIUM;XIRECS;10010.0;5
986342;;;ASH_COATED_OSMIUM;XIRECS;10004.0;3
986639;;;ASH_COATED_OSMIUM;XIRECS;9987.0;6
989459;;;ASH_COATED_OSMIUM;XIRECS;9990.0;4
990130;;;INTARIAN_PEPPER_ROOT;XIRECS;16999.0;6
990131;;;INTARIAN_PEPPER_ROOT;XIRECS;16988.0;3
990612;;;INTARIAN_PEPPER_ROOT;XIRECS;16984.0;6
991860;;;ASH_COATED_OSMIUM;XIRECS;9991.0;3
991893;;;INTARIAN_PEPPER_ROOT;XIRECS;16999.0;7
992642;;;ASH_COATED_OSMIUM;XIRECS;9991.0;4
993581;;;ASH_COATED_OSMIUM;XIRECS;10003.0;2
993929;;;INTARIAN_PEPPER_ROOT;XIRECS;17002.0;5
994147;;;INTARIAN_PEPPER_ROOT;XIRECS;16985.0;4
995083;;;ASH_COATED_OSMIUM;XIRECS;10009.0;10
996297;;;ASH_COATED_OSMIUM;XIRECS;10010.0;5
996980;;;ASH_COATED_OSMIUM;XIRECS;9993.0;10
997843;;;INTARIAN_PEPPER_ROOT;XIRECS;16992.0;7
997957;;;INTARIAN_PEPPER_ROOT;XIRECS;16990.0;3
998806;;;ASH_COATED_OSMIUM;XIRECS;9987.0;7