timestamp;buyer;seller;symbol;currency;price;quantity
626;;;INTARIAN_PEPPER_ROOT;XIRECS;12993.0;3
1364;;;INTARIAN_PEPPER_ROOT;XIRECS;12992.0;5
1558;;;INTARIAN_PEPPER_ROOT;XIRECS;12995.0;4
2490;;;ASH_COATED_OSMIUM;XIRECS;9988.0;7
3680;;;ASH_COATED_OSMIUM;XIRECS;10012.0;6
5907;;;INTARIAN_PEPPER_ROOT;XIRECS;12999.0;3
6074;;;INTARIAN_PEPPER_ROOT;XIRECS;13002.0;6
6689;;;INTARIAN_PEPPER_ROOT;XIRECS;13017.0;8
6708;;;INTARIAN_PEPPER_ROOT;XIRECS;13009.0;7
6895;;;ASH_COATED_OSMIUM;XIRECS;9992.0;5
9726;;;INTARIAN_PEPPER_ROOT;XIRECS;13016.0;3
14921;;;INTARIAN_PEPPER_ROOT;XIRECS;13019.0;3
15466;;;INTARIAN_PEPPER_ROOT;XIRECS;13015.0;3
16129;;;ASH_COATED_OSMIUM;XIRECS;9990.0;2
17060;;;INTARIAN_PEPPER_ROOT;XIRECS;13008.0;4
17937;;;INTARIAN_PEPPER_ROOT;XIRECS;13009.0;6
18652;;;ASH_COATED_OSMIUM;XIRECS;9991.0;6
19360;;;INTARIAN_PEPPER_ROOT;XIRECS;13025.0;8
19935;;;ASH_COATED_OSMIUM;XIRECS;9992.0;2
20838;;;ASH_COATED_OSMIUM;XIRECS;9986.0;3
23762;;;ASH_COATED_OSMIUM;XIRECS;9986.0;9
24537;;;ASH_COATED_OSMIUM;XIRECS;10006.0;3
25435;;;ASH_COATED_OSMIUM;XIRECS;9986.0;4
28540;;;ASH_COATED_OSMIUM;XIRECS;10001.0;3
29505;;;ASH_COATED_OSMIUM;XIRECS;10001.0;10
29840;;;ASH_COATED_OSMIUM;XIRECS;10001.0;8
30003;;;ASH_COATED_OSMIUM;XIRECS;10005.0;4
30010;;;ASH_COATED_OSMIUM;XIRECS;9989.0;10
30085;;;ASH_COATED_OSMIUM;XIRECS;10005.0;4
30184;;;INTARIAN_PEPPER_ROOT;XIRECS;13040.0;7
31200;;;INTARIAN_PEPPER_ROOT;XIRECS;13038.0;5
31905;;;ASH_COATED_OSMIUM;XIRECS;10002.0;4
32099;;;INTARIAN_PEPPER_ROOT;XIRECS;13040.0;7
32870;;;INTARIAN_PEPPER_ROOT;XIRECS;13039.0;4
32976;;;INTARIAN_PEPPER_ROOT;XIRECS;13032.0;4
34363;;;INTARIAN_PEPPER_ROOT;XIRECS;13039.0;4
34427;;;INTARIAN_PEPPER_ROOT;XIRECS;13040.0;7
35755;;;ASH_COATED_OSMIUM;XIRECS;10010.0;6
36178;;;ASH_COATED_OSMIUM;XIRECS;9990.0;3
39379;;;ASH_COATED_OSMIUM;XIRECS;10014.0;2
44836;;;ASH_COATED_OSMIUM;XIRECS;10016.0;8
47806;;;ASH_COATED_OSMIUM;XIRECS;10015.0;4
48013;;;ASH_COATED_OSMIUM;XIRECS;9999.0;6
48119;;;INTARIAN_PEPPER_ROOT;XIRECS;13055.0;6
48245;;;ASH_COATED_OSMIUM;XIRECS;9994.0;2
52481;;;ASH_COATED_OSMIUM;XIRECS;10001.0;9
58539;;;ASH_COATED_OSMIUM;XIRECS;9997.0;3
59291;;;ASH_COATED_OSMIUM;XIRECS;10012.0;5
60161;;;INTARIAN_PEPPER_ROOT;XIRECS;13068.0;7
60368;;;INTARIAN_PEPPER_ROOT;XIRECS;13067.0;6
60855;;;ASH_COATED_OSMIUM;XIRECS;10014.0;6
61569;;;ASH_COATED_OSMIUM;XIRECS;10002.0;5
61633;;;ASH_COATED_OSMIUM;XIRECS;10014.0;3
62228;;;ASH_COATED_OSMIUM;XIRECS;10015.0;6
64745;;;INTARIAN_PEPPER_ROOT;XIRECS;13068.0;6
66796;;;INTARIAN_PEPPER_ROOT;XIRECS;13068.0;7
70818;;;ASH_COATED_OSMIUM;XIRECS;9999.0;4
71432;;;ASH_COATED_OSMIUM;XIRECS;10015.0;3
73104;;;ASH_COATED_OSMIUM;XIRECS;10013.0;3
73417;;;INTARIAN_PEPPER_ROOT;XIRECS;13065.0;6
75646;;;INTARIAN_PEPPER_ROOT;XIRECS;13069.0;7
79371;;;INTARIAN_PEPPER_ROOT;XIRECS;13070.0;7
79478;;;INTARIAN_PEPPER_ROOT;XIRECS;13083.0;5
79563;;;INTARIAN_PEPPER_ROOT;XIRECS;13072.0;5
82689;;;ASH_COATED_OSMIUM;XIRECS;10015.0;4
82696;;;ASH_COATED_OSMIUM;XIRECS;9999.0;4
83085;;;INTARIAN_PEPPER_ROOT;XIRECS;13079.0;5
86645;;;ASH_COATED_OSMIUM;XIRECS;10011.0;7
87288;;;ASH_COATED_OSMIUM;XIRECS;10012.0;3
87315;;;ASH_COATED_OSMIUM;XIRECS;10017.0;5
93469;;;ASH_COATED_OSMIUM;XIRECS;10000.0;8
99181;;;ASH_COATED_OSMIUM;XIRECS;10019.0;9
99546;;;ASH_COATED_OSMIUM;XIRECS;9998.0;10
99760;;;INTARIAN_PEPPER_ROOT;XIRECS;13096.0;4
101401;;;ASH_COATED_OSMIUM;XIRECS;10023.0;4
103661;;;INTARIAN_PEPPER_ROOT;XIRECS;13108.0;5
104369;;;INTARIAN_PEPPER_ROOT;XIRECS;13097.0;4
109466;;;ASH_COATED_OSMIUM;XIRECS;10002.0;5
110348;;;ASH_COATED_OSMIUM;XIRECS;10023.0;2
111901;;;ASH_COATED_OSMIUM;XIRECS;10010.0;3
112505;;;ASH_COATED_OSMIUM;XIRECS;10023.0;9
112706;;;ASH_COATED_OSMIUM;XIRECS;10005.0;10
113258;;;INTARIAN_PEPPER_ROOT;XIRECS;13107.0;6
113493;;;ASH_COATED_OSMIUM;XIRECS;10009.0;5
115376;;;INTARIAN_PEPPER_ROOT;XIRECS;13119.0;5
116677;;;ASH_COATED_OSMIUM;XIRECS;10005.0;2
126646;;;INTARIAN_PEPPER_ROOT;XIRECS;13131.0;5
126794;;;ASH_COATED_OSMIUM;XIRECS;10003.0;6
130026;;;ASH_COATED_OSMIUM;XIRECS;10020.0;3
132994;;;INTARIAN_PEPPER_ROOT;XIRECS;13140.0;5
133070;;;INTARIAN_PEPPER_ROOT;XIRECS;13141.0;3
135530;;;INTARIAN_PEPPER_ROOT;XIRECS;13148.0;5
139725;;;ASH_COATED_OSMIUM;XIRECS;10007.0;7
140018;;;ASH_COATED_OSMIUM;XIRECS;10012.0;3
140088;;;INTARIAN_PEPPER_ROOT;XIRECS;13148.0;8
141850;;;ASH_COATED_OSMIUM;XIRECS;10012.0;4
144497;;;INTARIAN_PEPPER_ROOT;XIRECS;13152.0;6
144578;;;ASH_COATED_OSMIUM;XIRECS;10012.0;4
144770;;;INTARIAN_PEPPER_ROOT;XIRECS;13153.0;4
144997;;;INTARIAN_PEPPER_ROOT;XIRECS;13145.0;5
145048;;;ASH_COATED_OSMIUM;XIRECS;9991.0;3
145680;;;INTARIAN_PEPPER_ROOT;XIRECS;13152.0;5
148620;;;ASH_COATED_OSMIUM;XIRECS;9993.0;8
148917;;;ASH_COATED_OSMIUM;XIRECS;9997.0;2
149300;;;INTARIAN_PEPPER_ROOT;XIRECS;13146.0;8
149604;;;ASH_COATED_OSMIUM;XIRECS;10014.0;4
150711;;;ASH_COATED_OSMIUM;XIRECS;9998.0;9
151361;;;INTARIAN_PEPPER_ROOT;XIRECS;13142.0;7
152111;;;INTARIAN_PEPPER_ROOT;XIRECS;13157.0;4
153070;;;ASH_COATED_OSMIUM;XIRECS;10014.0;5
154998;;;ASH_COATED_OSMIUM;XIRECS;10001.0;6
155336;;;INTARIAN_PEPPER_ROOT;XIRECS;13147.0;7
156131;;;ASH_COATED_OSMIUM;XIRECS;10004.0;2
156638;;;ASH_COATED_OSMIUM;XIRECS;10001.0;3
158617;;;INTARIAN_PEPPER_ROOT;XIRECS;13167.0;3
160935;;;ASH_COATED_OSMIUM;XIRECS;10017.0;5
161766;;;INTARIAN_PEPPER_ROOT;XIRECS;13169.0;6
163223;;;INTARIAN_PEPPER_ROOT;XIRECS;13168.0;4
164187;;;ASH_COATED_OSMIUM;XIRECS;10015.0;2
166310;;;ASH_COATED_OSMIUM;XIRECS;10001.0;3
166881;;;ASH_COATED_OSMIUM;XIRECS;10017.0;2
167501;;;INTARIAN_PEPPER_ROOT;XIRECS;13170.0;8
168170;;;ASH_COATED_OSMIUM;XIRECS;10013.0;6
169181;;;ASH_COATED_OSMIUM;XIRECS;10012.0;6
169430;;;ASH_COATED_OSMIUM;XIRECS;10000.0;6
170244;;;ASH_COATED_OSMIUM;XIRECS;10011.0;3
170868;;;ASH_COATED_OSMIUM;XIRECS;9999.0;10
175984;;;ASH_COATED_OSMIUM;XIRECS;9995.0;2
176657;;;ASH_COATED_OSMIUM;XIRECS;9992.0;6
178242;;;ASH_COATED_OSMIUM;XIRECS;9991.0;3
178890;;;ASH_COATED_OSMIUM;XIRECS;9996.0;5
179968;;;INTARIAN_PEPPER_ROOT;XIRECS;13168.0;7
180944;;;INTARIAN_PEPPER_ROOT;XIRECS;13173.0;6
180952;;;INTARIAN_PEPPER_ROOT;XIRECS;13185.0;6
185099;;;INTARIAN_PEPPER_ROOT;XIRECS;13178.0;6
188084;;;ASH_COATED_OSMIUM;XIRECS;9994.0;4
190144;;;ASH_COATED_OSMIUM;XIRECS;10012.0;2
192130;;;ASH_COATED_OSMIUM;XIRECS;9988.0;5
196239;;;INTARIAN_PEPPER_ROOT;XIRECS;13203.0;3
197893;;;INTARIAN_PEPPER_ROOT;XIRECS;13190.0;5
199390;;;ASH_COATED_OSMIUM;XIRECS;9994.0;6
200307;;;ASH_COATED_OSMIUM;XIRECS;10010.0;5
201301;;;INTARIAN_PEPPER_ROOT;XIRECS;13204.0;4
203277;;;INTARIAN_PEPPER_ROOT;XIRECS;13209.0;6
203426;;;ASH_COATED_OSMIUM;XIRECS;10011.0;6
205377;;;INTARIAN_PEPPER_ROOT;XIRECS;13196.0;4
208724;;;INTARIAN_PEPPER_ROOT;XIRECS;13214.0;6
208845;;;INTARIAN_PEPPER_ROOT;XIRECS;13215.0;4
209665;;;ASH_COATED_OSMIUM;XIRECS;9991.0;3
209710;;;INTARIAN_PEPPER_ROOT;XIRECS;13220.0;7
209764;;;INTARIAN_PEPPER_ROOT;XIRECS;13220.0;3
212564;;;ASH_COATED_OSMIUM;XIRECS;10009.0;2
213501;;;INTARIAN_PEPPER_ROOT;XIRECS;13206.0;4
215028;;;ASH_COATED_OSMIUM;XIRECS;9989.0;9
218639;;;INTARIAN_PEPPER_ROOT;XIRECS;13225.0;6
218984;;;ASH_COATED_OSMIUM;XIRECS;10009.0;4
219528;;;ASH_COATED_OSMIUM;XIRECS;10014.0;6
223655;;;INTARIAN_PEPPER_ROOT;XIRECS;13218.0;3
225660;;;INTARIAN_PEPPER_ROOT;XIRECS;13231.0;6
226569;;;INTARIAN_PEPPER_ROOT;XIRECS;13234.0;6
228772;;;INTARIAN_PEPPER_ROOT;XIRECS;13220.0;4
229029;;;ASH_COATED_OSMIUM;XIRECS;10016.0;8
232072;;;INTARIAN_PEPPER_ROOT;XIRECS;13227.0;7
233095;;;ASH_COATED_OSMIUM;XIRECS;9995.0;3
234094;;;INTARIAN_PEPPER_ROOT;XIRECS;13238.0;4
235979;;;ASH_COATED_OSMIUM;XIRECS;10011.0;6
238680;;;ASH_COATED_OSMIUM;XIRECS;10012.0;5
239257;;;INTARIAN_PEPPER_ROOT;XIRECS;13246.0;6
240183;;;ASH_COATED_OSMIUM;XIRECS;10005.0;10
240874;;;ASH_COATED_OSMIUM;XIRECS;10009.0;3
242119;;;INTARIAN_PEPPER_ROOT;XIRECS;13247.0;7
242640;;;ASH_COATED_OSMIUM;XIRECS;10014.0;5
244306;;;ASH_COATED_OSMIUM;XIRECS;10005.0;3
244938;;;INTARIAN_PEPPER_ROOT;XIRECS;13253.0;6
245081;;;ASH_COATED_OSMIUM;XIRECS;10021.0;8
245099;;;ASH_COATED_OSMIUM;XIRECS;10021.0;7
247938;;;INTARIAN_PEPPER_ROOT;XIRECS;13252.0;7
251746;;;ASH_COATED_OSMIUM;XIRECS;9997.0;2
252280;;;ASH_COATED_OSMIUM;XIRECS;10015.0;5
252387;;;ASH_COATED_OSMIUM;XIRECS;10014.0;5
252912;;;INTARIAN_PEPPER_ROOT;XIRECS;13246.0;3
253052;;;ASH_COATED_OSMIUM;XIRECS;9999.0;7
253966;;;ASH_COATED_OSMIUM;XIRECS;10021.0;5
256376;;;INTARIAN_PEPPER_ROOT;XIRECS;13263.0;5
257224;;;ASH_COATED_OSMIUM;XIRECS;10020.0;5
257835;;;INTARIAN_PEPPER_ROOT;XIRECS;13263.0;4
257955;;;ASH_COATED_OSMIUM;XIRECS;10015.0;5
258131;;;INTARIAN_PEPPER_ROOT;XIRECS;13263.0;7
259475;;;INTARIAN_PEPPER_ROOT;XIRECS;13251.0;7
260259;;;ASH_COATED_OSMIUM;XIRECS;10011.0;3
262138;;;INTARIAN_PEPPER_ROOT;XIRECS;13255.0;6
262178;;;ASH_COATED_OSMIUM;XIRECS;10014.0;5
263550;;;INTARIAN_PEPPER_ROOT;XIRECS;13260.0;8
264312;;;ASH_COATED_OSMIUM;XIRECS;10009.0;6
264507;;;ASH_COATED_OSMIUM;XIRECS;10009.0;5
264719;;;INTARIAN_PEPPER_ROOT;XIRECS;13274.0;5
266550;;;ASH_COATED_OSMIUM;XIRECS;9992.0;9
267534;;;INTARIAN_PEPPER_ROOT;XIRECS;13276.0;6
267662;;;ASH_COATED_OSMIUM;XIRECS;10010.0;6
267687;;;INTARIAN_PEPPER_ROOT;XIRECS;13273.0;6
268048;;;ASH_COATED_OSMIUM;XIRECS;10005.0;2
268188;;;ASH_COATED_OSMIUM;XIRECS;9988.0;8
270225;;;INTARIAN_PEPPER_ROOT;XIRECS;13263.0;7
273752;;;INTARIAN_PEPPER_ROOT;XIRECS;13279.0;4
276289;;;ASH_COATED_OSMIUM;XIRECS;9998.0;8
279752;;;INTARIAN_PEPPER_ROOT;XIRECS;13271.0;8
280839;;;INTARIAN_PEPPER_ROOT;XIRECS;13273.0;7
283908;;;ASH_COATED_OSMIUM;XIRECS;9989.0;5
284027;;;INTARIAN_PEPPER_ROOT;XIRECS;13289.0;3
284300;;;INTARIAN_PEPPER_ROOT;XIRECS;13276.0;6
286451;;;ASH_COATED_OSMIUM;XIRECS;9989.0;5
287984;;;ASH_COATED_OSMIUM;XIRECS;9982.0;7
288914;;;INTARIAN_PEPPER_ROOT;XIRECS;13281.0;7
289617;;;ASH_COATED_OSMIUM;XIRECS;9989.0;8
289936;;;INTARIAN_PEPPER_ROOT;XIRECS;13298.0;3
290572;;;INTARIAN_PEPPER_ROOT;XIRECS;13283.0;6
290575;;;ASH_COATED_OSMIUM;XIRECS;9984.0;6
292319;;;ASH_COATED_OSMIUM;XIRECS;10006.0;3
294719;;;ASH_COATED_OSMIUM;XIRECS;9991.0;6
295732;;;ASH_COATED_OSMIUM;XIRECS;9985.0;6
296761;;;INTARIAN_PEPPER_ROOT;XIRECS;13291.0;6
298375;;;ASH_COATED_OSMIUM;XIRECS;10004.0;5
299095;;;ASH_COATED_OSMIUM;XIRECS;9997.0;2
299119;;;INTARIAN_PEPPER_ROOT;XIRECS;13305.0;3
300057;;;INTARIAN_PEPPER_ROOT;XIRECS;13293.0;3
301548;;;ASH_COATED_OSMIUM;XIRECS;10002.0;5
304016;;;ASH_COATED_OSMIUM;XIRECS;10004.0;2
305879;;;ASH_COATED_OSMIUM;XIRECS;10000.0;6
309284;;;INTARIAN_PEPPER_ROOT;XIRECS;13306.0;3
310275;;;INTARIAN_PEPPER_ROOT;XIRECS;13301.0;3
312548;;;ASH_COATED_OSMIUM;XIRECS;9983.0;6
314895;;;ASH_COATED_OSMIUM;XIRECS;9980.0;3
316391;;;ASH_COATED_OSMIUM;XIRECS;10004.0;5
317531;;;ASH_COATED_OSMIUM;XIRECS;9988.0;8
318999;;;INTARIAN_PEPPER_ROOT;XIRECS;13311.0;3
319154;;;INTARIAN_PEPPER_ROOT;XIRECS;13324.0;6
320780;;;INTARIAN_PEPPER_ROOT;XIRECS;13328.0;7
320816;;;INTARIAN_PEPPER_ROOT;XIRECS;13328.0;3
321242;;;INTARIAN_PEPPER_ROOT;XIRECS;13326.0;3
321262;;;INTARIAN_PEPPER_ROOT;XIRECS;13326.0;7
322059;;;ASH_COATED_OSMIUM;XIRECS;9998.0;2
322281;;;ASH_COATED_OSMIUM;XIRECS;9987.0;3
323149;;;INTARIAN_PEPPER_ROOT;XIRECS;13316.0;6
326088;;;ASH_COATED_OSMIUM;XIRECS;10006.0;5
334177;;;ASH_COATED_OSMIUM;XIRECS;9982.0;8
334329;;;INTARIAN_PEPPER_ROOT;XIRECS;13331.0;6
334526;;;INTARIAN_PEPPER_ROOT;XIRECS;13329.0;5
334529;;;INTARIAN_PEPPER_ROOT;XIRECS;13342.0;3
334547;;;INTARIAN_PEPPER_ROOT;XIRECS;13329.0;6
335877;;;ASH_COATED_OSMIUM;XIRECS;9981.0;2
336525;;;ASH_COATED_OSMIUM;XIRECS;9984.0;6
337452;;;INTARIAN_PEPPER_ROOT;XIRECS;13347.0;6
342693;;;ASH_COATED_OSMIUM;XIRECS;10004.0;5
345079;;;INTARIAN_PEPPER_ROOT;XIRECS;13351.0;6
345241;;;ASH_COATED_OSMIUM;XIRECS;10006.0;4
347958;;;ASH_COATED_OSMIUM;XIRECS;9981.0;2
348576;;;ASH_COATED_OSMIUM;XIRECS;9981.0;5
349549;;;ASH_COATED_OSMIUM;XIRECS;9998.0;4
351594;;;INTARIAN_PEPPER_ROOT;XIRECS;13343.0;6
353297;;;INTARIAN_PEPPER_ROOT;XIRECS;13358.0;7
353850;;;INTARIAN_PEPPER_ROOT;XIRECS;13348.0;5
354236;;;INTARIAN_PEPPER_ROOT;XIRECS;13343.0;3
354992;;;INTARIAN_PEPPER_ROOT;XIRECS;13359.0;5
357180;;;ASH_COATED_OSMIUM;XIRECS;10008.0;4
357302;;;INTARIAN_PEPPER_ROOT;XIRECS;13363.0;3
358350;;;ASH_COATED_OSMIUM;XIRECS;9991.0;8
359748;;;INTARIAN_PEPPER_ROOT;XIRECS;13352.0;6
363347;;;ASH_COATED_OSMIUM;XIRECS;9986.0;4
363392;;;ASH_COATED_OSMIUM;XIRECS;9986.0;2
364110;;;INTARIAN_PEPPER_ROOT;XIRECS;13362.0;4
364846;;;ASH_COATED_OSMIUM;XIRECS;10009.0;5
367124;;;INTARIAN_PEPPER_ROOT;XIRECS;13355.0;3
367394;;;INTARIAN_PEPPER_ROOT;XIRECS;13354.0;4
370242;;;ASH_COATED_OSMIUM;XIRECS;9990.0;2
370674;;;ASH_COATED_OSMIUM;XIRECS;10005.0;2
372683;;;INTARIAN_PEPPER_ROOT;XIRECS;13368.0;7
374006;;;ASH_COATED_OSMIUM;XIRECS;9986.0;7
374518;;;ASH_COATED_OSMIUM;XIRECS;9981.0;3
375114;;;INTARIAN_PEPPER_ROOT;XIRECS;13370.0;6
375746;;;INTARIAN_PEPPER_ROOT;XIRECS;13382.0;7
377805;;;INTARIAN_PEPPER_ROOT;XIRECS;13377.0;3
378970;;;INTARIAN_PEPPER_ROOT;XIRECS;13382.0;4
379534;;;ASH_COATED_OSMIUM;XIRECS;10001.0;7
382283;;;INTARIAN_PEPPER_ROOT;XIRECS;13384.0;5
382640;;;ASH_COATED_OSMIUM;XIRECS;9991.0;9
384067;;;ASH_COATED_OSMIUM;XIRECS;9988.0;6
385005;;;ASH_COATED_OSMIUM;XIRECS;10016.0;7
385813;;;INTARIAN_PEPPER_ROOT;XIRECS;13379.0;5
386459;;;ASH_COATED_OSMIUM;XIRECS;10000.0;9
390453;;;INTARIAN_PEPPER_ROOT;XIRECS;13398.0;4
392813;;;ASH_COATED_OSMIUM;XIRECS;10016.0;5
394014;;;ASH_COATED_OSMIUM;XIRECS;9999.0;5
394424;;;ASH_COATED_OSMIUM;XIRECS;10015.0;5
395351;;;ASH_COATED_OSMIUM;XIRECS;10000.0;5
396088;;;INTARIAN_PEPPER_ROOT;XIRECS;13404.0;5
396225;;;ASH_COATED_OSMIUM;XIRECS;9994.0;4
398691;;;ASH_COATED_OSMIUM;XIRECS;9999.0;7
399627;;;INTARIAN_PEPPER_ROOT;XIRECS;13394.0;5
399990;;;ASH_COATED_OSMIUM;XIRECS;10009.0;6
400514;;;INTARIAN_PEPPER_ROOT;XIRECS;13392.0;4
403914;;;ASH_COATED_OSMIUM;XIRECS;10007.0;5
404764;;;INTARIAN_PEPPER_ROOT;XIRECS;13400.0;5
406846;;;ASH_COATED_OSMIUM;XIRECS;10009.0;2
408155;;;INTARIAN_PEPPER_ROOT;XIRECS;13403.0;5
408726;;;INTARIAN_PEPPER_ROOT;XIRECS;13420.0;5
410083;;;INTARIAN_PEPPER_ROOT;XIRECS;13415.0;3
411653;;;ASH_COATED_OSMIUM;XIRECS;10002.0;4
412663;;;INTARIAN_PEPPER_ROOT;XIRECS;13417.0;3
412766;;;ASH_COATED_OSMIUM;XIRECS;9997.0;2
412860;;;ASH_COATED_OSMIUM;XIRECS;9992.0;3
412929;;;ASH_COATED_OSMIUM;XIRECS;10005.0;6
414048;;;ASH_COATED_OSMIUM;XIRECS;10004.0;5
416153;;;ASH_COATED_OSMIUM;XIRECS;10012.0;10
416512;;;ASH_COATED_OSMIUM;XIRECS;10000.0;9
417078;;;ASH_COATED_OSMIUM;XIRECS;9993.0;7
417115;;;ASH_COATED_OSMIUM;XIRECS;9997.0;3
420633;;;ASH_COATED_OSMIUM;XIRECS;9997.0;4
423494;;;INTARIAN_PEPPER_ROOT;XIRECS;13432.0;3
427346;;;ASH_COATED_OSMIUM;XIRECS;9998.0;8
428292;;;ASH_COATED_OSMIUM;XIRECS;10002.0;10
429005;;;ASH_COATED_OSMIUM;XIRECS;10002.0;3
431629;;;ASH_COATED_OSMIUM;XIRECS;10013.0;4
433552;;;INTARIAN_PEPPER_ROOT;XIRECS;13443.0;6
435764;;;ASH_COATED_OSMIUM;XIRECS;9998.0;2
437493;;;INTARIAN_PEPPER_ROOT;XIRECS;13443.0;3
439380;;;ASH_COATED_OSMIUM;XIRECS;10008.0;6
440004;;;ASH_COATED_OSMIUM;XIRECS;10012.0;7
440070;;;ASH_COATED_OSMIUM;XIRECS;10012.0;4
441178;;;INTARIAN_PEPPER_ROOT;XIRECS;13449.0;5
443867;;;INTARIAN_PEPPER_ROOT;XIRECS;13437.0;6
443924;;;ASH_COATED_OSMIUM;XIRECS;9988.0;6
444618;;;ASH_COATED_OSMIUM;XIRECS;9994.0;6
445676;;;ASH_COATED_OSMIUM;XIRECS;10011.0;5
446876;;;INTARIAN_PEPPER_ROOT;XIRECS;13455.0;6
447114;;;INTARIAN_PEPPER_ROOT;XIRECS;13450.0;3
447207;;;INTARIAN_PEPPER_ROOT;XIRECS;13438.0;5
448002;;;INTARIAN_PEPPER_ROOT;XIRECS;13454.0;7
449556;;;ASH_COATED_OSMIUM;XIRECS;10010.0;2
452083;;;ASH_COATED_OSMIUM;XIRECS;10016.0;4
452475;;;INTARIAN_PEPPER_ROOT;XIRECS;13457.0;5
453070;;;INTARIAN_PEPPER_ROOT;XIRECS;13447.0;7
455853;;;ASH_COATED_OSMIUM;XIRECS;10008.0;10
456494;;;ASH_COATED_OSMIUM;XIRECS;10008.0;6
458267;;;INTARIAN_PEPPER_ROOT;XIRECS;13450.0;5
459124;;;INTARIAN_PEPPER_ROOT;XIRECS;13452.0;8
461403;;;INTARIAN_PEPPER_ROOT;XIRECS;13455.0;6
462013;;;INTARIAN_PEPPER_ROOT;XIRECS;13454.0;3
464863;;;ASH_COATED_OSMIUM;XIRECS;9988.0;6
465966;;;INTARIAN_PEPPER_ROOT;XIRECS;13472.0;5
465971;;;INTARIAN_PEPPER_ROOT;XIRECS;13458.0;7
468030;;;INTARIAN_PEPPER_ROOT;XIRECS;13472.0;6
468889;;;ASH_COATED_OSMIUM;XIRECS;9991.0;2
470143;;;ASH_COATED_OSMIUM;XIRECS;9993.0;10
470959;;;ASH_COATED_OSMIUM;XIRECS;9987.0;10
475124;;;ASH_COATED_OSMIUM;XIRECS;10007.0;9
475723;;;ASH_COATED_OSMIUM;XIRECS;10012.0;3
478044;;;INTARIAN_PEPPER_ROOT;XIRECS;13470.0;7
478998;;;INTARIAN_PEPPER_ROOT;XIRECS;13489.0;3
480259;;;INTARIAN_PEPPER_ROOT;XIRECS;13475.0;5
483194;;;INTARIAN_PEPPER_ROOT;XIRECS;13471.0;8
484035;;;ASH_COATED_OSMIUM;XIRECS;10000.0;3
485135;;;INTARIAN_PEPPER_ROOT;XIRECS;13479.0;6
486821;;;INTARIAN_PEPPER_ROOT;XIRECS;13494.0;8
490987;;;INTARIAN_PEPPER_ROOT;XIRECS;13486.0;6
493116;;;INTARIAN_PEPPER_ROOT;XIRECS;13492.0;6
495019;;;ASH_COATED_OSMIUM;XIRECS;10016.0;5
496966;;;INTARIAN_PEPPER_ROOT;XIRECS;13491.0;5
498978;;;ASH_COATED_OSMIUM;XIRECS;9996.0;5
500532;;;INTARIAN_PEPPER_ROOT;XIRECS;13511.0;3
502668;;;ASH_COATED_OSMIUM;XIRECS;10008.0;2
503203;;;ASH_COATED_OSMIUM;XIRECS;9991.0;4
505875;;;INTARIAN_PEPPER_ROOT;XIRECS;13501.0;7
510258;;;INTARIAN_PEPPER_ROOT;XIRECS;13503.0;5
510976;;;ASH_COATED_OSMIUM;XIRECS;10007.0;6
512817;;;INTARIAN_PEPPER_ROOT;XIRECS;13519.0;4
513092;;;INTARIAN_PEPPER_ROOT;XIRECS;13520.0;6
513178;;;INTARIAN_PEPPER_ROOT;XIRECS;13510.0;4
517593;;;INTARIAN_PEPPER_ROOT;XIRECS;13513.0;3
521563;;;INTARIAN_PEPPER_ROOT;XIRECS;13529.0;6
522787;;;INTARIAN_PEPPER_ROOT;XIRECS;13527.0;5
524661;;;INTARIAN_PEPPER_ROOT;XIRECS;13531.0;6
524749;;;ASH_COATED_OSMIUM;XIRECS;9994.0;10
525189;;;ASH_COATED_OSMIUM;XIRECS;9995.0;5
525998;;;ASH_COATED_OSMIUM;XIRECS;10006.0;6
527609;;;INTARIAN_PEPPER_ROOT;XIRECS;13535.0;8
527625;;;ASH_COATED_OSMIUM;XIRECS;9989.0;4
527831;;;INTARIAN_PEPPER_ROOT;XIRECS;13533.0;3
528295;;;INTARIAN_PEPPER_ROOT;XIRECS;13534.0;7
530426;;;INTARIAN_PEPPER_ROOT;XIRECS;13537.0;7
536160;;;ASH_COATED_OSMIUM;XIRECS;9988.0;5
536590;;;INTARIAN_PEPPER_ROOT;XIRECS;13529.0;3
537844;;;ASH_COATED_OSMIUM;XIRECS;10006.0;10
538928;;;ASH_COATED_OSMIUM;XIRECS;9991.0;6
540759;;;ASH_COATED_OSMIUM;XIRECS;9991.0;2
540779;;;ASH_COATED_OSMIUM;XIRECS;9991.0;2
541978;;;ASH_COATED_OSMIUM;XIRECS;10005.0;6
545052;;;INTARIAN_PEPPER_ROOT;XIRECS;13544.0;3
545490;;;ASH_COATED_OSMIUM;XIRECS;10002.0;2
546301;;;ASH_COATED_OSMIUM;XIRECS;9981.0;5
546805;;;ASH_COATED_OSMIUM;XIRECS;9997.0;6
548150;;;ASH_COATED_OSMIUM;XIRECS;9985.0;3
549741;;;ASH_COATED_OSMIUM;XIRECS;9982.0;9
550811;;;INTARIAN_PEPPER_ROOT;XIRECS;13545.0;5
554208;;;ASH_COATED_OSMIUM;XIRECS;9980.0;4
554335;;;ASH_COATED_OSMIUM;XIRECS;9997.0;5
554762;;;INTARIAN_PEPPER_ROOT;XIRECS;13547.0;6
554961;;;ASH_COATED_OSMIUM;XIRECS;9980.0;6
555646;;;ASH_COATED_OSMIUM;XIRECS;9996.0;6
556385;;;INTARIAN_PEPPER_ROOT;XIRECS;13561.0;3
556869;;;INTARIAN_PEPPER_ROOT;XIRECS;13551.0;7
557736;;;INTARIAN_PEPPER_ROOT;XIRECS;13562.0;5
559106;;;ASH_COATED_OSMIUM;XIRECS;9979.0;3
559557;;;INTARIAN_PEPPER_ROOT;XIRECS;13565.0;6
559641;;;INTARIAN_PEPPER_ROOT;XIRECS;13553.0;4
563469;;;ASH_COATED_OSMIUM;XIRECS;9998.0;2
564351;;;ASH_COATED_OSMIUM;XIRECS;9992.0;5
566958;;;ASH_COATED_OSMIUM;XIRECS;9986.0;3
567052;;;INTARIAN_PEPPER_ROOT;XIRECS;13560.0;3
569004;;;INTARIAN_PEPPER_ROOT;XIRECS;13573.0;7
570524;;;ASH_COATED_OSMIUM;XIRECS;9983.0;4
573543;;;ASH_COATED_OSMIUM;XIRECS;9990.0;4
573669;;;ASH_COATED_OSMIUM;XIRECS;9984.0;3
574498;;;ASH_COATED_OSMIUM;XIRECS;9982.0;6
576730;;;INTARIAN_PEPPER_ROOT;XIRECS;13568.0;4
578521;;;INTARIAN_PEPPER_ROOT;XIRECS;13569.0;6
579305;;;ASH_COATED_OSMIUM;XIRECS;10002.0;5
580539;;;ASH_COATED_OSMIUM;XIRECS;9999.0;6
583856;;;INTARIAN_PEPPER_ROOT;XIRECS;13587.0;8
584545;;;ASH_COATED_OSMIUM;XIRECS;9989.0;3
587551;;;ASH_COATED_OSMIUM;XIRECS;9998.0;10
587722;;;ASH_COATED_OSMIUM;XIRECS;10003.0;9
589259;;;ASH_COATED_OSMIUM;XIRECS;9983.0;3
592014;;;INTARIAN_PEPPER_ROOT;XIRECS;13586.0;6
595681;;;INTARIAN_PEPPER_ROOT;XIRECS;13592.0;6
596532;;;ASH_COATED_OSMIUM;XIRECS;9987.0;5
598037;;;ASH_COATED_OSMIUM;XIRECS;9990.0;7
599258;;;ASH_COATED_OSMIUM;XIRECS;10007.0;5
599581;;;INTARIAN_PEPPER_ROOT;XIRECS;13607.0;5
600768;;;ASH_COATED_OSMIUM;XIRECS;10005.0;7
602858;;;ASH_COATED_OSMIUM;XIRECS;9989.0;3
603247;;;ASH_COATED_OSMIUM;XIRECS;10007.0;9
604193;;;ASH_COATED_OSMIUM;XIRECS;9997.0;7
608068;;;ASH_COATED_OSMIUM;XIRECS;10001.0;3
608488;;;INTARIAN_PEPPER_ROOT;XIRECS;13614.0;4
609769;;;INTARIAN_PEPPER_ROOT;XIRECS;13615.0;7
610401;;;ASH_COATED_OSMIUM;XIRECS;9999.0;2
610409;;;ASH_COATED_OSMIUM;XIRECS;9983.0;10
610414;;;ASH_COATED_OSMIUM;XIRECS;9999.0;2
612035;;;INTARIAN_PEPPER_ROOT;XIRECS;13602.0;5
612439;;;ASH_COATED_OSMIUM;XIRECS;9982.0;2
613738;;;ASH_COATED_OSMIUM;XIRECS;9987.0;2
615582;;;ASH_COATED_OSMIUM;XIRECS;9998.0;6
616978;;;ASH_COATED_OSMIUM;XIRECS;9982.0;3
619582;;;INTARIAN_PEPPER_ROOT;XIRECS;13608.0;3
621003;;;ASH_COATED_OSMIUM;XIRECS;10002.0;6
626945;;;INTARIAN_PEPPER_ROOT;XIRECS;13617.0;4
627647;;;ASH_COATED_OSMIUM;XIRECS;10002.0;3
628239;;;ASH_COATED_OSMIUM;XIRECS;10001.0;5
631384;;;ASH_COATED_OSMIUM;XIRECS;10000.0;6
631882;;;INTARIAN_PEPPER_ROOT;XIRECS;13625.0;7
632435;;;ASH_COATED_OSMIUM;XIRECS;9983.0;4
635555;;;INTARIAN_PEPPER_ROOT;XIRECS;13629.0;3
638504;;;INTARIAN_PEPPER_ROOT;XIRECS;13643.0;7
641323;;;INTARIAN_PEPPER_ROOT;XIRECS;13647.0;6
642521;;;INTARIAN_PEPPER_ROOT;XIRECS;13640.0;5
645118;;;INTARIAN_PEPPER_ROOT;XIRECS;13652.0;3
645938;;;INTARIAN_PEPPER_ROOT;XIRECS;13641.0;5
648408;;;ASH_COATED_OSMIUM;XIRECS;9982.0;3
648727;;;ASH_COATED_OSMIUM;XIRECS;9998.0;6
652313;;;ASH_COATED_OSMIUM;XIRECS;10002.0;5
652425;;;ASH_COATED_OSMIUM;XIRECS;10007.0;4
653947;;;ASH_COATED_OSMIUM;XIRECS;9990.0;6
655611;;;INTARIAN_PEPPER_ROOT;XIRECS;13663.0;6
657499;;;ASH_COATED_OSMIUM;XIRECS;10009.0;10
657643;;;ASH_COATED_OSMIUM;XIRECS;9992.0;4
658381;;;ASH_COATED_OSMIUM;XIRECS;10009.0;4
659037;;;INTARIAN_PEPPER_ROOT;XIRECS;13653.0;6
659569;;;INTARIAN_PEPPER_ROOT;XIRECS;13666.0;6
664232;;;ASH_COATED_OSMIUM;XIRECS;10008.0;6
664324;;;INTARIAN_PEPPER_ROOT;XIRECS;13659.0;8
666521;;;INTARIAN_PEPPER_ROOT;XIRECS;13674.0;6
666806;;;INTARIAN_PEPPER_ROOT;XIRECS;13660.0;5
668393;;;INTARIAN_PEPPER_ROOT;XIRECS;13674.0;5
668973;;;INTARIAN_PEPPER_ROOT;XIRECS;13672.0;6
669179;;;INTARIAN_PEPPER_ROOT;XIRECS;13663.0;3
669974;;;ASH_COATED_OSMIUM;XIRECS;9990.0;6
670409;;;ASH_COATED_OSMIUM;XIRECS;9984.0;4
674707;;;ASH_COATED_OSMIUM;XIRECS;10003.0;10
678212;;;INTARIAN_PEPPER_ROOT;XIRECS;13664.0;7
678232;;;ASH_COATED_OSMIUM;XIRECS;10007.0;4
679011;;;ASH_COATED_OSMIUM;XIRECS;10007.0;2
679672;;;ASH_COATED_OSMIUM;XIRECS;10005.0;5
680554;;;ASH_COATED_OSMIUM;XIRECS;9995.0;5
683635;;;INTARIAN_PEPPER_ROOT;XIRECS;13694.0;7
684122;;;ASH_COATED_OSMIUM;XIRECS;10007.0;4
684957;;;INTARIAN_PEPPER_ROOT;XIRECS;13674.0;6
685311;;;ASH_COATED_OSMIUM;XIRECS;10012.0;5
685847;;;INTARIAN_PEPPER_ROOT;XIRECS;13680.0;4
688167;;;INTARIAN_PEPPER_ROOT;XIRECS;13680.0;4
689827;;;ASH_COATED_OSMIUM;XIRECS;10006.0;8
691289;;;ASH_COATED_OSMIUM;XIRECS;10013.0;3
692194;;;ASH_COATED_OSMIUM;XIRECS;10013.0;7
692501;;;ASH_COATED_OSMIUM;XIRECS;10003.0;4
692630;;;INTARIAN_PEPPER_ROOT;XIRECS;13702.0;6
693562;;;ASH_COATED_OSMIUM;XIRECS;9993.0;3
694073;;;INTARIAN_PEPPER_ROOT;XIRECS;13701.0;6
696905;;;INTARIAN_PEPPER_ROOT;XIRECS;13705.0;7
698147;;;INTARIAN_PEPPER_ROOT;XIRECS;13690.0;5
698372;;;INTARIAN_PEPPER_ROOT;XIRECS;13700.0;4
698546;;;ASH_COATED_OSMIUM;XIRECS;9998.0;3
701312;;;INTARIAN_PEPPER_ROOT;XIRECS;13693.0;6
702111;;;INTARIAN_PEPPER_ROOT;XIRECS;13696.0;3
703053;;;INTARIAN_PEPPER_ROOT;XIRECS;13699.0;7
703128;;;INTARIAN_PEPPER_ROOT;XIRECS;13704.0;7
703641;;;ASH_COATED_OSMIUM;XIRECS;10013.0;3
706053;;;ASH_COATED_OSMIUM;XIRECS;9993.0;4
706058;;;INTARIAN_PEPPER_ROOT;XIRECS;13696.0;5
706167;;;INTARIAN_PEPPER_ROOT;XIRECS;13713.0;4
706310;;;INTARIAN_PEPPER_ROOT;XIRECS;13697.0;3
707719;;;INTARIAN_PEPPER_ROOT;XIRECS;13700.0;7
710598;;;INTARIAN_PEPPER_ROOT;XIRECS;13706.0;3
711912;;;ASH_COATED_OSMIUM;XIRECS;10013.0;5
715094;;;INTARIAN_PEPPER_ROOT;XIRECS;13711.0;7
716620;;;ASH_COATED_OSMIUM;XIRECS;9999.0;4
717795;;;ASH_COATED_OSMIUM;XIRECS;9993.0;6
719174;;;ASH_COATED_OSMIUM;XIRECS;10013.0;5
720706;;;ASH_COATED_OSMIUM;XIRECS;10002.0;3
721508;;;INTARIAN_PEPPER_ROOT;XIRECS;13726.0;3
722320;;;INTARIAN_PEPPER_ROOT;XIRECS;13714.0;5
722617;;;ASH_COATED_OSMIUM;XIRECS;10011.0;5
723564;;;INTARIAN_PEPPER_ROOT;XIRECS;13717.0;6
726737;;;INTARIAN_PEPPER_ROOT;XIRECS;13723.0;6
730971;;;ASH_COATED_OSMIUM;XIRECS;10013.0;8
731360;;;INTARIAN_PEPPER_ROOT;XIRECS;13737.0;5
732935;;;INTARIAN_PEPPER_ROOT;XIRECS;13726.0;6
733308;;;INTARIAN_PEPPER_ROOT;XIRECS;13726.0;5
735519;;;INTARIAN_PEPPER_ROOT;XIRECS;13741.0;3
736170;;;ASH_COATED_OSMIUM;XIRECS;10012.0;9
740581;;;ASH_COATED_OSMIUM;XIRECS;9997.0;4
743610;;;ASH_COATED_OSMIUM;XIRECS;9998.0;3
744679;;;INTARIAN_PEPPER_ROOT;XIRECS;13754.0;4
745658;;;INTARIAN_PEPPER_ROOT;XIRECS;13754.0;7
747330;;;INTARIAN_PEPPER_ROOT;XIRECS;13755.0;7
749966;;;INTARIAN_PEPPER_ROOT;XIRECS;13758.0;3
751531;;;INTARIAN_PEPPER_ROOT;XIRECS;13745.0;7
752986;;;ASH_COATED_OSMIUM;XIRECS;10015.0;4
754170;;;ASH_COATED_OSMIUM;XIRECS;10014.0;5
756310;;;INTARIAN_PEPPER_ROOT;XIRECS;13763.0;5
757342;;;ASH_COATED_OSMIUM;XIRECS;9990.0;6
759565;;;ASH_COATED_OSMIUM;XIRECS;9989.0;6
763592;;;ASH_COATED_OSMIUM;XIRECS;9992.0;5
763689;;;INTARIAN_PEPPER_ROOT;XIRECS;13772.0;5
765512;;;ASH_COATED_OSMIUM;XIRECS;10005.0;2
766270;;;ASH_COATED_OSMIUM;XIRECS;9986.0;5
770567;;;INTARIAN_PEPPER_ROOT;XIRECS;13780.0;5
772054;;;ASH_COATED_OSMIUM;XIRECS;9987.0;2
772923;;;ASH_COATED_OSMIUM;XIRECS;10010.0;6
773076;;;INTARIAN_PEPPER_ROOT;XIRECS;13764.0;6
775293;;;ASH_COATED_OSMIUM;XIRECS;9994.0;8
775755;;;ASH_COATED_OSMIUM;XIRECS;10006.0;8
776922;;;INTARIAN_PEPPER_ROOT;XIRECS;13771.0;6
776989;;;ASH_COATED_OSMIUM;XIRECS;10005.0;2
777156;;;ASH_COATED_OSMIUM;XIRECS;10014.0;3
777322;;;ASH_COATED_OSMIUM;XIRECS;9996.0;4
778900;;;ASH_COATED_OSMIUM;XIRECS;10000.0;5
779031;;;INTARIAN_PEPPER_ROOT;XIRECS;13786.0;6
780093;;;ASH_COATED_OSMIUM;XIRECS;10002.0;2
780333;;;INTARIAN_PEPPER_ROOT;XIRECS;13785.0;3
780451;;;ASH_COATED_OSMIUM;XIRECS;10007.0;6
780869;;;ASH_COATED_OSMIUM;XIRECS;10007.0;8
781015;;;ASH_COATED_OSMIUM;XIRECS;9991.0;3
781088;;;ASH_COATED_OSMIUM;XIRECS;9991.0;10
781137;;;ASH_COATED_OSMIUM;XIRECS;10000.0;5
783994;;;INTARIAN_PEPPER_ROOT;XIRECS;13788.0;5
784670;;;INTARIAN_PEPPER_ROOT;XIRECS;13781.0;5
788292;;;INTARIAN_PEPPER_ROOT;XIRECS;13783.0;6
788976;;;ASH_COATED_OSMIUM;XIRECS;10003.0;5
790918;;;ASH_COATED_OSMIUM;XIRECS;10013.0;5
792248;;;ASH_COATED_OSMIUM;XIRECS;10007.0;4
792524;;;INTARIAN_PEPPER_ROOT;XIRECS;13799.0;5
795287;;;ASH_COATED_OSMIUM;XIRECS;10013.0;8
795654;;;ASH_COATED_OSMIUM;XIRECS;9996.0;5
797037;;;ASH_COATED_OSMIUM;XIRECS;9990.0;2
799651;;;INTARIAN_PEPPER_ROOT;XIRECS;13794.0;4
800021;;;ASH_COATED_OSMIUM;XIRECS;9997.0;5
800091;;;ASH_COATED_OSMIUM;XIRECS;10013.0;3
800337;;;INTARIAN_PEPPER_ROOT;XIRECS;13793.0;5
801919;;;INTARIAN_PEPPER_ROOT;XIRECS;13793.0;7
802085;;;INTARIAN_PEPPER_ROOT;XIRECS;13807.0;6
803090;;;ASH_COATED_OSMIUM;XIRECS;10010.0;8
803587;;;ASH_COATED_OSMIUM;XIRECS;10004.0;6
804364;;;ASH_COATED_OSMIUM;XIRECS;10011.0;2
804778;;;ASH_COATED_OSMIUM;XIRECS;9999.0;8
805117;;;ASH_COATED_OSMIUM;XIRECS;9987.0;5
806533;;;INTARIAN_PEPPER_ROOT;XIRECS;13800.0;3
808479;;;ASH_COATED_OSMIUM;XIRECS;9985.0;5
810984;;;ASH_COATED_OSMIUM;XIRECS;9985.0;5
811018;;;INTARIAN_PEPPER_ROOT;XIRECS;13808.0;6
811580;;;ASH_COATED_OSMIUM;XIRECS;10004.0;10
815399;;;ASH_COATED_OSMIUM;XIRECS;9986.0;5
816902;;;ASH_COATED_OSMIUM;XIRECS;9985.0;2
818905;;;INTARIAN_PEPPER_ROOT;XIRECS;13813.0;4
819545;;;INTARIAN_PEPPER_ROOT;XIRECS;13812.0;4
819642;;;INTARIAN_PEPPER_ROOT;XIRECS;13818.0;3
821418;;;INTARIAN_PEPPER_ROOT;XIRECS;13829.0;5
822629;;;INTARIAN_PEPPER_ROOT;XIRECS;13830.0;5
824678;;;ASH_COATED_OSMIUM;XIRECS;9979.0;4
833616;;;INTARIAN_PEPPER_ROOT;XIRECS;13826.0;5
836051;;;INTARIAN_PEPPER_ROOT;XIRECS;13847.0;5
838017;;;ASH_COATED_OSMIUM;XIRECS;9981.0;5
838084;;;INTARIAN_PEPPER_ROOT;XIRECS;13844.0;6
839608;;;INTARIAN_PEPPER_ROOT;XIRECS;13834.0;3
843757;;;INTARIAN_PEPPER_ROOT;XIRECS;13835.0;5
844102;;;INTARIAN_PEPPER_ROOT;XIRECS;13837.0;7
846180;;;ASH_COATED_OSMIUM;XIRECS;9981.0;4
847090;;;ASH_COATED_OSMIUM;XIRECS;10003.0;8
847518;;;ASH_COATED_OSMIUM;XIRECS;9998.0;5
848332;;;ASH_COATED_OSMIUM;XIRECS;9980.0;3
851379;;;ASH_COATED_OSMIUM;XIRECS;10000.0;5
851838;;;ASH_COATED_OSMIUM;XIRECS;10007.0;5
851895;;;INTARIAN_PEPPER_ROOT;XIRECS;13850.0;3
855652;;;ASH_COATED_OSMIUM;XIRECS;10009.0;4
857242;;;INTARIAN_PEPPER_ROOT;XIRECS;13847.0;5
857689;;;ASH_COATED_OSMIUM;XIRECS;10007.0;5
858268;;;INTARIAN_PEPPER_ROOT;XIRECS;13864.0;7
858283;;;ASH_COATED_OSMIUM;XIRECS;10005.0;2
858597;;;ASH_COATED_OSMIUM;XIRECS;9993.0;4
858662;;;ASH_COATED_OSMIUM;XIRECS;9994.0;6
859004;;;ASH_COATED_OSMIUM;XIRECS;9989.0;3
863433;;;ASH_COATED_OSMIUM;XIRECS;10012.0;4
863546;;;ASH_COATED_OSMIUM;XIRECS;10012.0;6
863832;;;INTARIAN_PEPPER_ROOT;XIRECS;13857.0;6
864034;;;ASH_COATED_OSMIUM;XIRECS;10008.0;9
864194;;;ASH_COATED_OSMIUM;XIRECS;10007.0;10
864561;;;ASH_COATED_OSMIUM;XIRECS;9990.0;7
865091;;;ASH_COATED_OSMIUM;XIRECS;9990.0;9
866595;;;INTARIAN_PEPPER_ROOT;XIRECS;13861.0;7
867242;;;ASH_COATED_OSMIUM;XIRECS;9989.0;3
869777;;;INTARIAN_PEPPER_ROOT;XIRECS;13874.0;4
870037;;;ASH_COATED_OSMIUM;XIRECS;10007.0;2
870343;;;ASH_COATED_OSMIUM;XIRECS;9995.0;5
876018;;;INTARIAN_PEPPER_ROOT;XIRECS;13869.0;5
879860;;;ASH_COATED_OSMIUM;XIRECS;10014.0;4
879881;;;INTARIAN_PEPPER_ROOT;XIRECS;13872.0;6
880573;;;ASH_COATED_OSMIUM;XIRECS;10006.0;4
881677;;;INTARIAN_PEPPER_ROOT;XIRECS;13875.0;3
890753;;;ASH_COATED_OSMIUM;XIRECS;10012.0;4
890790;;;INTARIAN_PEPPER_ROOT;XIRECS;13885.0;6
892286;;;ASH_COATED_OSMIUM;XIRECS;10017.0;3
892554;;;ASH_COATED_OSMIUM;XIRECS;10008.0;6
893892;;;ASH_COATED_OSMIUM;XIRECS;10012.0;2
896100;;;INTARIAN_PEPPER_ROOT;XIRECS;13901.0;6
896290;;;ASH_COATED_OSMIUM;XIRECS;9994.0;9
897839;;;INTARIAN_PEPPER_ROOT;XIRECS;13890.0;4
900762;;;ASH_COATED_OSMIUM;XIRECS;10016.0;7
900900;;;INTARIAN_PEPPER_ROOT;XIRECS;13893.0;5
900942;;;INTARIAN_PEPPER_ROOT;XIRECS;13893.0;6
902901;;;ASH_COATED_OSMIUM;XIRECS;9998.0;4
903083;;;INTARIAN_PEPPER_ROOT;XIRECS;13896.0;4
904474;;;INTARIAN_PEPPER_ROOT;XIRECS;13911.0;6
905087;;;ASH_COATED_OSMIUM;XIRECS;10013.0;9
905964;;;ASH_COATED_OSMIUM;XIRECS;10013.0;6
907806;;;ASH_COATED_OSMIUM;XIRECS;10013.0;2
911323;;;INTARIAN_PEPPER_ROOT;XIRECS;13905.0;3
914135;;;INTARIAN_PEPPER_ROOT;XIRECS;13922.0;6
914977;;;ASH_COATED_OSMIUM;XIRECS;10009.0;5
915321;;;ASH_COATED_OSMIUM;XIRECS;9996.0;3
916091;;;INTARIAN_PEPPER_ROOT;XIRECS;13924.0;4
917048;;;ASH_COATED_OSMIUM;XIRECS;9999.0;9
917074;;;INTARIAN_PEPPER_ROOT;XIRECS;13915.0;5
921823;;;INTARIAN_PEPPER_ROOT;XIRECS;13929.0;6
923312;;;ASH_COATED_OSMIUM;XIRECS;9990.0;7
924797;;;INTARIAN_PEPPER_ROOT;XIRECS;13929.0;8
925601;;;ASH_COATED_OSMIUM;XIRECS;9993.0;6
927138;;;INTARIAN_PEPPER_ROOT;XIRECS;13917.0;6
927223;;;ASH_COATED_OSMIUM;XIRECS;10016.0;5
927989;;;ASH_COATED_OSMIUM;XIRECS;9999.0;3
928516;;;ASH_COATED_OSMIUM;XIRECS;9994.0;9
929421;;;ASH_COATED_OSMIUM;XIRECS;10010.0;4
933827;;;INTARIAN_PEPPER_ROOT;XIRECS;13932.0;3
934157;;;ASH_COATED_OSMIUM;XIRECS;10000.0;9
935962;;;ASH_COATED_OSMIUM;XIRECS;10007.0;4
938128;;;INTARIAN_PEPPER_ROOT;XIRECS;13932.0;7
939289;;;ASH_COATED_OSMIUM;XIRECS;10005.0;4
940083;;;INTARIAN_PEPPER_ROOT;XIRECS;13949.0;3
940849;;;ASH_COATED_OSMIUM;XIRECS;9997.0;4
943504;;;ASH_COATED_OSMIUM;XIRECS;9993.0;2
943514;;;ASH_COATED_OSMIUM;XIRECS;10009.0;8
945915;;;INTARIAN_PEPPER_ROOT;XIRECS;13937.0;3
946734;;;ASH_COATED_OSMIUM;XIRECS;9996.0;3
948153;;;INTARIAN_PEPPER_ROOT;XIRECS;13941.0;3
948457;;;ASH_COATED_OSMIUM;XIRECS;9993.0;9
948762;;;ASH_COATED_OSMIUM;XIRECS;9991.0;5
951209;;;ASH_COATED_OSMIUM;XIRECS;9997.0;2
951587;;;INTARIAN_PEPPER_ROOT;XIRECS;13944.0;8
953348;;;ASH_COATED_OSMIUM;XIRECS;10007.0;7
957741;;;INTARIAN_PEPPER_ROOT;XIRECS;13953.0;8
959395;;;INTARIAN_PEPPER_ROOT;XIRECS;13954.0;7
962118;;;ASH_COATED_OSMIUM;XIRECS;9992.0;10
963950;;;ASH_COATED_OSMIUM;XIRECS;9992.0;3
967963;;;INTARIAN_PEPPER_ROOT;XIRECS;13976.0;4
968099;;;ASH_COATED_OSMIUM;XIRECS;9990.0;3
969980;;;ASH_COATED_OSMIUM;XIRECS;10001.0;5
974479;;;INTARIAN_PEPPER_ROOT;XIRECS;13967.0;5
977938;;;INTARIAN_PEPPER_ROOT;XIRECS;13972.0;5
979988;;;INTARIAN_PEPPER_ROOT;XIRECS;13986.0;3
980779;;;ASH_COATED_OSMIUM;XIRECS;9992.0;3
985687;;;ASH_COATED_OSMIUM;XIRECS;9999.0;10
986279;;;INTARIAN_PEPPER_ROOT;XIRECS;13993.0;8
986302;;;ASH_COATED_OSMIUM;XIRECS;10005.0;4
987120;;;ASH_COATED_OSMIUM;XIRECS;9984.0;5
987733;;;INTARIAN_PEPPER_ROOT;XIRECS;13979.0;3
988417;;;ASH_COATED_OSMIUM;XIRECS;9997.0;7
989198;;;ASH_COATED_OSMIUM;XIRECS;9997.0;5
989359;;;INTARIAN_PEPPER_ROOT;XIRECS;13986.0;3
990809;;;INTARIAN_PEPPER_ROOT;XIRECS;13983.0;4
990838;;;ASH_COATED_OSMIUM;XIRECS;9982.0;5
991356;;;INTARIAN_PEPPER_ROOT;XIRECS;13984.0;6
991581;;;ASH_COATED_OSMIUM;XIRECS;9998.0;6
991967;;;ASH_COATED_OSMIUM;XIRECS;9983.0;5
992173;;;ASH_COATED_OSMIUM;XIRECS;9988.0;4
993851;;;INTARIAN_PEPPER_ROOT;XIRECS;14004.0;5
994890;;;INTARIAN_PEPPER_ROOT;XIRECS;13987.0;7
995726;;;INTARIAN_PEPPER_ROOT;XIRECS;13991.0;3
995791;;;INTARIAN_PEPPER_ROOT;XIRECS;14002.0;5
997283;;;ASH_COATED_OSMIUM;XIRECS;10002.0;9
997858;;;ASH_COATED_OSMIUM;XIRECS;9991.0;6
999374;;;ASH_COATED_OSMIUM;XIRECS;9993.0;6