timestamp;buyer;seller;symbol;currency;price;quantity
1260;;;INTARIAN_PEPPER_ROOT;XIRECS;57996.0;5
3877;;;ASH_COATED_OSMIUM;XIRECS;9980.0;2
4476;;;ASH_COATED_OSMIUM;XIRECS;9991.0;3
5302;;;INTARIAN_PEPPER_ROOT;XIRECS;57997.0;5
5413;;;INTARIAN_PEPPER_ROOT;XIRECS;57997.0;5
5796;;;ASH_COATED_OSMIUM;XIRECS;10002.0;2
6665;;;INTARIAN_PEPPER_ROOT;XIRECS;58016.0;3
6762;;;ASH_COATED_OSMIUM;XIRECS;10008.0;7
10087;;;INTARIAN_PEPPER_ROOT;XIRECS;58002.0;8
11204;;;ASH_COATED_OSMIUM;XIRECS;9996.0;6
13078;;;INTARIAN_PEPPER_ROOT;XIRECS;58016.0;3
14379;;;ASH_COATED_OSMIUM;XIRECS;9993.0;4
15019;;;ASH_COATED_OSMIUM;XIRECS;9988.0;4
15500;;;ASH_COATED_OSMIUM;XIRECS;9988.0;6
15762;;;INTARIAN_PEPPER_ROOT;XIRECS;58013.0;7
23646;;;ASH_COATED_OSMIUM;XIRECS;9995.0;5
24002;;;ASH_COATED_OSMIUM;XIRECS;10011.0;5
24225;;;ASH_COATED_OSMIUM;XIRECS;10003.0;8
27953;;;INTARIAN_PEPPER_ROOT;XIRECS;58032.0;3
30115;;;ASH_COATED_OSMIUM;XIRECS;9996.0;4
31025;;;INTARIAN_PEPPER_ROOT;XIRECS;58040.0;7
34106;;;ASH_COATED_OSMIUM;XIRECS;10008.0;5
34109;;;ASH_COATED_OSMIUM;XIRECS;9992.0;5
36713;;;INTARIAN_PEPPER_ROOT;XIRECS;58030.0;6
36867;;;INTARIAN_PEPPER_ROOT;XIRECS;58031.0;7
36954;;;ASH_COATED_OSMIUM;XIRECS;10015.0;2
38308;;;ASH_COATED_OSMIUM;XIRECS;9987.0;6
39501;;;ASH_COATED_OSMIUM;XIRECS;9992.0;7
39627;;;INTARIAN_PEPPER_ROOT;XIRECS;58043.0;5
40001;;;ASH_COATED_OSMIUM;XIRECS;10007.0;5
41943;;;ASH_COATED_OSMIUM;XIRECS;10007.0;3
43444;;;ASH_COATED_OSMIUM;XIRECS;9991.0;10
47062;;;ASH_COATED_OSMIUM;XIRECS;9983.0;3
49293;;;ASH_COATED_OSMIUM;XIRECS;9983.0;6
49400;;;INTARIAN_PEPPER_ROOT;XIRECS;58056.0;5
49427;;;ASH_COATED_OSMIUM;XIRECS;10001.0;4
52590;;;ASH_COATED_OSMIUM;XIRECS;10014.0;9
54677;;;ASH_COATED_OSMIUM;XIRECS;10006.0;7
55117;;;INTARIAN_PEPPER_ROOT;XIRECS;58047.0;3
55131;;;INTARIAN_PEPPER_ROOT;XIRECS;58047.0;5
58906;;;INTARIAN_PEPPER_ROOT;XIRECS;58055.0;7
61776;;;INTARIAN_PEPPER_ROOT;XIRECS;58056.0;3
61947;;;ASH_COATED_OSMIUM;XIRECS;10006.0;7
62094;;;INTARIAN_PEPPER_ROOT;XIRECS;58059.0;7
62208;;;ASH_COATED_OSMIUM;XIRECS;10010.0;5
69487;;;ASH_COATED_OSMIUM;XIRECS;10012.0;5
70378;;;ASH_COATED_OSMIUM;XIRECS;10011.0;7
71237;;;ASH_COATED_OSMIUM;XIRECS;10001.0;7
71540;;;ASH_COATED_OSMIUM;XIRECS;9982.0;2
71971;;;ASH_COATED_OSMIUM;XIRECS;9983.0;10
72822;;;ASH_COATED_OSMIUM;XIRECS;9993.0;5
73018;;;INTARIAN_PEPPER_ROOT;XIRECS;58066.0;6
74152;;;ASH_COATED_OSMIUM;XIRECS;9997.0;7
74523;;;ASH_COATED_OSMIUM;XIRECS;10004.0;3
75460;;;INTARIAN_PEPPER_ROOT;XIRECS;58068.0;6
75962;;;INTARIAN_PEPPER_ROOT;XIRECS;58084.0;3
76106;;;ASH_COATED_OSMIUM;XIRECS;9987.0;5
77322;;;INTARIAN_PEPPER_ROOT;XIRECS;58084.0;3
78157;;;ASH_COATED_OSMIUM;XIRECS;10005.0;2
79291;;;INTARIAN_PEPPER_ROOT;XIRECS;58087.0;5
81149;;;ASH_COATED_OSMIUM;XIRECS;10004.0;2
82872;;;INTARIAN_PEPPER_ROOT;XIRECS;58091.0;8
83295;;;ASH_COATED_OSMIUM;XIRECS;9987.0;7
84329;;;ASH_COATED_OSMIUM;XIRECS;9990.0;9
87813;;;ASH_COATED_OSMIUM;XIRECS;9991.0;5
88044;;;INTARIAN_PEPPER_ROOT;XIRECS;58095.0;6
91477;;;ASH_COATED_OSMIUM;XIRECS;9994.0;8
91738;;;ASH_COATED_OSMIUM;XIRECS;10006.0;6
92648;;;ASH_COATED_OSMIUM;XIRECS;10013.0;7
93559;;;INTARIAN_PEPPER_ROOT;XIRECS;58101.0;4
94415;;;INTARIAN_PEPPER_ROOT;XIRECS;58084.0;7
94854;;;INTARIAN_PEPPER_ROOT;XIRECS;58089.0;7
97452;;;INTARIAN_PEPPER_ROOT;XIRECS;58106.0;4
99978;;;INTARIAN_PEPPER_ROOT;XIRECS;58088.0;3
102714;;;INTARIAN_PEPPER_ROOT;XIRECS;58097.0;4
102850;;;INTARIAN_PEPPER_ROOT;XIRECS;58093.0;5
103265;;;INTARIAN_PEPPER_ROOT;XIRECS;58106.0;3
103363;;;ASH_COATED_OSMIUM;XIRECS;10001.0;10
105615;;;INTARIAN_PEPPER_ROOT;XIRECS;58097.0;6
106649;;;ASH_COATED_OSMIUM;XIRECS;10015.0;3
107261;;;INTARIAN_PEPPER_ROOT;XIRECS;58100.0;7
108218;;;ASH_COATED_OSMIUM;XIRECS;9990.0;5
108393;;;INTARIAN_PEPPER_ROOT;XIRECS;58116.0;3
109543;;;ASH_COATED_OSMIUM;XIRECS;10006.0;3
110709;;;ASH_COATED_OSMIUM;XIRECS;10007.0;8
110944;;;INTARIAN_PEPPER_ROOT;XIRECS;58111.0;3
112811;;;INTARIAN_PEPPER_ROOT;XIRECS;58102.0;7
113153;;;INTARIAN_PEPPER_ROOT;XIRECS;58102.0;4
113991;;;INTARIAN_PEPPER_ROOT;XIRECS;58107.0;4
114170;;;ASH_COATED_OSMIUM;XIRECS;10015.0;2
115612;;;ASH_COATED_OSMIUM;XIRECS;9989.0;9
116543;;;INTARIAN_PEPPER_ROOT;XIRECS;58124.0;5
116554;;;ASH_COATED_OSMIUM;XIRECS;10009.0;9
116703;;;ASH_COATED_OSMIUM;XIRECS;10002.0;3
118022;;;ASH_COATED_OSMIUM;XIRECS;10013.0;5
118537;;;ASH_COATED_OSMIUM;XIRECS;10012.0;5
118946;;;ASH_COATED_OSMIUM;XIRECS;9990.0;2
122654;;;ASH_COATED_OSMIUM;XIRECS;9985.0;6
124202;;;ASH_COATED_OSMIUM;XIRECS;9993.0;9
125928;;;ASH_COATED_OSMIUM;XIRECS;9996.0;6
126026;;;INTARIAN_PEPPER_ROOT;XIRECS;58120.0;7
133486;;;INTARIAN_PEPPER_ROOT;XIRECS;58123.0;3
134625;;;ASH_COATED_OSMIUM;XIRECS;9994.0;9
135152;;;INTARIAN_PEPPER_ROOT;XIRECS;58148.0;5
136074;;;ASH_COATED_OSMIUM;XIRECS;10007.0;6
137221;;;ASH_COATED_OSMIUM;XIRECS;10014.0;4
137560;;;INTARIAN_PEPPER_ROOT;XIRECS;58136.0;6
139195;;;ASH_COATED_OSMIUM;XIRECS;10015.0;4
139621;;;ASH_COATED_OSMIUM;XIRECS;9994.0;4
139795;;;ASH_COATED_OSMIUM;XIRECS;10003.0;5
141243;;;ASH_COATED_OSMIUM;XIRECS;9992.0;2
141811;;;INTARIAN_PEPPER_ROOT;XIRECS;58147.0;6
142164;;;ASH_COATED_OSMIUM;XIRECS;9987.0;9
142385;;;INTARIAN_PEPPER_ROOT;XIRECS;58140.0;8
144110;;;INTARIAN_PEPPER_ROOT;XIRECS;58156.0;6
144723;;;INTARIAN_PEPPER_ROOT;XIRECS;58154.0;4
147032;;;INTARIAN_PEPPER_ROOT;XIRECS;58150.0;5
147500;;;INTARIAN_PEPPER_ROOT;XIRECS;58143.0;7
150382;;;ASH_COATED_OSMIUM;XIRECS;10004.0;7
153071;;;INTARIAN_PEPPER_ROOT;XIRECS;58149.0;3
155263;;;INTARIAN_PEPPER_ROOT;XIRECS;58162.0;3
156179;;;ASH_COATED_OSMIUM;XIRECS;9993.0;4
157863;;;ASH_COATED_OSMIUM;XIRECS;10005.0;6
158496;;;ASH_COATED_OSMIUM;XIRECS;9980.0;5
159369;;;ASH_COATED_OSMIUM;XIRECS;9989.0;5
161163;;;ASH_COATED_OSMIUM;XIRECS;10016.0;2
162346;;;INTARIAN_PEPPER_ROOT;XIRECS;58167.0;7
165756;;;INTARIAN_PEPPER_ROOT;XIRECS;58175.0;7
166079;;;INTARIAN_PEPPER_ROOT;XIRECS;58159.0;7
166774;;;ASH_COATED_OSMIUM;XIRECS;10002.0;3
167251;;;INTARIAN_PEPPER_ROOT;XIRECS;58173.0;5
168191;;;ASH_COATED_OSMIUM;XIRECS;10005.0;7
168961;;;ASH_COATED_OSMIUM;XIRECS;10010.0;2
169818;;;ASH_COATED_OSMIUM;XIRECS;9999.0;2
169852;;;INTARIAN_PEPPER_ROOT;XIRECS;58165.0;3
170734;;;ASH_COATED_OSMIUM;XIRECS;10024.0;5
173691;;;INTARIAN_PEPPER_ROOT;XIRECS;58165.0;3
174070;;;ASH_COATED_OSMIUM;XIRECS;10006.0;3
175319;;;ASH_COATED_OSMIUM;XIRECS;9983.0;2
177680;;;INTARIAN_PEPPER_ROOT;XIRECS;58171.0;6
178127;;;INTARIAN_PEPPER_ROOT;XIRECS;58168.0;4
178890;;;ASH_COATED_OSMIUM;XIRECS;10012.0;7
180954;;;INTARIAN_PEPPER_ROOT;XIRECS;58186.0;5
181783;;;ASH_COATED_OSMIUM;XIRECS;9993.0;4
182257;;;ASH_COATED_OSMIUM;XIRECS;10015.0;3
182301;;;INTARIAN_PEPPER_ROOT;XIRECS;58174.0;5
182718;;;INTARIAN_PEPPER_ROOT;XIRECS;58189.0;5
186449;;;ASH_COATED_OSMIUM;XIRECS;9995.0;8
188169;;;INTARIAN_PEPPER_ROOT;XIRECS;58198.0;6
189432;;;INTARIAN_PEPPER_ROOT;XIRECS;58196.0;7
190716;;;INTARIAN_PEPPER_ROOT;XIRECS;58183.0;6
192755;;;INTARIAN_PEPPER_ROOT;XIRECS;58199.0;3
193358;;;INTARIAN_PEPPER_ROOT;XIRECS;58196.0;7
194720;;;INTARIAN_PEPPER_ROOT;XIRECS;58204.0;4
196438;;;ASH_COATED_OSMIUM;XIRECS;10010.0;2
197001;;;ASH_COATED_OSMIUM;XIRECS;9994.0;5
197395;;;ASH_COATED_OSMIUM;XIRECS;10010.0;10
198341;;;INTARIAN_PEPPER_ROOT;XIRECS;58203.0;6
198701;;;INTARIAN_PEPPER_ROOT;XIRECS;58195.0;3
199004;;;ASH_COATED_OSMIUM;XIRECS;9994.0;4
200225;;;ASH_COATED_OSMIUM;XIRECS;10011.0;10
202942;;;INTARIAN_PEPPER_ROOT;XIRECS;58209.0;6
205883;;;ASH_COATED_OSMIUM;XIRECS;9993.0;3
206207;;;ASH_COATED_OSMIUM;XIRECS;10003.0;6
207684;;;ASH_COATED_OSMIUM;XIRECS;10004.0;8
208316;;;ASH_COATED_OSMIUM;XIRECS;9993.0;2
210013;;;ASH_COATED_OSMIUM;XIRECS;10002.0;4
210077;;;INTARIAN_PEPPER_ROOT;XIRECS;58203.0;3
210284;;;INTARIAN_PEPPER_ROOT;XIRECS;58217.0;6
211588;;;ASH_COATED_OSMIUM;XIRECS;10005.0;10
213339;;;INTARIAN_PEPPER_ROOT;XIRECS;58220.0;6
213363;;;ASH_COATED_OSMIUM;XIRECS;10010.0;2
213763;;;ASH_COATED_OSMIUM;XIRECS;10016.0;6
215607;;;ASH_COATED_OSMIUM;XIRECS;10002.0;6
216127;;;ASH_COATED_OSMIUM;XIRECS;10005.0;9
216768;;;INTARIAN_PEPPER_ROOT;XIRECS;58207.0;5
217301;;;ASH_COATED_OSMIUM;XIRECS;10014.0;4
218356;;;ASH_COATED_OSMIUM;XIRECS;10008.0;2
218787;;;ASH_COATED_OSMIUM;XIRECS;9999.0;5
219305;;;INTARIAN_PEPPER_ROOT;XIRECS;58210.0;7
220853;;;INTARIAN_PEPPER_ROOT;XIRECS;58227.0;7
225929;;;INTARIAN_PEPPER_ROOT;XIRECS;58232.0;4
226836;;;ASH_COATED_OSMIUM;XIRECS;10007.0;6
227263;;;ASH_COATED_OSMIUM;XIRECS;9990.0;4
227921;;;INTARIAN_PEPPER_ROOT;XIRECS;58218.0;7
227995;;;ASH_COATED_OSMIUM;XIRECS;9993.0;6
228080;;;ASH_COATED_OSMIUM;XIRECS;9996.0;7
228612;;;ASH_COATED_OSMIUM;XIRECS;10011.0;3
230375;;;ASH_COATED_OSMIUM;XIRECS;9988.0;6
234269;;;INTARIAN_PEPPER_ROOT;XIRECS;58231.0;6
235100;;;ASH_COATED_OSMIUM;XIRECS;9986.0;8
237796;;;ASH_COATED_OSMIUM;XIRECS;10016.0;2
238837;;;INTARIAN_PEPPER_ROOT;XIRECS;58231.0;6
242085;;;ASH_COATED_OSMIUM;XIRECS;10002.0;5
243104;;;ASH_COATED_OSMIUM;XIRECS;9995.0;5
243107;;;ASH_COATED_OSMIUM;XIRECS;9995.0;6
245355;;;INTARIAN_PEPPER_ROOT;XIRECS;58251.0;5
246226;;;ASH_COATED_OSMIUM;XIRECS;10008.0;4
247530;;;INTARIAN_PEPPER_ROOT;XIRECS;58239.0;6
250031;;;ASH_COATED_OSMIUM;XIRECS;9983.0;4
250268;;;ASH_COATED_OSMIUM;XIRECS;10003.0;3
251149;;;INTARIAN_PEPPER_ROOT;XIRECS;58257.0;4
251804;;;ASH_COATED_OSMIUM;XIRECS;9995.0;5
254159;;;INTARIAN_PEPPER_ROOT;XIRECS;58264.0;6
256036;;;INTARIAN_PEPPER_ROOT;XIRECS;58267.0;5
256545;;;INTARIAN_PEPPER_ROOT;XIRECS;58261.0;7
258213;;;ASH_COATED_OSMIUM;XIRECS;10002.0;8
258414;;;INTARIAN_PEPPER_ROOT;XIRECS;58268.0;6
261239;;;INTARIAN_PEPPER_ROOT;XIRECS;58267.0;6
261325;;;ASH_COATED_OSMIUM;XIRECS;10013.0;4
262633;;;INTARIAN_PEPPER_ROOT;XIRECS;58270.0;7
263438;;;ASH_COATED_OSMIUM;XIRECS;9989.0;10
263685;;;ASH_COATED_OSMIUM;XIRECS;10007.0;3
267412;;;ASH_COATED_OSMIUM;XIRECS;10009.0;2
269027;;;INTARIAN_PEPPER_ROOT;XIRECS;58262.0;4
269050;;;INTARIAN_PEPPER_ROOT;XIRECS;58262.0;5
269130;;;ASH_COATED_OSMIUM;XIRECS;9996.0;8
269894;;;ASH_COATED_OSMIUM;XIRECS;10013.0;2
272054;;;INTARIAN_PEPPER_ROOT;XIRECS;58283.0;3
272644;;;INTARIAN_PEPPER_ROOT;XIRECS;58278.0;4
275773;;;INTARIAN_PEPPER_ROOT;XIRECS;58282.0;6
276895;;;ASH_COATED_OSMIUM;XIRECS;9988.0;5
278577;;;ASH_COATED_OSMIUM;XIRECS;9991.0;7
279146;;;INTARIAN_PEPPER_ROOT;XIRECS;58273.0;3
283064;;;ASH_COATED_OSMIUM;XIRECS;10013.0;2
286094;;;ASH_COATED_OSMIUM;XIRECS;10001.0;5
286581;;;INTARIAN_PEPPER_ROOT;XIRECS;58280.0;3
286675;;;INTARIAN_PEPPER_ROOT;XIRECS;58284.0;5
287914;;;ASH_COATED_OSMIUM;XIRECS;10008.0;4
288160;;;INTARIAN_PEPPER_ROOT;XIRECS;58284.0;3
288662;;;INTARIAN_PEPPER_ROOT;XIRECS;58279.0;4
289625;;;INTARIAN_PEPPER_ROOT;XIRECS;58281.0;5
292523;;;ASH_COATED_OSMIUM;XIRECS;10002.0;6
293368;;;ASH_COATED_OSMIUM;XIRECS;10005.0;3
295924;;;INTARIAN_PEPPER_ROOT;XIRECS;58303.0;6
298463;;;INTARIAN_PEPPER_ROOT;XIRECS;58292.0;3
301985;;;ASH_COATED_OSMIUM;XIRECS;9994.0;4
303952;;;ASH_COATED_OSMIUM;XIRECS;10003.0;6
307866;;;INTARIAN_PEPPER_ROOT;XIRECS;58302.0;3
309392;;;INTARIAN_PEPPER_ROOT;XIRECS;58316.0;5
312711;;;ASH_COATED_OSMIUM;XIRECS;10003.0;2
314678;;;INTARIAN_PEPPER_ROOT;XIRECS;58322.0;7
315345;;;INTARIAN_PEPPER_ROOT;XIRECS;58321.0;8
316618;;;ASH_COATED_OSMIUM;XIRECS;10014.0;5
319677;;;ASH_COATED_OSMIUM;XIRECS;10011.0;2
320549;;;INTARIAN_PEPPER_ROOT;XIRECS;58326.0;7
320773;;;INTARIAN_PEPPER_ROOT;XIRECS;58320.0;3
321926;;;INTARIAN_PEPPER_ROOT;XIRECS;58324.0;5
329146;;;ASH_COATED_OSMIUM;XIRECS;10004.0;8
331335;;;ASH_COATED_OSMIUM;XIRECS;10000.0;7
332863;;;ASH_COATED_OSMIUM;XIRECS;10008.0;5
333143;;;ASH_COATED_OSMIUM;XIRECS;9997.0;5
334981;;;ASH_COATED_OSMIUM;XIRECS;9996.0;9
338855;;;INTARIAN_PEPPER_ROOT;XIRECS;58334.0;5
341649;;;ASH_COATED_OSMIUM;XIRECS;10020.0;6
342261;;;INTARIAN_PEPPER_ROOT;XIRECS;58334.0;7
345281;;;INTARIAN_PEPPER_ROOT;XIRECS;58335.0;5
350544;;;ASH_COATED_OSMIUM;XIRECS;10014.0;7
351774;;;INTARIAN_PEPPER_ROOT;XIRECS;58342.0;4
353472;;;ASH_COATED_OSMIUM;XIRECS;9996.0;10
359014;;;ASH_COATED_OSMIUM;XIRECS;9988.0;4
359217;;;ASH_COATED_OSMIUM;XIRECS;9997.0;3
359772;;;INTARIAN_PEPPER_ROOT;XIRECS;58355.0;4
360424;;;ASH_COATED_OSMIUM;XIRECS;9996.0;4
361524;;;ASH_COATED_OSMIUM;XIRECS;9992.0;3
361648;;;INTARIAN_PEPPER_ROOT;XIRECS;58352.0;4
362462;;;INTARIAN_PEPPER_ROOT;XIRECS;58355.0;7
363323;;;INTARIAN_PEPPER_ROOT;XIRECS;58357.0;5
364399;;;ASH_COATED_OSMIUM;XIRECS;9996.0;2
365428;;;ASH_COATED_OSMIUM;XIRECS;10002.0;4
365974;;;INTARIAN_PEPPER_ROOT;XIRECS;58359.0;3
370247;;;ASH_COATED_OSMIUM;XIRECS;9999.0;3
370903;;;ASH_COATED_OSMIUM;XIRECS;9984.0;9
372216;;;ASH_COATED_OSMIUM;XIRECS;10002.0;7
373151;;;INTARIAN_PEPPER_ROOT;XIRECS;58368.0;6
375517;;;INTARIAN_PEPPER_ROOT;XIRECS;58380.0;3
377073;;;INTARIAN_PEPPER_ROOT;XIRECS;58371.0;7
378413;;;ASH_COATED_OSMIUM;XIRECS;10012.0;9
379157;;;INTARIAN_PEPPER_ROOT;XIRECS;58372.0;4
379571;;;INTARIAN_PEPPER_ROOT;XIRECS;58378.0;3
380217;;;ASH_COATED_OSMIUM;XIRECS;9993.0;6
380647;;;ASH_COATED_OSMIUM;XIRECS;10009.0;8
381698;;;ASH_COATED_OSMIUM;XIRECS;9995.0;4
381907;;;INTARIAN_PEPPER_ROOT;XIRECS;58387.0;7
387250;;;ASH_COATED_OSMIUM;XIRECS;10005.0;2
387342;;;ASH_COATED_OSMIUM;XIRECS;9992.0;5
389684;;;INTARIAN_PEPPER_ROOT;XIRECS;58395.0;7
390634;;;ASH_COATED_OSMIUM;XIRECS;10018.0;3
390751;;;INTARIAN_PEPPER_ROOT;XIRECS;58391.0;8
391801;;;INTARIAN_PEPPER_ROOT;XIRECS;58386.0;4
394190;;;ASH_COATED_OSMIUM;XIRECS;9992.0;2
394195;;;INTARIAN_PEPPER_ROOT;XIRECS;58387.0;6
394308;;;ASH_COATED_OSMIUM;XIRECS;9995.0;6
394308;;;ASH_COATED_OSMIUM;XIRECS;10011.0;9
394877;;;ASH_COATED_OSMIUM;XIRECS;9988.0;6
394889;;;ASH_COATED_OSMIUM;XIRECS;9988.0;2
395830;;;ASH_COATED_OSMIUM;XIRECS;10005.0;7
395902;;;INTARIAN_PEPPER_ROOT;XIRECS;58385.0;5
397443;;;INTARIAN_PEPPER_ROOT;XIRECS;58406.0;3
397595;;;INTARIAN_PEPPER_ROOT;XIRECS;58404.0;6
399918;;;ASH_COATED_OSMIUM;XIRECS;9992.0;2
400065;;;ASH_COATED_OSMIUM;XIRECS;9995.0;4
402267;;;INTARIAN_PEPPER_ROOT;XIRECS;58393.0;7
402676;;;INTARIAN_PEPPER_ROOT;XIRECS;58403.0;8
408118;;;ASH_COATED_OSMIUM;XIRECS;10004.0;10
408365;;;ASH_COATED_OSMIUM;XIRECS;9993.0;3
408936;;;ASH_COATED_OSMIUM;XIRECS;10003.0;5
410470;;;ASH_COATED_OSMIUM;XIRECS;9996.0;3
410509;;;ASH_COATED_OSMIUM;XIRECS;9997.0;5
420079;;;ASH_COATED_OSMIUM;XIRECS;10015.0;5
420144;;;ASH_COATED_OSMIUM;XIRECS;9995.0;4
421432;;;INTARIAN_PEPPER_ROOT;XIRECS;58419.0;8
421679;;;INTARIAN_PEPPER_ROOT;XIRECS;58419.0;4
423472;;;ASH_COATED_OSMIUM;XIRECS;9998.0;2
425438;;;INTARIAN_PEPPER_ROOT;XIRECS;58423.0;6
425444;;;INTARIAN_PEPPER_ROOT;XIRECS;58423.0;6
427528;;;ASH_COATED_OSMIUM;XIRECS;9997.0;4
431596;;;INTARIAN_PEPPER_ROOT;XIRECS;58439.0;5
433067;;;ASH_COATED_OSMIUM;XIRECS;10002.0;4
433297;;;ASH_COATED_OSMIUM;XIRECS;9996.0;4
435288;;;ASH_COATED_OSMIUM;XIRECS;10007.0;10
437708;;;ASH_COATED_OSMIUM;XIRECS;10007.0;3
438714;;;INTARIAN_PEPPER_ROOT;XIRECS;58434.0;6
439125;;;ASH_COATED_OSMIUM;XIRECS;10005.0;9
441076;;;ASH_COATED_OSMIUM;XIRECS;9991.0;3
441319;;;ASH_COATED_OSMIUM;XIRECS;9992.0;6
442999;;;ASH_COATED_OSMIUM;XIRECS;10007.0;3
443390;;;INTARIAN_PEPPER_ROOT;XIRECS;58436.0;7
443521;;;ASH_COATED_OSMIUM;XIRECS;10015.0;3
443572;;;ASH_COATED_OSMIUM;XIRECS;9996.0;5
443857;;;ASH_COATED_OSMIUM;XIRECS;9995.0;3
445365;;;INTARIAN_PEPPER_ROOT;XIRECS;58454.0;4
445954;;;ASH_COATED_OSMIUM;XIRECS;9985.0;7
445984;;;INTARIAN_PEPPER_ROOT;XIRECS;58435.0;8
448712;;;ASH_COATED_OSMIUM;XIRECS;10001.0;6
448860;;;INTARIAN_PEPPER_ROOT;XIRECS;58450.0;3
449459;;;ASH_COATED_OSMIUM;XIRECS;10006.0;4
450989;;;ASH_COATED_OSMIUM;XIRECS;10006.0;10
453632;;;ASH_COATED_OSMIUM;XIRECS;10015.0;7
455545;;;ASH_COATED_OSMIUM;XIRECS;10007.0;5
455830;;;ASH_COATED_OSMIUM;XIRECS;10000.0;6
457405;;;INTARIAN_PEPPER_ROOT;XIRECS;58463.0;6
459581;;;ASH_COATED_OSMIUM;XIRECS;9991.0;4
460187;;;INTARIAN_PEPPER_ROOT;XIRECS;58467.0;6
460236;;;INTARIAN_PEPPER_ROOT;XIRECS;58467.0;3
461339;;;ASH_COATED_OSMIUM;XIRECS;9992.0;6
461602;;;ASH_COATED_OSMIUM;XIRECS;10001.0;5
461688;;;ASH_COATED_OSMIUM;XIRECS;10001.0;5
462184;;;INTARIAN_PEPPER_ROOT;XIRECS;58456.0;4
466227;;;ASH_COATED_OSMIUM;XIRECS;10014.0;6
466982;;;INTARIAN_PEPPER_ROOT;XIRECS;58478.0;6
468528;;;INTARIAN_PEPPER_ROOT;XIRECS;58477.0;7
470760;;;INTARIAN_PEPPER_ROOT;XIRECS;58480.0;6
476097;;;ASH_COATED_OSMIUM;XIRECS;9995.0;4
477961;;;INTARIAN_PEPPER_ROOT;XIRECS;58468.0;5
479306;;;ASH_COATED_OSMIUM;XIRECS;10007.0;5
480796;;;INTARIAN_PEPPER_ROOT;XIRECS;58474.0;4
481433;;;INTARIAN_PEPPER_ROOT;XIRECS;58478.0;7
486467;;;ASH_COATED_OSMIUM;XIRECS;9981.0;5
487213;;;INTARIAN_PEPPER_ROOT;XIRECS;58480.0;6
490586;;;ASH_COATED_OSMIUM;XIRECS;9990.0;3
491540;;;INTARIAN_PEPPER_ROOT;XIRECS;58483.0;7
491594;;;INTARIAN_PEPPER_ROOT;XIRECS;58499.0;6
492940;;;INTARIAN_PEPPER_ROOT;XIRECS;58499.0;3
493378;;;INTARIAN_PEPPER_ROOT;XIRECS;58487.0;7
493719;;;INTARIAN_PEPPER_ROOT;XIRECS;58505.0;7
497493;;;INTARIAN_PEPPER_ROOT;XIRECS;58507.0;7
497989;;;ASH_COATED_OSMIUM;XIRECS;10005.0;7
498812;;;INTARIAN_PEPPER_ROOT;XIRECS;58507.0;5
499030;;;ASH_COATED_OSMIUM;XIRECS;10013.0;3
502638;;;INTARIAN_PEPPER_ROOT;XIRECS;58508.0;6
503896;;;INTARIAN_PEPPER_ROOT;XIRECS;58489.0;5
504104;;;INTARIAN_PEPPER_ROOT;XIRECS;58516.0;4
505132;;;ASH_COATED_OSMIUM;XIRECS;10007.0;2
505158;;;ASH_COATED_OSMIUM;XIRECS;9988.0;6
506217;;;INTARIAN_PEPPER_ROOT;XIRECS;58512.0;6
507904;;;INTARIAN_PEPPER_ROOT;XIRECS;58514.0;4
510922;;;INTARIAN_PEPPER_ROOT;XIRECS;58504.0;3
514145;;;INTARIAN_PEPPER_ROOT;XIRECS;58520.0;7
514610;;;INTARIAN_PEPPER_ROOT;XIRECS;58507.0;7
515181;;;ASH_COATED_OSMIUM;XIRECS;10011.0;5
517188;;;ASH_COATED_OSMIUM;XIRECS;9997.0;8
519767;;;ASH_COATED_OSMIUM;XIRECS;9993.0;9
523152;;;ASH_COATED_OSMIUM;XIRECS;10004.0;6
523774;;;INTARIAN_PEPPER_ROOT;XIRECS;58520.0;7
524180;;;INTARIAN_PEPPER_ROOT;XIRECS;58533.0;7
525088;;;INTARIAN_PEPPER_ROOT;XIRECS;58524.0;6
527844;;;INTARIAN_PEPPER_ROOT;XIRECS;58523.0;6
528340;;;ASH_COATED_OSMIUM;XIRECS;10006.0;2
528629;;;ASH_COATED_OSMIUM;XIRECS;9985.0;7
529431;;;ASH_COATED_OSMIUM;XIRECS;9988.0;3
530828;;;INTARIAN_PEPPER_ROOT;XIRECS;58538.0;5
530902;;;INTARIAN_PEPPER_ROOT;XIRECS;58539.0;6
531096;;;ASH_COATED_OSMIUM;XIRECS;9993.0;5
531927;;;ASH_COATED_OSMIUM;XIRECS;10000.0;4
532115;;;INTARIAN_PEPPER_ROOT;XIRECS;58538.0;7
534287;;;INTARIAN_PEPPER_ROOT;XIRECS;58529.0;7
534535;;;INTARIAN_PEPPER_ROOT;XIRECS;58529.0;3
534867;;;INTARIAN_PEPPER_ROOT;XIRECS;58530.0;5
535327;;;INTARIAN_PEPPER_ROOT;XIRECS;58527.0;5
538065;;;ASH_COATED_OSMIUM;XIRECS;9999.0;6
538698;;;ASH_COATED_OSMIUM;XIRECS;10014.0;5
540279;;;ASH_COATED_OSMIUM;XIRECS;10000.0;5
540358;;;ASH_COATED_OSMIUM;XIRECS;10014.0;9
541560;;;INTARIAN_PEPPER_ROOT;XIRECS;58549.0;3
541639;;;ASH_COATED_OSMIUM;XIRECS;9990.0;2
544226;;;ASH_COATED_OSMIUM;XIRECS;9990.0;4
545419;;;INTARIAN_PEPPER_ROOT;XIRECS;58542.0;6
546162;;;ASH_COATED_OSMIUM;XIRECS;10006.0;5
548464;;;INTARIAN_PEPPER_ROOT;XIRECS;58556.0;4
549561;;;INTARIAN_PEPPER_ROOT;XIRECS;58558.0;7
550846;;;INTARIAN_PEPPER_ROOT;XIRECS;58545.0;6
554686;;;ASH_COATED_OSMIUM;XIRECS;9996.0;3
554971;;;ASH_COATED_OSMIUM;XIRECS;10010.0;7
555192;;;ASH_COATED_OSMIUM;XIRECS;10014.0;4
558900;;;ASH_COATED_OSMIUM;XIRECS;10020.0;6
560672;;;ASH_COATED_OSMIUM;XIRECS;10009.0;3
563153;;;ASH_COATED_OSMIUM;XIRECS;9996.0;3
564378;;;ASH_COATED_OSMIUM;XIRECS;10007.0;2
565157;;;ASH_COATED_OSMIUM;XIRECS;10011.0;5
566293;;;ASH_COATED_OSMIUM;XIRECS;9987.0;4
567986;;;INTARIAN_PEPPER_ROOT;XIRECS;58562.0;6
572168;;;INTARIAN_PEPPER_ROOT;XIRECS;58564.0;5
573393;;;ASH_COATED_OSMIUM;XIRECS;9991.0;6
574282;;;INTARIAN_PEPPER_ROOT;XIRECS;58570.0;4
574501;;;INTARIAN_PEPPER_ROOT;XIRECS;58581.0;6
574962;;;ASH_COATED_OSMIUM;XIRECS;10007.0;3
576790;;;INTARIAN_PEPPER_ROOT;XIRECS;58582.0;8
577608;;;ASH_COATED_OSMIUM;XIRECS;9989.0;5
578924;;;ASH_COATED_OSMIUM;XIRECS;9995.0;6
582499;;;INTARIAN_PEPPER_ROOT;XIRECS;58578.0;5
583606;;;ASH_COATED_OSMIUM;XIRECS;9989.0;2
584585;;;INTARIAN_PEPPER_ROOT;XIRECS;58590.0;6
585303;;;INTARIAN_PEPPER_ROOT;XIRECS;58584.0;4
586846;;;ASH_COATED_OSMIUM;XIRECS;10007.0;2
588470;;;ASH_COATED_OSMIUM;XIRECS;9997.0;4
591275;;;ASH_COATED_OSMIUM;XIRECS;10006.0;5
595087;;;INTARIAN_PEPPER_ROOT;XIRECS;58585.0;7
598485;;;ASH_COATED_OSMIUM;XIRECS;10009.0;7
600524;;;ASH_COATED_OSMIUM;XIRECS;9989.0;10
602660;;;ASH_COATED_OSMIUM;XIRECS;9992.0;8
602939;;;INTARIAN_PEPPER_ROOT;XIRECS;58610.0;6
603205;;;ASH_COATED_OSMIUM;XIRECS;9996.0;2
608032;;;ASH_COATED_OSMIUM;XIRECS;9997.0;4
613500;;;INTARIAN_PEPPER_ROOT;XIRECS;58619.0;8
613723;;;ASH_COATED_OSMIUM;XIRECS;9997.0;6
615165;;;INTARIAN_PEPPER_ROOT;XIRECS;58611.0;5
615637;;;INTARIAN_PEPPER_ROOT;XIRECS;58612.0;3
616949;;;ASH_COATED_OSMIUM;XIRECS;9999.0;2
617108;;;ASH_COATED_OSMIUM;XIRECS;9990.0;6
618402;;;INTARIAN_PEPPER_ROOT;XIRECS;58625.0;7
620250;;;INTARIAN_PEPPER_ROOT;XIRECS;58611.0;4
623403;;;ASH_COATED_OSMIUM;XIRECS;10004.0;7
623738;;;ASH_COATED_OSMIUM;XIRECS;9987.0;3
625495;;;ASH_COATED_OSMIUM;XIRECS;9986.0;6
625510;;;ASH_COATED_OSMIUM;XIRECS;10003.0;2
628052;;;INTARIAN_PEPPER_ROOT;XIRECS;58634.0;3
628400;;;ASH_COATED_OSMIUM;XIRECS;9998.0;2
628513;;;ASH_COATED_OSMIUM;XIRECS;9984.0;6
632359;;;ASH_COATED_OSMIUM;XIRECS;10006.0;8
632589;;;ASH_COATED_OSMIUM;XIRECS;9998.0;5
632893;;;INTARIAN_PEPPER_ROOT;XIRECS;58626.0;8
634663;;;ASH_COATED_OSMIUM;XIRECS;9983.0;8
635185;;;ASH_COATED_OSMIUM;XIRECS;9982.0;9
635557;;;ASH_COATED_OSMIUM;XIRECS;9991.0;4
635753;;;ASH_COATED_OSMIUM;XIRECS;9988.0;4
636652;;;ASH_COATED_OSMIUM;XIRECS;9987.0;10
637001;;;INTARIAN_PEPPER_ROOT;XIRECS;58632.0;3
637876;;;INTARIAN_PEPPER_ROOT;XIRECS;58626.0;5
638969;;;ASH_COATED_OSMIUM;XIRECS;9988.0;2
639725;;;ASH_COATED_OSMIUM;XIRECS;9993.0;4
639790;;;INTARIAN_PEPPER_ROOT;XIRECS;58629.0;3
642336;;;ASH_COATED_OSMIUM;XIRECS;9985.0;5
646002;;;INTARIAN_PEPPER_ROOT;XIRECS;58654.0;6
646667;;;INTARIAN_PEPPER_ROOT;XIRECS;58638.0;6
646886;;;INTARIAN_PEPPER_ROOT;XIRECS;58650.0;5
648818;;;ASH_COATED_OSMIUM;XIRECS;10000.0;2
649006;;;ASH_COATED_OSMIUM;XIRECS;9993.0;9
652223;;;ASH_COATED_OSMIUM;XIRECS;10005.0;5
653245;;;INTARIAN_PEPPER_ROOT;XIRECS;58664.0;7
653715;;;ASH_COATED_OSMIUM;XIRECS;9990.0;5
655256;;;ASH_COATED_OSMIUM;XIRECS;9993.0;9
662663;;;INTARIAN_PEPPER_ROOT;XIRECS;58653.0;5
663749;;;INTARIAN_PEPPER_ROOT;XIRECS;58666.0;3
665187;;;ASH_COATED_OSMIUM;XIRECS;9988.0;2
665678;;;ASH_COATED_OSMIUM;XIRECS;10014.0;4
665899;;;ASH_COATED_OSMIUM;XIRECS;10002.0;7
666884;;;ASH_COATED_OSMIUM;XIRECS;9990.0;2
668163;;;ASH_COATED_OSMIUM;XIRECS;10003.0;3
669056;;;ASH_COATED_OSMIUM;XIRECS;10011.0;5
671037;;;INTARIAN_PEPPER_ROOT;XIRECS;58662.0;5
673024;;;ASH_COATED_OSMIUM;XIRECS;9985.0;6
673660;;;INTARIAN_PEPPER_ROOT;XIRECS;58682.0;5
674406;;;INTARIAN_PEPPER_ROOT;XIRECS;58681.0;6
676078;;;ASH_COATED_OSMIUM;XIRECS;10012.0;5
676410;;;INTARIAN_PEPPER_ROOT;XIRECS;58669.0;6
678819;;;ASH_COATED_OSMIUM;XIRECS;9990.0;6
679264;;;ASH_COATED_OSMIUM;XIRECS;9998.0;3
679420;;;INTARIAN_PEPPER_ROOT;XIRECS;58688.0;5
679913;;;INTARIAN_PEPPER_ROOT;XIRECS;58673.0;7
681456;;;INTARIAN_PEPPER_ROOT;XIRECS;58676.0;5
681589;;;ASH_COATED_OSMIUM;XIRECS;9978.0;9
682073;;;ASH_COATED_OSMIUM;XIRECS;9991.0;5
682194;;;INTARIAN_PEPPER_ROOT;XIRECS;58690.0;4
684682;;;ASH_COATED_OSMIUM;XIRECS;10009.0;5
687951;;;ASH_COATED_OSMIUM;XIRECS;10009.0;10
688121;;;INTARIAN_PEPPER_ROOT;XIRECS;58682.0;4
689150;;;ASH_COATED_OSMIUM;XIRECS;10012.0;5
690057;;;INTARIAN_PEPPER_ROOT;XIRECS;58682.0;6
690633;;;INTARIAN_PEPPER_ROOT;XIRECS;58699.0;4
691556;;;ASH_COATED_OSMIUM;XIRECS;9980.0;3
692990;;;INTARIAN_PEPPER_ROOT;XIRECS;58702.0;5
694900;;;INTARIAN_PEPPER_ROOT;XIRECS;58697.0;4
697568;;;ASH_COATED_OSMIUM;XIRECS;9990.0;3
698053;;;ASH_COATED_OSMIUM;XIRECS;9995.0;2
699785;;;ASH_COATED_OSMIUM;XIRECS;10009.0;2
702075;;;ASH_COATED_OSMIUM;XIRECS;10015.0;5
702306;;;ASH_COATED_OSMIUM;XIRECS;9996.0;3
703771;;;ASH_COATED_OSMIUM;XIRECS;9990.0;3
704910;;;INTARIAN_PEPPER_ROOT;XIRECS;58698.0;7
709220;;;INTARIAN_PEPPER_ROOT;XIRECS;58706.0;5
710271;;;ASH_COATED_OSMIUM;XIRECS;10009.0;8
710601;;;ASH_COATED_OSMIUM;XIRECS;9996.0;3
711900;;;INTARIAN_PEPPER_ROOT;XIRECS;58718.0;6
712080;;;ASH_COATED_OSMIUM;XIRECS;10009.0;2
714879;;;INTARIAN_PEPPER_ROOT;XIRECS;58705.0;4
716685;;;INTARIAN_PEPPER_ROOT;XIRECS;58725.0;3
716759;;;INTARIAN_PEPPER_ROOT;XIRECS;58723.0;6
718939;;;INTARIAN_PEPPER_ROOT;XIRECS;58723.0;4
721871;;;ASH_COATED_OSMIUM;XIRECS;10006.0;5
722181;;;ASH_COATED_OSMIUM;XIRECS;9994.0;6
724370;;;INTARIAN_PEPPER_ROOT;XIRECS;58719.0;6
725086;;;INTARIAN_PEPPER_ROOT;XIRECS;58728.0;6
725141;;;INTARIAN_PEPPER_ROOT;XIRECS;58734.0;5
726453;;;ASH_COATED_OSMIUM;XIRECS;10005.0;4
727178;;;INTARIAN_PEPPER_ROOT;XIRECS;58737.0;3
728331;;;ASH_COATED_OSMIUM;XIRECS;10009.0;4
730699;;;ASH_COATED_OSMIUM;XIRECS;10005.0;6
732406;;;ASH_COATED_OSMIUM;XIRECS;9988.0;5
732778;;;INTARIAN_PEPPER_ROOT;XIRECS;58728.0;5
734877;;;INTARIAN_PEPPER_ROOT;XIRECS;58727.0;3
738189;;;ASH_COATED_OSMIUM;XIRECS;9996.0;4
738701;;;ASH_COATED_OSMIUM;XIRECS;10009.0;6
739014;;;ASH_COATED_OSMIUM;XIRECS;9992.0;7
740996;;;ASH_COATED_OSMIUM;XIRECS;10012.0;6
741867;;;ASH_COATED_OSMIUM;XIRECS;10002.0;6
742346;;;INTARIAN_PEPPER_ROOT;XIRECS;58738.0;5
743593;;;INTARIAN_PEPPER_ROOT;XIRECS;58745.0;6
746422;;;INTARIAN_PEPPER_ROOT;XIRECS;58737.0;3
746778;;;ASH_COATED_OSMIUM;XIRECS;10015.0;5
748362;;;INTARIAN_PEPPER_ROOT;XIRECS;58741.0;6
752568;;;INTARIAN_PEPPER_ROOT;XIRECS;58750.0;5
753790;;;ASH_COATED_OSMIUM;XIRECS;9989.0;6
755701;;;ASH_COATED_OSMIUM;XIRECS;9991.0;8
757243;;;ASH_COATED_OSMIUM;XIRECS;9990.0;4
758026;;;ASH_COATED_OSMIUM;XIRECS;10009.0;3
758511;;;INTARIAN_PEPPER_ROOT;XIRECS;58766.0;5
764513;;;ASH_COATED_OSMIUM;XIRECS;10008.0;4
765268;;;ASH_COATED_OSMIUM;XIRECS;9996.0;6
766474;;;INTARIAN_PEPPER_ROOT;XIRECS;58774.0;4
767105;;;ASH_COATED_OSMIUM;XIRECS;10015.0;8
767895;;;ASH_COATED_OSMIUM;XIRECS;9995.0;3
769172;;;ASH_COATED_OSMIUM;XIRECS;9995.0;5
769655;;;ASH_COATED_OSMIUM;XIRECS;9993.0;5
770934;;;ASH_COATED_OSMIUM;XIRECS;9997.0;3
771756;;;INTARIAN_PEPPER_ROOT;XIRECS;58774.0;3
772938;;;ASH_COATED_OSMIUM;XIRECS;10023.0;6
773122;;;ASH_COATED_OSMIUM;XIRECS;10001.0;6
773442;;;ASH_COATED_OSMIUM;XIRECS;9998.0;2
775925;;;ASH_COATED_OSMIUM;XIRECS;9992.0;6
776139;;;ASH_COATED_OSMIUM;XIRECS;9991.0;2
779122;;;ASH_COATED_OSMIUM;XIRECS;10014.0;5
780525;;;ASH_COATED_OSMIUM;XIRECS;10006.0;3
780564;;;INTARIAN_PEPPER_ROOT;XIRECS;58778.0;3
781654;;;INTARIAN_PEPPER_ROOT;XIRECS;58772.0;3
783560;;;INTARIAN_PEPPER_ROOT;XIRECS;58788.0;3
783615;;;ASH_COATED_OSMIUM;XIRECS;10002.0;5
783749;;;ASH_COATED_OSMIUM;XIRECS;10015.0;4
784122;;;ASH_COATED_OSMIUM;XIRECS;9996.0;10
786253;;;ASH_COATED_OSMIUM;XIRECS;10007.0;3
786782;;;INTARIAN_PEPPER_ROOT;XIRECS;58786.0;3
788388;;;INTARIAN_PEPPER_ROOT;XIRECS;58783.0;7
792811;;;ASH_COATED_OSMIUM;XIRECS;9992.0;6
793276;;;ASH_COATED_OSMIUM;XIRECS;10017.0;4
793535;;;ASH_COATED_OSMIUM;XIRECS;9992.0;2
793915;;;ASH_COATED_OSMIUM;XIRECS;10008.0;6
796780;;;ASH_COATED_OSMIUM;XIRECS;9991.0;6
797337;;;INTARIAN_PEPPER_ROOT;XIRECS;58806.0;7
798090;;;ASH_COATED_OSMIUM;XIRECS;10003.0;3
798547;;;ASH_COATED_OSMIUM;XIRECS;9989.0;3
798638;;;ASH_COATED_OSMIUM;XIRECS;10008.0;3
799844;;;ASH_COATED_OSMIUM;XIRECS;10010.0;6
800137;;;INTARIAN_PEPPER_ROOT;XIRECS;58802.0;7
800493;;;ASH_COATED_OSMIUM;XIRECS;9994.0;5
800609;;;ASH_COATED_OSMIUM;XIRECS;10007.0;8
802219;;;ASH_COATED_OSMIUM;XIRECS;10009.0;3
803133;;;INTARIAN_PEPPER_ROOT;XIRECS;58797.0;3
806327;;;ASH_COATED_OSMIUM;XIRECS;10012.0;3
807024;;;INTARIAN_PEPPER_ROOT;XIRECS;58815.0;3
807874;;;INTARIAN_PEPPER_ROOT;XIRECS;58800.0;3
808395;;;INTARIAN_PEPPER_ROOT;XIRECS;58811.0;6
810471;;;ASH_COATED_OSMIUM;XIRECS;10002.0;4
813046;;;INTARIAN_PEPPER_ROOT;XIRECS;58817.0;6
813319;;;ASH_COATED_OSMIUM;XIRECS;9989.0;4
815535;;;INTARIAN_PEPPER_ROOT;XIRECS;58809.0;5
816148;;;INTARIAN_PEPPER_ROOT;XIRECS;58807.0;3
816356;;;INTARIAN_PEPPER_ROOT;XIRECS;58807.0;7
818279;;;INTARIAN_PEPPER_ROOT;XIRECS;58813.0;3
818773;;;INTARIAN_PEPPER_ROOT;XIRECS;58828.0;3
820042;;;ASH_COATED_OSMIUM;XIRECS;10004.0;4
823078;;;INTARIAN_PEPPER_ROOT;XIRECS;58816.0;7
824227;;;ASH_COATED_OSMIUM;XIRECS;10011.0;2
826280;;;ASH_COATED_OSMIUM;XIRECS;9992.0;3
827928;;;INTARIAN_PEPPER_ROOT;XIRECS;58819.0;5
828847;;;ASH_COATED_OSMIUM;XIRECS;9988.0;6
829270;;;INTARIAN_PEPPER_ROOT;XIRECS;58835.0;6
829918;;;ASH_COATED_OSMIUM;XIRECS;9994.0;4
830005;;;ASH_COATED_OSMIUM;XIRECS;10000.0;10
831662;;;ASH_COATED_OSMIUM;XIRECS;9992.0;10
832424;;;ASH_COATED_OSMIUM;XIRECS;9987.0;4
835250;;;ASH_COATED_OSMIUM;XIRECS;10002.0;4
835785;;;ASH_COATED_OSMIUM;XIRECS;9989.0;4
838880;;;ASH_COATED_OSMIUM;XIRECS;10012.0;5
840747;;;INTARIAN_PEPPER_ROOT;XIRECS;58850.0;7
841144;;;INTARIAN_PEPPER_ROOT;XIRECS;58835.0;4
841901;;;INTARIAN_PEPPER_ROOT;XIRECS;58848.0;5
843833;;;INTARIAN_PEPPER_ROOT;XIRECS;58849.0;5
845327;;;ASH_COATED_OSMIUM;XIRECS;10001.0;4
846285;;;ASH_COATED_OSMIUM;XIRECS;9989.0;9
847493;;;INTARIAN_PEPPER_ROOT;XIRECS;58858.0;3
850447;;;INTARIAN_PEPPER_ROOT;XIRECS;58860.0;5
856313;;;ASH_COATED_OSMIUM;XIRECS;10004.0;3
856349;;;INTARIAN_PEPPER_ROOT;XIRECS;58861.0;3
857140;;;INTARIAN_PEPPER_ROOT;XIRECS;58864.0;4
857154;;;ASH_COATED_OSMIUM;XIRECS;9989.0;5
857266;;;INTARIAN_PEPPER_ROOT;XIRECS;58848.0;6
861967;;;ASH_COATED_OSMIUM;XIRECS;10006.0;4
862504;;;INTARIAN_PEPPER_ROOT;XIRECS;58872.0;3
862884;;;INTARIAN_PEPPER_ROOT;XIRECS;58857.0;8
864764;;;INTARIAN_PEPPER_ROOT;XIRECS;58858.0;3
866719;;;ASH_COATED_OSMIUM;XIRECS;9993.0;5
867827;;;ASH_COATED_OSMIUM;XIRECS;9995.0;4
868797;;;ASH_COATED_OSMIUM;XIRECS;10011.0;8
869666;;;ASH_COATED_OSMIUM;XIRECS;9991.0;5
875082;;;INTARIAN_PEPPER_ROOT;XIRECS;58869.0;5
875257;;;ASH_COATED_OSMIUM;XIRECS;10003.0;4
877457;;;INTARIAN_PEPPER_ROOT;XIRECS;58872.0;5
877700;;;INTARIAN_PEPPER_ROOT;XIRECS;58887.0;3
878207;;;INTARIAN_PEPPER_ROOT;XIRECS;58872.0;7
880476;;;INTARIAN_PEPPER_ROOT;XIRECS;58873.0;4
881880;;;ASH_COATED_OSMIUM;XIRECS;10009.0;6
882219;;;INTARIAN_PEPPER_ROOT;XIRECS;58889.0;7
882954;;;INTARIAN_PEPPER_ROOT;XIRECS;58888.0;3
883931;;;INTARIAN_PEPPER_ROOT;XIRECS;58894.0;6
885475;;;INTARIAN_PEPPER_ROOT;XIRECS;58890.0;4
887056;;;INTARIAN_PEPPER_ROOT;XIRECS;58893.0;8
890633;;;ASH_COATED_OSMIUM;XIRECS;10007.0;9
894241;;;ASH_COATED_OSMIUM;XIRECS;9989.0;3
896659;;;ASH_COATED_OSMIUM;XIRECS;10007.0;6
896755;;;INTARIAN_PEPPER_ROOT;XIRECS;58906.0;6
896827;;;INTARIAN_PEPPER_ROOT;XIRECS;58906.0;5
901622;;;ASH_COATED_OSMIUM;XIRECS;10004.0;3
902563;;;ASH_COATED_OSMIUM;XIRECS;9993.0;4
903239;;;ASH_COATED_OSMIUM;XIRECS;10011.0;4
903812;;;INTARIAN_PEPPER_ROOT;XIRECS;58896.0;5
904266;;;ASH_COATED_OSMIUM;XIRECS;9993.0;2
906375;;;ASH_COATED_OSMIUM;XIRECS;9993.0;10
910774;;;INTARIAN_PEPPER_ROOT;XIRECS;58904.0;6
912738;;;INTARIAN_PEPPER_ROOT;XIRECS;58918.0;6
915211;;;ASH_COATED_OSMIUM;XIRECS;10000.0;4
915572;;;INTARIAN_PEPPER_ROOT;XIRECS;58923.0;5
915990;;;ASH_COATED_OSMIUM;XIRECS;10002.0;6
918620;;;INTARIAN_PEPPER_ROOT;XIRECS;58926.0;6
919616;;;INTARIAN_PEPPER_ROOT;XIRECS;58916.0;5
921360;;;INTARIAN_PEPPER_ROOT;XIRECS;58919.0;7
921890;;;INTARIAN_PEPPER_ROOT;XIRECS;58927.0;5
922493;;;ASH_COATED_OSMIUM;XIRECS;10005.0;6
922960;;;ASH_COATED_OSMIUM;XIRECS;10014.0;3
924382;;;ASH_COATED_OSMIUM;XIRECS;9987.0;3
925314;;;INTARIAN_PEPPER_ROOT;XIRECS;58918.0;6
925777;;;ASH_COATED_OSMIUM;XIRECS;10010.0;2
926669;;;ASH_COATED_OSMIUM;XIRECS;9999.0;6
926973;;;INTARIAN_PEPPER_ROOT;XIRECS;58918.0;6
929530;;;INTARIAN_PEPPER_ROOT;XIRECS;58925.0;5
930358;;;ASH_COATED_OSMIUM;XIRECS;9995.0;6
931109;;;ASH_COATED_OSMIUM;XIRECS;9992.0;6
931924;;;ASH_COATED_OSMIUM;XIRECS;9996.0;7
932444;;;ASH_COATED_OSMIUM;XIRECS;9999.0;9
932910;;;ASH_COATED_OSMIUM;XIRECS;10001.0;4
937350;;;ASH_COATED_OSMIUM;XIRECS;9985.0;3
937623;;;ASH_COATED_OSMIUM;XIRECS;9990.0;5
938981;;;INTARIAN_PEPPER_ROOT;XIRECS;58932.0;7
939765;;;INTARIAN_PEPPER_ROOT;XIRECS;58946.0;5
942657;;;ASH_COATED_OSMIUM;XIRECS;9998.0;6
944120;;;INTARIAN_PEPPER_ROOT;XIRECS;58941.0;5
944313;;;ASH_COATED_OSMIUM;XIRECS;10007.0;6
944633;;;INTARIAN_PEPPER_ROOT;XIRECS;58938.0;3
946058;;;INTARIAN_PEPPER_ROOT;XIRECS;58941.0;7
946861;;;ASH_COATED_OSMIUM;XIRECS;10014.0;5
948174;;;ASH_COATED_OSMIUM;XIRECS;9990.0;8
950777;;;ASH_COATED_OSMIUM;XIRECS;9979.0;4
951405;;;ASH_COATED_OSMIUM;XIRECS;9993.0;10
951997;;;ASH_COATED_OSMIUM;XIRECS;10012.0;8
952959;;;ASH_COATED_OSMIUM;XIRECS;10005.0;3
954798;;;ASH_COATED_OSMIUM;XIRECS;9997.0;4
955841;;;ASH_COATED_OSMIUM;XIRECS;10009.0;6
958439;;;INTARIAN_PEPPER_ROOT;XIRECS;58967.0;7
959435;;;ASH_COATED_OSMIUM;XIRECS;10015.0;5
963364;;;ASH_COATED_OSMIUM;XIRECS;10000.0;3
963467;;;INTARIAN_PEPPER_ROOT;XIRECS;58956.0;4
963540;;;INTARIAN_PEPPER_ROOT;XIRECS;58974.0;4
964720;;;ASH_COATED_OSMIUM;XIRECS;10009.0;3
964891;;;ASH_COATED_OSMIUM;XIRECS;9991.0;5
968122;;;ASH_COATED_OSMIUM;XIRECS;9996.0;5
969148;;;INTARIAN_PEPPER_ROOT;XIRECS;58976.0;7
971525;;;INTARIAN_PEPPER_ROOT;XIRECS;58979.0;7
972939;;;ASH_COATED_OSMIUM;XIRECS;10012.0;3
973547;;;INTARIAN_PEPPER_ROOT;XIRECS;58979.0;5
975220;;;INTARIAN_PEPPER_ROOT;XIRECS;58981.0;4
976681;;;INTARIAN_PEPPER_ROOT;XIRECS;58984.0;4
980140;;;ASH_COATED_OSMIUM;XIRECS;10003.0;5
980474;;;INTARIAN_PEPPER_ROOT;XIRECS;58974.0;4
981340;;;INTARIAN_PEPPER_ROOT;XIRECS;58976.0;4
982047;;;INTARIAN_PEPPER_ROOT;XIRECS;58979.0;6
983706;;;ASH_COATED_OSMIUM;XIRECS;10009.0;5
990280;;;ASH_COATED_OSMIUM;XIRECS;10008.0;4
991272;;;ASH_COATED_OSMIUM;XIRECS;9999.0;4
997363;;;INTARIAN_PEPPER_ROOT;XIRECS;59002.0;7
997713;;;ASH_COATED_OSMIUM;XIRECS;10007.0;7
999510;;;ASH_COATED_OSMIUM;XIRECS;10011.0;5
999511;;;ASH_COATED_OSMIUM;XIRECS;10011.0;9