day;timestamp;product;bid_price_1;bid_volume_1;bid_price_2;bid_volume_2;bid_price_3;bid_volume_3;ask_price_1;ask_volume_1;ask_price_2;ask_volume_2;ask_price_3;ask_volume_3;mid_price;profit_and_loss
1;0;ASH_COATED_OSMIUM;9992;23;9989;15;9987;12;10003.0;12;10005.0;7;10006.0;14;9997.5;0.0
1;0;INTARIAN_PEPPER_ROOT;14996;9;14993;10;;;15009.0;12;15010.0;10;;;15002.5;0.0
1;100;ASH_COATED_OSMIUM;9990;11;9988;15;;;10006.0;10;10008.0;10;;;9997.5;0.0
1;100;INTARIAN_PEPPER_ROOT;14993;10;14992;9;;;15007.0;10;15009.0;22;;;15000.0;0.0
1;200;ASH_COATED_OSMIUM;9994;13;9991;14;;;10010.0;27;10012.0;10;;;10002.5;0.0
1;200;INTARIAN_PEPPER_ROOT;14994;11;;;;;15009.0;19;;;;;15001.0;0.0
1;300;ASH_COATED_OSMIUM;9994;30;;;;;10012.0;11;;;;;10002.5;0.0
1;300;INTARIAN_PEPPER_ROOT;14994;8;;;;;15008.0;11;;;;;15000.5;0.0
1;400;ASH_COATED_OSMIUM;9990;21;;;;;10006.0;11;;;;;9997.5;0.0
1;400;INTARIAN_PEPPER_ROOT;14992;10;14989;8;;;15004.0;12;15007.0;11;;;14998.5;0.0
1;500;ASH_COATED_OSMIUM;9994;13;9993;10;;;10010.0;15;10012.0;11;;;10002.5;0.0
1;500;INTARIAN_PEPPER_ROOT;14992;12;14989;8;;;15010.0;11;15013.0;9;;;15000.5;0.0
1;600;ASH_COATED_OSMIUM;9994;15;9992;29;;;10012.0;13;10015.0;26;;;10002.5;0.0
1;600;INTARIAN_PEPPER_ROOT;14995;12;14994;6;14993;8;15008.0;9;15009.0;20;15011.0;5;15001.5;0.0
1;700;ASH_COATED_OSMIUM;9993;13;9991;15;9990;26;10012.0;12;10014.0;15;10015.0;28;10002.5;0.0
1;700;INTARIAN_PEPPER_ROOT;14992;10;14989;8;14986;11;15007.0;22;15008.0;11;15010.0;18;15000.0;0.0
1;800;ASH_COATED_OSMIUM;9990;10;9987;10;9984;14;10006.0;10;10009.0;14;10010.0;10;9997.5;0.0
1;800;INTARIAN_PEPPER_ROOT;14990;8;14988;12;;;15004.0;9;15005.0;12;;;14996.5;0.0
1;900;ASH_COATED_OSMIUM;9988;13;9985;13;;;10007.0;14;10009.0;14;;;9997.5;0.0
1;900;INTARIAN_PEPPER_ROOT;14992;11;;;;;15010.0;21;;;;;15000.5;0.0
1;1000;ASH_COATED_OSMIUM;9994;12;9993;28;9992;14;10012.0;12;10015.0;15;10018.0;12;10002.5;0.0
1;1000;INTARIAN_PEPPER_ROOT;14993;17;14992;12;;;15011.0;9;15012.0;10;;;15002.0;0.0
1;1100;ASH_COATED_OSMIUM;9994;11;;;;;10010.0;15;;;;;10002.5;0.0
1;1100;INTARIAN_PEPPER_ROOT;14994;22;14993;17;;;15007.0;11;15009.0;11;;;15001.0;0.0
1;1200;ASH_COATED_OSMIUM;9994;14;9991;13;;;10010.0;12;10012.0;15;;;10002.5;0.0
1;1200;INTARIAN_PEPPER_ROOT;14992;23;;;;;15005.0;11;;;;;14998.5;0.0
1;1300;ASH_COATED_OSMIUM;9990;21;9988;12;;;10006.0;30;10009.0;12;;;9997.5;0.0
1;1300;INTARIAN_PEPPER_ROOT;14996;10;14993;10;14990;22;15013.0;8;15014.0;21;15017.0;11;15004.0;0.0
1;1400;ASH_COATED_OSMIUM;9993;10;9992;26;9991;10;10012.0;12;10013.0;13;10014.0;26;10002.5;0.0
1;1400;INTARIAN_PEPPER_ROOT;14998;9;14996;18;14994;9;15014.0;12;15017.0;12;15018.0;18;15006.0;0.0
1;1500;ASH_COATED_OSMIUM;9990;12;9987;12;9986;12;10006.0;13;10008.0;13;10010.0;24;9997.5;0.0
1;1500;INTARIAN_PEPPER_ROOT;14994;8;14991;8;;;15010.0;9;15013.0;8;;;15002.0;0.0
1;1600;ASH_COATED_OSMIUM;9988;10;;;;;10006.0;11;;;;;9997.5;0.0
1;1600;INTARIAN_PEPPER_ROOT;14992;9;14989;10;14986;11;15006.0;25;15007.0;11;15010.0;21;14999.5;0.0
1;1700;ASH_COATED_OSMIUM;9993;13;9992;22;9989;27;10012.0;11;10015.0;11;10017.0;13;10002.5;0.0
1;1700;INTARIAN_PEPPER_ROOT;14998;25;14996;19;14994;9;15012.0;12;15014.0;10;15016.0;12;15004.5;0.0
1;1800;ASH_COATED_OSMIUM;9990;24;;;;;10006.0;10;;;;;9997.5;0.0
1;1800;INTARIAN_PEPPER_ROOT;15000;10;14998;11;14995;12;15013.0;8;15015.0;8;15017.0;9;15006.0;0.0
1;1900;ASH_COATED_OSMIUM;9990;10;9987;14;9985;11;10006.0;13;10009.0;12;10012.0;14;9997.5;0.0
1;1900;INTARIAN_PEPPER_ROOT;14993;8;;;;;15006.0;8;;;;;14999.5;0.0
1;2000;ASH_COATED_OSMIUM;9988;14;9986;4;;;10006.0;30;10009.0;10;;;9997.5;0.0
1;2000;INTARIAN_PEPPER_ROOT;14996;9;14994;10;;;15010.0;11;15011.0;11;;;15002.5;0.0
1;2100;ASH_COATED_OSMIUM;9990;15;9988;14;9987;14;10006.0;14;10009.0;12;10012.0;15;9997.5;0.0
1;2100;INTARIAN_PEPPER_ROOT;14996;11;14993;12;14991;12;15009.0;12;15012.0;25;15013.0;12;15002.0;0.0
1;2200;ASH_COATED_OSMIUM;9994;26;9993;11;9990;14;10010.0;14;10011.0;15;10013.0;10;10002.5;0.0
1;2200;INTARIAN_PEPPER_ROOT;14998;11;;;;;15013.0;9;;;;;15005.0;0.0
1;2300;ASH_COATED_OSMIUM;9994;14;9993;12;;;10012.0;15;10015.0;13;;;10002.5;0.0
1;2300;INTARIAN_PEPPER_ROOT;14990;12;14987;25;;;15009.0;9;15010.0;10;;;15000.0;0.0
1;2400;ASH_COATED_OSMIUM;9990;14;;;;;10006.0;12;;;;;9997.5;0.0
1;2400;INTARIAN_PEPPER_ROOT;14996;21;14994;17;;;15011.0;21;15012.0;8;;;15003.0;0.0
1;2500;ASH_COATED_OSMIUM;9994;12;;;;;10012.0;11;;;;;10002.5;0.0
1;2500;INTARIAN_PEPPER_ROOT;14992;12;14990;11;14989;11;15005.0;9;15008.0;12;15010.0;9;14999.0;0.0
1;2600;ASH_COATED_OSMIUM;9990;29;;;;;10006.0;14;;;;;9997.5;0.0
1;2600;INTARIAN_PEPPER_ROOT;14993;12;14991;11;14990;10;15006.0;17;15007.0;11;15008.0;10;14999.5;0.0
1;2700;ASH_COATED_OSMIUM;9994;15;9992;12;9990;24;10010.0;11;10011.0;15;10013.0;13;10002.5;0.0
1;2700;INTARIAN_PEPPER_ROOT;15002;11;15001;11;15000;12;15015.0;11;15018.0;9;15020.0;15;15008.5;0.0
1;2800;ASH_COATED_OSMIUM;9993;15;9992;12;9991;11;10002.0;12;10003.0;14;10005.0;28;9997.5;0.0
1;2800;INTARIAN_PEPPER_ROOT;14996;12;14995;15;;;15009.0;8;15012.0;9;;;15002.0;0.0
1;2900;ASH_COATED_OSMIUM;9994;15;;;;;10012.0;11;;;;;10002.5;0.0
1;2900;INTARIAN_PEPPER_ROOT;14996;16;14993;12;;;15014.0;12;15017.0;9;;;15005.0;0.0
1;3000;ASH_COATED_OSMIUM;9994;15;9993;14;9991;27;10010.0;14;10012.0;14;10014.0;24;10002.5;0.0
1;3000;INTARIAN_PEPPER_ROOT;15008;10;;;;;15011.0;11;;;;;15010.0;0.0
1;3100;ASH_COATED_OSMIUM;9994;12;9993;12;;;10010.0;13;10011.0;15;;;10002.5;0.0
1;3100;INTARIAN_PEPPER_ROOT;14994;11;14992;11;;;15012.0;8;15014.0;22;;;15002.5;0.0
1;3200;ASH_COATED_OSMIUM;9993;13;9990;14;9988;15;10012.0;21;10013.0;13;10014.0;13;10002.5;0.0
1;3200;INTARIAN_PEPPER_ROOT;14996;9;14995;8;;;15010.0;11;15013.0;12;;;15003.5;0.0
1;3300;ASH_COATED_OSMIUM;9990;27;9989;15;;;10006.0;10;10007.0;15;;;9997.5;0.0
1;3300;INTARIAN_PEPPER_ROOT;14996;9;;;;;15010.0;10;;;;;15003.5;0.0
1;3400;ASH_COATED_OSMIUM;9994;11;;;;;10000.0;9;;;;;9997.5;0.0
1;3400;INTARIAN_PEPPER_ROOT;14996;10;14993;12;14992;11;15008.0;8;15009.0;11;15010.0;10;15002.0;0.0
1;3500;ASH_COATED_OSMIUM;9988;12;;;;;10007.0;22;;;;;9997.5;0.0
1;3500;INTARIAN_PEPPER_ROOT;14994;8;14992;8;;;15007.0;10;15010.0;8;;;15000.5;0.0
1;3600;ASH_COATED_OSMIUM;9994;28;9993;11;;;10010.0;12;10012.0;11;;;10002.5;0.0
1;3600;INTARIAN_PEPPER_ROOT;15000;9;;;;;15015.0;9;;;;;15007.0;0.0
1;3700;ASH_COATED_OSMIUM;9988;27;9985;22;;;10006.0;21;10007.0;14;;;9997.5;0.0
1;3700;INTARIAN_PEPPER_ROOT;14992;25;;;;;15009.0;11;;;;;15001.0;0.0
1;3800;ASH_COATED_OSMIUM;9990;14;9989;21;9986;14;10006.0;15;10008.0;12;10009.0;12;9997.5;0.0
1;3800;INTARIAN_PEPPER_ROOT;14998;9;;;;;15011.0;12;;;;;15004.5;0.0
1;3900;ASH_COATED_OSMIUM;9994;10;;;;;10010.0;14;;;;;10002.5;0.0
1;3900;INTARIAN_PEPPER_ROOT;14998;11;14996;10;;;15011.0;9;15014.0;8;;;15005.0;0.0
1;4000;ASH_COATED_OSMIUM;9990;13;9987;14;;;10006.0;4;10007.0;15;;;9997.5;0.0
1;4000;INTARIAN_PEPPER_ROOT;14994;9;;;;;15015.0;12;;;;;15004.0;0.0
1;4100;ASH_COATED_OSMIUM;9998;15;;;;;10008.0;15;;;;;10002.5;0.0
1;4100;INTARIAN_PEPPER_ROOT;14990;8;14989;23;;;15007.0;8;15010.0;8;;;14999.0;0.0
1;4200;ASH_COATED_OSMIUM;9990;14;9988;12;;;10006.0;14;10009.0;11;;;9997.5;0.0
1;4200;INTARIAN_PEPPER_ROOT;15000;8;14999;10;;;15013.0;12;15016.0;10;;;15007.0;0.0
1;4300;ASH_COATED_OSMIUM;9990;14;9989;14;9986;12;10006.0;12;10009.0;12;10010.0;14;9997.5;0.0
1;4300;INTARIAN_PEPPER_ROOT;14987;10;14985;12;;;15000.0;10;15001.0;9;;;14993.5;0.0
1;4400;ASH_COATED_OSMIUM;9990;11;9987;12;9985;13;10006.0;15;10007.0;10;10008.0;14;9997.5;0.0
1;4400;INTARIAN_PEPPER_ROOT;14998;10;14996;10;;;15012.0;10;15014.0;9;;;15005.0;0.0
1;4500;ASH_COATED_OSMIUM;9994;15;;;;;10010.0;14;;;;;10002.5;0.0
1;4500;INTARIAN_PEPPER_ROOT;14996;24;;;;;15010.0;11;;;;;15003.0;0.0
1;4600;ASH_COATED_OSMIUM;9994;13;9992;22;;;10010.0;14;10011.0;4;;;10002.5;0.0
1;4600;INTARIAN_PEPPER_ROOT;14998;11;14995;11;14993;11;15014.0;10;15017.0;8;15018.0;20;15006.5;0.0
1;4700;ASH_COATED_OSMIUM;9990;15;;;;;10006.0;25;;;;;9997.5;0.0
1;4700;INTARIAN_PEPPER_ROOT;15004;18;;;;;15007.0;9;;;;;15005.5;0.0
1;4800;ASH_COATED_OSMIUM;9994;11;9992;11;9989;13;10010.0;29;10013.0;10;10014.0;14;10002.5;0.0
1;4800;INTARIAN_PEPPER_ROOT;15000;9;;;;;15012.0;12;;;;;15006.5;0.0
1;4900;ASH_COATED_OSMIUM;9990;13;;;;;10006.0;22;;;;;9997.5;0.0
1;4900;INTARIAN_PEPPER_ROOT;14998;12;;;;;15016.0;9;;;;;15006.5;0.0
1;5000;ASH_COATED_OSMIUM;9994;12;9993;29;;;10010.0;15;10011.0;11;;;10002.5;0.0
1;5000;INTARIAN_PEPPER_ROOT;14998;11;14996;12;;;15013.0;9;15014.0;10;;;15005.5;0.0
1;5100;ASH_COATED_OSMIUM;9994;10;9992;14;;;10010.0;14;10013.0;5;;;10002.5;0.0
1;5100;INTARIAN_PEPPER_ROOT;14997;21;;;;;15011.0;8;;;;;15004.0;0.0
1;5200;ASH_COATED_OSMIUM;9990;14;9988;14;;;10006.0;14;10009.0;15;;;9997.5;0.0
1;5200;INTARIAN_PEPPER_ROOT;14998;10;14996;15;14995;10;15015.0;9;15017.0;12;15018.0;22;15006.5;0.0
1;5300;ASH_COATED_OSMIUM;9994;12;9993;21;;;10010.0;15;10013.0;22;;;10002.5;0.0
1;5300;INTARIAN_PEPPER_ROOT;14996;10;;;;;15009.0;10;;;;;15002.0;0.0
1;5400;ASH_COATED_OSMIUM;9990;24;9988;30;;;10006.0;10;10008.0;12;;;9997.5;0.0
1;5400;INTARIAN_PEPPER_ROOT;15004;11;15002;9;15001;10;15016.0;12;15017.0;22;15020.0;16;15010.0;0.0
1;5500;ASH_COATED_OSMIUM;9994;6;9991;27;;;10010.0;20;10012.0;13;;;10002.5;0.0
1;5500;INTARIAN_PEPPER_ROOT;14998;15;14995;10;;;15013.0;9;15014.0;16;;;15006.0;0.0
1;5600;ASH_COATED_OSMIUM;9994;12;;;;;10012.0;11;;;;;10002.5;0.0
1;5600;INTARIAN_PEPPER_ROOT;15003;8;15001;11;;;15016.0;12;15018.0;11;;;15009.5;0.0
1;5700;ASH_COATED_OSMIUM;9988;11;9987;11;;;10006.0;13;10008.0;23;;;9997.5;0.0
1;5700;INTARIAN_PEPPER_ROOT;14999;9;14998;9;;;15011.0;10;15014.0;15;;;15005.0;0.0
1;5800;ASH_COATED_OSMIUM;9993;11;9992;13;9991;15;10012.0;14;10013.0;12;10016.0;15;10002.5;0.0
1;5800;INTARIAN_PEPPER_ROOT;14998;11;;;;;15013.0;10;;;;;15005.0;0.0
1;5900;ASH_COATED_OSMIUM;9994;15;9992;21;9991;13;10012.0;12;10015.0;15;10017.0;29;10002.5;0.0
1;5900;INTARIAN_PEPPER_ROOT;15005;12;15002;10;14999;9;15019.0;10;15021.0;18;15022.0;12;15012.0;0.0
1;6000;ASH_COATED_OSMIUM;9994;12;;;;;10010.0;12;;;;;10002.5;0.0
1;6000;INTARIAN_PEPPER_ROOT;15001;8;14999;9;14997;8;15015.0;10;15017.0;11;15020.0;24;15008.0;0.0
1;6100;ASH_COATED_OSMIUM;9998;10;;;;;10008.0;28;;;;;10002.5;0.0
1;6100;INTARIAN_PEPPER_ROOT;14999;11;14996;10;;;15013.0;11;15016.0;11;;;15006.0;0.0
1;6200;ASH_COATED_OSMIUM;9997;10;9995;14;;;10008.0;14;10009.0;29;;;10002.5;0.0
1;6200;INTARIAN_PEPPER_ROOT;15000;11;;;;;15014.0;9;;;;;15007.5;0.0
1;6300;ASH_COATED_OSMIUM;9990;12;9987;10;;;10006.0;29;10007.0;12;;;9997.5;0.0
1;6300;INTARIAN_PEPPER_ROOT;14998;8;;;;;15011.0;8;;;;;15004.0;0.0
1;6400;ASH_COATED_OSMIUM;9992;15;9990;24;;;10002.0;26;10005.0;10;;;9997.5;0.0
1;6400;INTARIAN_PEPPER_ROOT;14994;21;14992;10;;;15011.0;24;15014.0;11;;;15002.0;0.0
1;6500;ASH_COATED_OSMIUM;9988;24;;;;;10006.0;10;;;;;9997.5;0.0
1;6500;INTARIAN_PEPPER_ROOT;14998;12;;;;;15012.0;11;;;;;15005.5;0.0
1;6600;ASH_COATED_OSMIUM;9994;2;9993;23;9990;30;10010.0;14;10013.0;11;10015.0;14;10002.5;0.0
1;6600;INTARIAN_PEPPER_ROOT;15004;11;15003;8;15002;10;15017.0;9;15019.0;9;15020.0;10;15011.0;0.0
1;6700;ASH_COATED_OSMIUM;9994;14;9992;13;;;10010.0;11;10012.0;15;;;10002.5;0.0
1;6700;INTARIAN_PEPPER_ROOT;15002;8;15000;12;;;15017.0;10;15018.0;8;;;15010.0;0.0
1;6800;ASH_COATED_OSMIUM;9993;10;;;;;10012.0;15;;;;;10002.5;0.0
1;6800;INTARIAN_PEPPER_ROOT;14998;12;14997;11;;;15012.0;12;15013.0;11;;;15004.5;0.0
1;6900;ASH_COATED_OSMIUM;9990;14;9987;14;9985;12;10006.0;10;10008.0;12;10010.0;26;9997.5;0.0
1;6900;INTARIAN_PEPPER_ROOT;14995;18;14992;9;14989;15;15012.0;4;15014.0;12;15015.0;23;15003.5;0.0
1;7000;ASH_COATED_OSMIUM;9990;14;;;;;10006.0;15;;;;;9997.5;0.0
1;7000;INTARIAN_PEPPER_ROOT;15000;12;;;;;15014.0;12;;;;;15006.5;0.0
1;7100;ASH_COATED_OSMIUM;9994;11;9991;12;;;10010.0;11;10012.0;11;;;10002.5;0.0
1;7100;INTARIAN_PEPPER_ROOT;14997;11;14995;12;;;15012.0;10;15015.0;12;;;15004.5;0.0
1;7200;ASH_COATED_OSMIUM;9994;14;;;;;10010.0;23;;;;;10002.5;0.0
1;7200;INTARIAN_PEPPER_ROOT;15000;12;14998;9;;;15015.0;12;15018.0;23;;;15008.0;0.0
1;7300;ASH_COATED_OSMIUM;9988;8;9987;13;;;10007.0;25;10008.0;12;;;9997.5;0.0
1;7300;INTARIAN_PEPPER_ROOT;15002;8;15001;10;;;15016.0;12;15017.0;8;;;15008.5;0.0
1;7400;ASH_COATED_OSMIUM;9990;12;;;;;10006.0;14;;;;;9997.5;0.0
1;7400;INTARIAN_PEPPER_ROOT;15002;17;15000;9;;;15015.0;8;15017.0;11;;;15008.5;0.0
1;7500;ASH_COATED_OSMIUM;9990;20;9987;10;9986;11;10006.0;13;10008.0;14;10010.0;14;9997.5;0.0
1;7500;INTARIAN_PEPPER_ROOT;14998;11;14996;25;14994;8;15014.0;8;15015.0;9;15018.0;10;15006.5;0.0
1;7600;ASH_COATED_OSMIUM;9994;10;;;;;10012.0;11;;;;;10002.5;0.0
1;7600;INTARIAN_PEPPER_ROOT;15003;8;15001;10;;;15016.0;8;15018.0;11;;;15009.5;0.0
1;7700;ASH_COATED_OSMIUM;10000;15;9999;12;;;10006.0;10;10009.0;29;;;10002.5;0.0
1;7700;INTARIAN_PEPPER_ROOT;14999;12;;;;;15012.0;16;;;;;15005.5;0.0
1;7800;ASH_COATED_OSMIUM;10000;29;9999;11;9998;29;10006.0;24;10009.0;15;10011.0;12;10002.5;0.0
1;7800;INTARIAN_PEPPER_ROOT;15004;9;15003;16;;;15019.0;11;15021.0;8;;;15011.5;0.0
1;7900;ASH_COATED_OSMIUM;9988;12;9985;10;9984;12;10007.0;11;10010.0;15;10012.0;20;9997.5;0.0
1;7900;INTARIAN_PEPPER_ROOT;15006;9;15005;12;15003;11;15009.0;6;15012.0;8;15013.0;22;15007.0;0.0
1;8000;ASH_COATED_OSMIUM;9990;13;9987;12;;;10006.0;12;10007.0;13;;;9997.5;0.0
1;8000;INTARIAN_PEPPER_ROOT;15002;8;15000;8;;;15015.0;10;15018.0;11;;;15009.0;0.0
1;8100;ASH_COATED_OSMIUM;9988;15;9987;10;9984;24;10006.0;12;10007.0;13;10010.0;12;9997.5;0.0
1;8100;INTARIAN_PEPPER_ROOT;15004;24;15002;12;;;15021.0;10;15023.0;9;;;15012.0;0.0
1;8200;ASH_COATED_OSMIUM;9994;11;;;;;10001.0;12;;;;;9997.5;0.0
1;8200;INTARIAN_PEPPER_ROOT;15002;11;15001;8;14999;9;15015.0;10;15016.0;10;15017.0;10;15008.5;0.0
1;8300;ASH_COATED_OSMIUM;9990;5;9987;11;;;10006.0;13;10007.0;15;;;9997.5;0.0
1;8300;INTARIAN_PEPPER_ROOT;15000;10;14999;23;;;15013.0;20;15014.0;11;;;15007.0;0.0
1;8400;ASH_COATED_OSMIUM;9993;14;;;;;10012.0;14;;;;;10002.5;0.0
1;8400;INTARIAN_PEPPER_ROOT;14999;21;14998;12;14995;12;15014.0;11;15015.0;16;15018.0;9;15006.5;0.0
1;8500;ASH_COATED_OSMIUM;9994;27;9993;25;;;10010.0;14;10013.0;13;;;10002.5;0.0
1;8500;INTARIAN_PEPPER_ROOT;15001;12;;;;;15016.0;12;;;;;15008.5;0.0
1;8600;ASH_COATED_OSMIUM;9994;13;;;;;10002.0;10;;;;;9997.5;0.0
1;8600;INTARIAN_PEPPER_ROOT;15001;8;;;;;15015.0;11;;;;;15008.0;0.0
1;8700;ASH_COATED_OSMIUM;9993;12;9991;12;;;10012.0;26;10013.0;13;;;10002.5;0.0
1;8700;INTARIAN_PEPPER_ROOT;15002;10;15001;12;;;15020.0;24;15021.0;11;;;15011.5;0.0
1;8800;ASH_COATED_OSMIUM;9990;10;9989;10;;;10006.0;12;10008.0;21;;;9997.5;0.0
1;8800;INTARIAN_PEPPER_ROOT;15004;12;;;;;15021.0;12;;;;;15012.0;0.0
1;8900;ASH_COATED_OSMIUM;9990;10;9987;24;;;10006.0;23;10008.0;15;;;9997.5;0.0
1;8900;INTARIAN_PEPPER_ROOT;15001;8;15000;9;14999;11;15014.0;24;15015.0;21;15017.0;12;15007.5;0.0
1;9000;ASH_COATED_OSMIUM;9994;14;;;;;10010.0;10;;;;;10002.5;0.0
1;9000;INTARIAN_PEPPER_ROOT;15001;8;15000;9;;;15015.0;9;15017.0;9;;;15008.0;0.0
1;9100;ASH_COATED_OSMIUM;9994;11;9992;14;;;10010.0;10;10012.0;10;;;10002.5;0.0
1;9100;INTARIAN_PEPPER_ROOT;15004;10;;;;;15018.0;10;;;;;15011.0;0.0
1;9200;ASH_COATED_OSMIUM;9994;12;;;;;10012.0;11;;;;;10002.5;0.0
1;9200;INTARIAN_PEPPER_ROOT;15001;23;14999;12;14996;16;15016.0;10;15017.0;9;15019.0;8;15008.5;0.0
1;9300;ASH_COATED_OSMIUM;9994;15;9992;13;;;10010.0;10;10013.0;12;;;10002.5;0.0
1;9300;INTARIAN_PEPPER_ROOT;15002;10;;;;;15020.0;8;;;;;15011.0;0.0
1;9400;ASH_COATED_OSMIUM;9988;12;;;;;10007.0;13;;;;;9997.5;0.0
1;9400;INTARIAN_PEPPER_ROOT;15008;12;15007;12;;;15011.0;10;15013.0;12;;;15010.0;0.0
1;9500;ASH_COATED_OSMIUM;9994;14;;;;;10012.0;13;;;;;10002.5;0.0
1;9500;INTARIAN_PEPPER_ROOT;15000;12;;;;;15013.0;12;;;;;15007.0;0.0
1;9600;ASH_COATED_OSMIUM;9992;5;;;;;10002.0;12;;;;;9997.5;0.0
1;9600;INTARIAN_PEPPER_ROOT;15000;8;14999;9;;;15015.0;20;15016.0;20;;;15007.5;0.0
1;9700;ASH_COATED_OSMIUM;9988;10;9987;12;9984;12;10007.0;14;10010.0;13;10012.0;10;9997.5;0.0
1;9700;INTARIAN_PEPPER_ROOT;15004;12;15002;10;;;15017.0;11;15019.0;12;;;15011.0;0.0
1;9800;ASH_COATED_OSMIUM;9990;27;9987;14;9984;14;10006.0;11;10009.0;28;10012.0;13;9997.5;0.0
1;9800;INTARIAN_PEPPER_ROOT;15006;11;;;;;15019.0;9;;;;;15012.0;0.0
1;9900;ASH_COATED_OSMIUM;9990;15;9987;12;9984;23;10006.0;20;10009.0;15;10010.0;11;9997.5;0.0
1;9900;INTARIAN_PEPPER_ROOT;15000;9;14997;9;;;15013.0;9;15014.0;11;;;15007.0;0.0
1;10000;ASH_COATED_OSMIUM;10000;5;;;;;10006.0;13;;;;;10002.5;0.0
1;10000;INTARIAN_PEPPER_ROOT;15002;12;15000;9;14997;8;15016.0;11;15017.0;12;15020.0;11;15009.5;0.0
1;10100;ASH_COATED_OSMIUM;9994;15;;;;;10010.0;10;;;;;10002.5;0.0
1;10100;INTARIAN_PEPPER_ROOT;15000;8;;;;;15016.0;11;;;;;15008.0;0.0
1;10200;ASH_COATED_OSMIUM;9993;15;9991;11;;;10012.0;13;10015.0;13;;;10002.5;0.0
1;10200;INTARIAN_PEPPER_ROOT;15000;12;14997;11;14994;8;15014.0;11;15015.0;12;15018.0;8;15007.0;0.0
1;10300;ASH_COATED_OSMIUM;9996;10;9993;15;9990;11;10008.0;10;10009.0;15;10011.0;14;10002.5;0.0
1;10300;INTARIAN_PEPPER_ROOT;15006;11;15003;10;;;15015.0;8;15016.0;8;;;15011.0;0.0
1;10400;ASH_COATED_OSMIUM;9994;10;9992;11;;;10012.0;12;10014.0;28;;;10002.5;0.0
1;10400;INTARIAN_PEPPER_ROOT;15010;8;15009;17;15007;10;15013.0;21;15015.0;11;15017.0;16;15011.0;0.0
1;10500;ASH_COATED_OSMIUM;9998;21;9996;12;9994;12;10007.0;14;10010.0;12;10013.0;11;10002.5;0.0
1;10500;INTARIAN_PEPPER_ROOT;15003;12;15000;8;;;15021.0;10;15023.0;10;;;15012.0;0.0
1;10600;ASH_COATED_OSMIUM;9994;10;9991;12;;;10010.0;11;10011.0;15;;;10002.5;0.0
1;10600;INTARIAN_PEPPER_ROOT;15004;24;15003;8;;;15016.0;11;15019.0;8;;;15009.5;0.0
1;10700;ASH_COATED_OSMIUM;9990;11;9987;13;;;10006.0;11;10007.0;12;;;9997.5;0.0
1;10700;INTARIAN_PEPPER_ROOT;14991;23;14988;8;14986;10;15010.0;12;15012.0;10;15014.0;8;15000.5;0.0
1;10800;ASH_COATED_OSMIUM;9990;13;;;;;10006.0;13;;;;;9997.5;0.0
1;10800;INTARIAN_PEPPER_ROOT;15006;8;15003;9;;;15021.0;11;15022.0;11;;;15013.5;0.0
1;10900;ASH_COATED_OSMIUM;9990;15;9989;30;;;10006.0;15;10007.0;10;;;9997.5;0.0
1;10900;INTARIAN_PEPPER_ROOT;15003;19;15002;12;;;15017.0;10;15020.0;11;;;15010.0;0.0
1;11000;ASH_COATED_OSMIUM;9994;13;9991;12;;;10012.0;11;10013.0;15;;;10002.5;0.0
1;11000;INTARIAN_PEPPER_ROOT;15006;12;;;;;15019.0;10;;;;;15012.0;0.0
1;11100;ASH_COATED_OSMIUM;9994;5;9991;22;;;10010.0;13;10011.0;10;;;10002.5;0.0
1;11100;INTARIAN_PEPPER_ROOT;15004;9;;;;;15019.0;17;;;;;15011.0;0.0
1;11200;ASH_COATED_OSMIUM;9994;12;;;;;10010.0;14;;;;;10002.5;0.0
1;11200;INTARIAN_PEPPER_ROOT;15004;8;15002;10;;;15020.0;8;15022.0;11;;;15012.5;0.0
1;11300;ASH_COATED_OSMIUM;9994;15;9993;27;;;10010.0;12;10013.0;12;;;10002.5;0.0
1;11300;INTARIAN_PEPPER_ROOT;15004;10;15003;8;;;15018.0;9;15019.0;11;;;15010.5;0.0
1;11400;ASH_COATED_OSMIUM;9990;11;;;;;10006.0;12;;;;;9997.5;0.0
1;11400;INTARIAN_PEPPER_ROOT;15014;8;;;;;15017.0;20;;;;;15015.0;0.0
1;11500;ASH_COATED_OSMIUM;9994;10;;;;;10010.0;13;;;;;10002.5;0.0
1;11500;INTARIAN_PEPPER_ROOT;15000;23;14997;11;14994;11;15019.0;8;15022.0;11;15023.0;8;15009.5;0.0
1;11600;ASH_COATED_OSMIUM;9993;12;;;;;10012.0;28;;;;;10002.5;0.0
1;11600;INTARIAN_PEPPER_ROOT;15007;11;15006;9;;;15020.0;9;15023.0;12;;;15013.5;0.0
1;11700;ASH_COATED_OSMIUM;9990;30;9987;11;;;10006.0;10;10007.0;14;;;9997.5;0.0
1;11700;INTARIAN_PEPPER_ROOT;15006;10;15005;11;15004;11;15019.0;12;15020.0;12;15022.0;8;15012.0;0.0
1;11800;ASH_COATED_OSMIUM;9990;14;9988;24;;;10006.0;11;10007.0;10;;;9997.5;0.0
1;11800;INTARIAN_PEPPER_ROOT;15008;10;15006;11;15003;10;15021.0;10;15024.0;11;15026.0;12;15014.0;0.0
1;11900;ASH_COATED_OSMIUM;9994;11;;;;;10010.0;15;;;;;10002.5;0.0
1;11900;INTARIAN_PEPPER_ROOT;15004;12;15002;12;15000;10;15020.0;12;15023.0;24;15025.0;10;15012.5;0.0
1;12000;ASH_COATED_OSMIUM;9994;12;9991;13;;;10010.0;11;10011.0;10;;;10002.5;0.0
1;12000;INTARIAN_PEPPER_ROOT;15007;11;;;;;15020.0;8;;;;;15013.5;0.0
1;12100;ASH_COATED_OSMIUM;9994;11;9991;2;9990;11;10012.0;15;10014.0;11;10015.0;11;10002.5;0.0
1;12100;INTARIAN_PEPPER_ROOT;15008;9;;;;;15022.0;9;;;;;15015.5;0.0
1;12200;ASH_COATED_OSMIUM;9990;12;9988;11;;;10006.0;11;10008.0;13;;;9997.5;0.0
1;12200;INTARIAN_PEPPER_ROOT;14998;10;;;;;15012.0;11;;;;;15005.0;0.0
1;12300;ASH_COATED_OSMIUM;9990;4;;;;;10006.0;12;;;;;9997.5;0.0
1;12300;INTARIAN_PEPPER_ROOT;15005;11;15002;12;15000;15;15022.0;11;15023.0;10;15026.0;22;15013.5;0.0
1;12400;ASH_COATED_OSMIUM;9990;11;9989;28;;;10006.0;21;10009.0;13;;;9997.5;0.0
1;12400;INTARIAN_PEPPER_ROOT;15004;10;;;;;15022.0;12;;;;;15013.5;0.0
1;12500;ASH_COATED_OSMIUM;9994;28;;;;;10010.0;13;;;;;10002.5;0.0
1;12500;INTARIAN_PEPPER_ROOT;15008;19;15005;17;15002;12;15022.0;11;15023.0;8;15024.0;11;15015.0;0.0
1;12600;ASH_COATED_OSMIUM;9994;27;;;;;10012.0;11;;;;;10002.5;0.0
1;12600;INTARIAN_PEPPER_ROOT;15008;10;15007;12;15006;10;15020.0;10;15023.0;9;15026.0;11;15014.0;0.0
1;12700;ASH_COATED_OSMIUM;9990;10;9989;14;9988;10;10006.0;14;10009.0;30;10010.0;30;9997.5;0.0
1;12700;INTARIAN_PEPPER_ROOT;15008;12;15007;16;15004;11;15026.0;12;15029.0;10;15030.0;11;15017.5;0.0
1;12800;ASH_COATED_OSMIUM;9994;12;9992;2;9991;13;10010.0;15;10011.0;13;10014.0;15;10002.5;0.0
1;12800;INTARIAN_PEPPER_ROOT;15007;8;;;;;15019.0;11;;;;;15013.0;0.0
1;12900;ASH_COATED_OSMIUM;9990;15;;;;;10006.0;11;;;;;9997.5;0.0
1;12900;INTARIAN_PEPPER_ROOT;15005;21;15003;10;;;15021.0;8;15022.0;10;;;15013.0;0.0
1;13000;ASH_COATED_OSMIUM;9990;10;9988;12;;;10006.0;15;10007.0;15;;;9997.5;0.0
1;13000;INTARIAN_PEPPER_ROOT;15005;15;15004;11;;;15018.0;11;15020.0;12;;;15011.5;0.0
1;13100;ASH_COATED_OSMIUM;9990;22;9987;14;9986;12;10006.0;15;10009.0;14;10011.0;11;9997.5;0.0
1;13100;INTARIAN_PEPPER_ROOT;15002;10;14999;11;14996;11;15012.0;9;15015.0;10;15017.0;22;15007.5;0.0
1;13200;ASH_COATED_OSMIUM;9994;14;9992;14;;;10010.0;12;10013.0;13;;;10002.5;0.0
1;13200;INTARIAN_PEPPER_ROOT;15004;9;;;;;15023.0;12;;;;;15014.0;0.0
1;13300;ASH_COATED_OSMIUM;9994;21;9993;12;;;10010.0;5;10013.0;14;;;10002.5;0.0
1;13300;INTARIAN_PEPPER_ROOT;15008;12;;;;;15020.0;10;;;;;15014.5;0.0
1;13400;ASH_COATED_OSMIUM;9990;13;9987;22;;;10006.0;14;10008.0;14;;;9997.5;0.0
1;13400;INTARIAN_PEPPER_ROOT;15004;8;15002;9;15000;12;15019.0;22;15022.0;12;15024.0;8;15011.0;0.0
1;13500;ASH_COATED_OSMIUM;9993;15;9990;12;9989;14;10012.0;21;10014.0;14;10016.0;11;10002.5;0.0
1;13500;INTARIAN_PEPPER_ROOT;15006;15;15005;12;;;15021.0;10;15023.0;12;;;15014.0;0.0
1;13600;ASH_COATED_OSMIUM;9994;15;9991;26;9989;30;10010.0;26;10011.0;12;10014.0;21;10002.5;0.0
1;13600;INTARIAN_PEPPER_ROOT;15006;10;;;;;15023.0;9;;;;;15015.0;0.0
1;13700;ASH_COATED_OSMIUM;10000;14;9999;21;;;10006.0;21;10009.0;15;;;10002.5;0.0
1;13700;INTARIAN_PEPPER_ROOT;15004;12;;;;;15020.0;9;;;;;15011.5;0.0
1;13800;ASH_COATED_OSMIUM;9988;10;;;;;10007.0;12;;;;;9997.5;0.0
1;13800;INTARIAN_PEPPER_ROOT;15006;11;;;;;15018.0;11;;;;;15012.5;0.0
1;13900;ASH_COATED_OSMIUM;9994;15;;;;;10012.0;14;;;;;10002.5;0.0
1;13900;INTARIAN_PEPPER_ROOT;15006;9;;;;;15020.0;9;;;;;15013.0;0.0
1;14000;ASH_COATED_OSMIUM;9994;14;9993;5;;;10010.0;12;10011.0;14;;;10002.5;0.0
1;14000;INTARIAN_PEPPER_ROOT;15009;10;15007;9;;;15023.0;9;15026.0;12;;;15016.0;0.0
1;14100;ASH_COATED_OSMIUM;9990;13;;;;;10006.0;13;;;;;9997.5;0.0
1;14100;INTARIAN_PEPPER_ROOT;15006;8;15005;8;15002;11;15018.0;8;15021.0;11;15024.0;8;15012.5;0.0
1;14200;ASH_COATED_OSMIUM;9994;12;9993;12;;;10010.0;13;10012.0;11;;;10002.5;0.0
1;14200;INTARIAN_PEPPER_ROOT;15012;10;15010;10;;;15029.0;12;15031.0;24;;;15020.5;0.0
1;14300;ASH_COATED_OSMIUM;9990;14;9987;10;;;10006.0;13;10008.0;13;;;9997.5;0.0
1;14300;INTARIAN_PEPPER_ROOT;15006;12;15004;12;;;15019.0;8;15021.0;8;;;15012.0;0.0
1;14400;ASH_COATED_OSMIUM;9990;10;9988;12;;;10006.0;13;10007.0;12;;;9997.5;0.0
1;14400;INTARIAN_PEPPER_ROOT;15004;9;;;;;15017.0;8;;;;;15010.0;0.0
1;14500;ASH_COATED_OSMIUM;9988;12;9985;13;;;10007.0;22;10010.0;15;;;9997.5;0.0
1;14500;INTARIAN_PEPPER_ROOT;15006;12;15003;10;15002;8;15025.0;8;15027.0;12;15028.0;25;15015.0;0.0
1;14600;ASH_COATED_OSMIUM;9994;3;9992;12;;;10000.0;11;10001.0;10;;;9997.5;0.0
1;14600;INTARIAN_PEPPER_ROOT;15008;10;15005;9;15004;10;15023.0;11;15025.0;8;15028.0;9;15015.0;0.0
1;14700;ASH_COATED_OSMIUM;9993;11;9991;21;9989;13;10012.0;13;10015.0;12;10017.0;24;10002.5;0.0
1;14700;INTARIAN_PEPPER_ROOT;15008;18;15005;10;;;15020.0;10;15023.0;8;;;15013.5;0.0
1;14800;ASH_COATED_OSMIUM;9990;14;;;;;10006.0;13;;;;;9997.5;0.0
1;14800;INTARIAN_PEPPER_ROOT;15010;11;15008;9;;;15023.0;12;15026.0;10;;;15016.0;0.0
1;14900;ASH_COATED_OSMIUM;9988;11;;;;;10006.0;14;;;;;9997.5;0.0
1;14900;INTARIAN_PEPPER_ROOT;15010;8;;;;;15022.0;8;;;;;15015.5;0.0
1;15000;ASH_COATED_OSMIUM;9988;26;9987;11;;;10007.0;15;10009.0;11;;;9997.5;0.0
1;15000;INTARIAN_PEPPER_ROOT;15004;18;;;;;15020.0;11;;;;;15012.5;0.0
1;15100;ASH_COATED_OSMIUM;9990;4;9987;12;9984;12;10006.0;11;10007.0;14;10008.0;10;9997.5;0.0
1;15100;INTARIAN_PEPPER_ROOT;15006;9;;;;;15020.0;10;;;;;15012.5;0.0
1;15200;ASH_COATED_OSMIUM;9994;12;9991;30;;;10012.0;14;10014.0;25;;;10002.5;0.0
1;15200;INTARIAN_PEPPER_ROOT;15006;8;15005;25;;;15024.0;12;15025.0;11;;;15015.5;0.0
1;15300;ASH_COATED_OSMIUM;9994;12;9992;11;9989;15;10010.0;4;10013.0;12;10014.0;15;10002.5;0.0
1;15300;INTARIAN_PEPPER_ROOT;15006;9;15004;11;15002;10;15025.0;11;15026.0;8;15029.0;9;15015.5;0.0
1;15400;ASH_COATED_OSMIUM;9994;10;;;;;10010.0;14;;;;;10002.5;0.0
1;15400;INTARIAN_PEPPER_ROOT;15008;12;15006;10;;;15022.0;11;15023.0;8;;;15015.0;0.0
1;15500;ASH_COATED_OSMIUM;9990;20;;;;;10006.0;14;;;;;9997.5;0.0
1;15500;INTARIAN_PEPPER_ROOT;15012;11;;;;;15025.0;9;;;;;15018.5;0.0
1;15600;ASH_COATED_OSMIUM;9994;15;9993;10;;;10010.0;12;10013.0;11;;;10002.5;0.0
1;15600;INTARIAN_PEPPER_ROOT;15004;10;;;;;15022.0;17;;;;;15013.0;0.0
1;15700;ASH_COATED_OSMIUM;9988;14;9985;12;;;10006.0;14;10008.0;15;;;9997.5;0.0
1;15700;INTARIAN_PEPPER_ROOT;15014;9;;;;;15023.0;16;;;;;15018.5;0.0
1;15800;ASH_COATED_OSMIUM;9994;13;;;;;10010.0;12;;;;;10002.5;0.0
1;15800;INTARIAN_PEPPER_ROOT;15007;8;15005;8;15003;16;15024.0;12;15025.0;10;15027.0;12;15015.5;0.0
1;15900;ASH_COATED_OSMIUM;9993;11;9991;11;9989;11;10012.0;15;10014.0;2;10017.0;15;10002.5;0.0
1;15900;INTARIAN_PEPPER_ROOT;15006;8;;;;;15022.0;11;;;;;15014.5;0.0
1;16000;ASH_COATED_OSMIUM;9994;14;9992;14;;;10010.0;25;10012.0;10;;;10002.5;0.0
1;16000;INTARIAN_PEPPER_ROOT;15009;12;15006;9;15004;11;15022.0;12;15024.0;9;15025.0;12;15015.5;0.0
1;16100;ASH_COATED_OSMIUM;9993;11;9990;20;;;10012.0;28;10014.0;13;;;10002.5;0.0
1;16100;INTARIAN_PEPPER_ROOT;15006;18;;;;;15019.0;12;;;;;15013.0;0.0
1;16200;ASH_COATED_OSMIUM;9994;13;9992;10;;;10010.0;30;10011.0;10;;;10002.5;0.0
1;16200;INTARIAN_PEPPER_ROOT;15010;8;;;;;15024.0;11;;;;;15017.5;0.0
1;16300;ASH_COATED_OSMIUM;9993;28;9992;11;;;10012.0;23;10015.0;2;;;10002.5;0.0
1;16300;INTARIAN_PEPPER_ROOT;15006;9;;;;;15019.0;10;;;;;15013.0;0.0
1;16400;ASH_COATED_OSMIUM;9994;11;9993;11;9992;11;10010.0;10;10012.0;15;10015.0;30;10002.5;0.0
1;16400;INTARIAN_PEPPER_ROOT;15010;10;15009;11;15006;9;15024.0;11;15025.0;8;15026.0;12;15017.5;0.0
1;16500;ASH_COATED_OSMIUM;9988;14;9985;26;;;10006.0;12;10008.0;11;;;9997.5;0.0
1;16500;INTARIAN_PEPPER_ROOT;15009;9;15006;7;;;15021.0;12;15022.0;9;;;15015.0;0.0
1;16600;ASH_COATED_OSMIUM;9990;15;9989;14;9988;14;10006.0;24;10009.0;14;10012.0;10;9997.5;0.0
1;16600;INTARIAN_PEPPER_ROOT;15008;10;;;;;15026.0;17;;;;;15016.5;0.0
1;16700;ASH_COATED_OSMIUM;9992;14;;;;;10003.0;23;;;;;9997.5;0.0
1;16700;INTARIAN_PEPPER_ROOT;15011;9;15009;10;;;15025.0;9;15027.0;22;;;15018.0;0.0
1;16800;ASH_COATED_OSMIUM;9990;15;9987;10;9986;14;10006.0;10;10007.0;15;10008.0;12;9997.5;0.0
1;16800;INTARIAN_PEPPER_ROOT;15022;10;15020;11;;;15025.0;22;15028.0;11;;;15024.0;0.0
1;16900;ASH_COATED_OSMIUM;9994;13;9991;10;;;10012.0;2;10013.0;12;;;10002.5;0.0
1;16900;INTARIAN_PEPPER_ROOT;15012;12;15011;11;;;15024.0;8;15025.0;8;;;15018.0;0.0
1;17000;ASH_COATED_OSMIUM;9990;14;;;;;10006.0;14;;;;;9997.5;0.0
1;17000;INTARIAN_PEPPER_ROOT;15013;9;15012;8;;;15024.0;10;15027.0;11;;;15018.5;0.0
1;17100;ASH_COATED_OSMIUM;9988;10;9985;10;;;10007.0;12;10010.0;27;;;9997.5;0.0
1;17100;INTARIAN_PEPPER_ROOT;15010;12;;;;;15022.0;12;;;;;15016.5;0.0
1;17200;ASH_COATED_OSMIUM;9994;10;9992;13;9991;14;10012.0;25;10015.0;12;10017.0;12;10002.5;0.0
1;17200;INTARIAN_PEPPER_ROOT;15010;12;;;;;15028.0;12;;;;;15018.5;0.0
1;17300;ASH_COATED_OSMIUM;9994;11;9992;21;;;10010.0;14;10012.0;12;;;10002.5;0.0
1;17300;INTARIAN_PEPPER_ROOT;15012;11;15010;21;;;15025.0;8;15028.0;10;;;15018.5;0.0
1;17400;ASH_COATED_OSMIUM;9994;10;9992;21;;;10010.0;12;10011.0;10;;;10002.5;0.0
1;17400;INTARIAN_PEPPER_ROOT;15010;23;15008;21;;;15022.0;9;15023.0;8;;;15016.5;0.0
1;17500;ASH_COATED_OSMIUM;9990;14;;;;;10006.0;14;;;;;9997.5;0.0
1;17500;INTARIAN_PEPPER_ROOT;15010;5;15007;10;;;15026.0;10;15028.0;11;;;15017.5;0.0
1;17600;ASH_COATED_OSMIUM;9994;15;9991;13;9990;26;10010.0;11;10013.0;22;10014.0;13;10002.5;0.0
1;17600;INTARIAN_PEPPER_ROOT;15010;11;;;;;15028.0;22;;;;;15019.0;0.0
1;17700;ASH_COATED_OSMIUM;9994;10;;;;;10012.0;13;;;;;10002.5;0.0
1;17700;INTARIAN_PEPPER_ROOT;15017;10;;;;;15035.0;12;;;;;15026.0;0.0
1;17800;ASH_COATED_OSMIUM;9990;12;9988;11;;;10006.0;12;10007.0;10;;;9997.5;0.0
1;17800;INTARIAN_PEPPER_ROOT;15010;8;;;;;15023.0;11;;;;;15017.0;0.0
1;17900;ASH_COATED_OSMIUM;9988;25;;;;;10006.0;22;;;;;9997.5;0.0
1;17900;INTARIAN_PEPPER_ROOT;15014;8;;;;;15028.0;12;;;;;15020.5;0.0
1;18000;ASH_COATED_OSMIUM;9997;10;9995;12;;;10008.0;14;10010.0;12;;;10002.5;0.0
1;18000;INTARIAN_PEPPER_ROOT;15013;10;15012;9;;;15021.0;10;15024.0;22;;;15017.0;0.0
1;18100;ASH_COATED_OSMIUM;9990;13;9987;11;;;10006.0;21;10008.0;11;;;9997.5;0.0
1;18100;INTARIAN_PEPPER_ROOT;15008;10;15006;11;15003;12;15021.0;8;15022.0;11;15023.0;24;15014.5;0.0
1;18200;ASH_COATED_OSMIUM;9994;10;;;;;10012.0;11;;;;;10002.5;0.0
1;18200;INTARIAN_PEPPER_ROOT;15008;11;15007;12;;;15021.0;17;15023.0;10;;;15014.5;0.0
1;18300;ASH_COATED_OSMIUM;9994;24;;;;;10010.0;21;;;;;10002.5;0.0
1;18300;INTARIAN_PEPPER_ROOT;15013;9;15010;9;15009;11;15025.0;12;15028.0;10;15029.0;10;15019.0;0.0
1;18400;ASH_COATED_OSMIUM;9988;13;9986;13;;;10006.0;4;10008.0;10;;;9997.5;0.0
1;18400;INTARIAN_PEPPER_ROOT;15012;12;15009;25;;;15025.0;12;15026.0;10;;;15019.0;0.0
1;18500;ASH_COATED_OSMIUM;9988;10;9987;13;;;10006.0;15;10007.0;10;;;9997.5;0.0
1;18500;INTARIAN_PEPPER_ROOT;15004;11;15003;11;;;15018.0;9;15021.0;23;;;15011.5;0.0
1;18600;ASH_COATED_OSMIUM;9994;26;9991;13;;;10010.0;15;10012.0;10;;;10002.5;0.0
1;18600;INTARIAN_PEPPER_ROOT;15018;8;15017;8;;;15032.0;8;15034.0;11;;;15024.5;0.0
1;18700;ASH_COATED_OSMIUM;9990;28;9989;20;;;10006.0;13;10007.0;20;;;9997.5;0.0
1;18700;INTARIAN_PEPPER_ROOT;15010;12;15007;11;15006;23;15031.0;11;15033.0;10;15036.0;17;15020.0;0.0
1;18800;ASH_COATED_OSMIUM;9994;15;9992;13;9989;12;10010.0;11;10013.0;14;10014.0;11;10002.5;0.0
1;18800;INTARIAN_PEPPER_ROOT;15014;9;15011;8;;;15026.0;10;15029.0;12;;;15019.5;0.0
1;18900;ASH_COATED_OSMIUM;9992;15;;;;;10003.0;12;;;;;9997.5;0.0
1;18900;INTARIAN_PEPPER_ROOT;15010;8;15009;11;;;15028.0;9;15029.0;11;;;15019.5;0.0
1;19000;ASH_COATED_OSMIUM;9990;15;9988;20;;;10006.0;11;10009.0;15;;;9997.5;0.0
1;19000;INTARIAN_PEPPER_ROOT;15012;10;15010;12;15007;12;15024.0;11;15025.0;8;15027.0;10;15017.5;0.0
1;19100;ASH_COATED_OSMIUM;9988;13;9987;14;;;10006.0;14;10008.0;10;;;9997.5;0.0
1;19100;INTARIAN_PEPPER_ROOT;15014;5;15011;10;15009;9;15031.0;23;15034.0;12;15037.0;10;15022.0;0.0
1;19200;ASH_COATED_OSMIUM;9990;13;9989;11;9986;13;10006.0;13;10009.0;5;10010.0;10;9997.5;0.0
1;19200;INTARIAN_PEPPER_ROOT;15012;15;;;;;15026.0;23;;;;;15019.5;0.0
1;19300;ASH_COATED_OSMIUM;9994;28;9993;13;;;10010.0;13;10013.0;14;;;10002.5;0.0
1;19300;INTARIAN_PEPPER_ROOT;15016;9;;;;;15030.0;11;;;;;15022.5;0.0
1;19400;ASH_COATED_OSMIUM;9990;22;9989;6;;;10006.0;13;10009.0;11;;;9997.5;0.0
1;19400;INTARIAN_PEPPER_ROOT;15012;10;;;;;15026.0;11;;;;;15019.0;0.0
1;19500;ASH_COATED_OSMIUM;9994;14;9991;10;;;10010.0;11;10013.0;13;;;10002.5;0.0
1;19500;INTARIAN_PEPPER_ROOT;15013;9;15012;12;15009;11;15026.0;10;15029.0;11;15031.0;12;15019.5;0.0
1;19600;ASH_COATED_OSMIUM;9994;15;9991;14;;;10002.0;11;10003.0;12;;;9997.5;0.0
1;19600;INTARIAN_PEPPER_ROOT;15012;9;15010;8;15008;9;15026.0;11;15027.0;11;15029.0;8;15019.5;0.0
1;19700;ASH_COATED_OSMIUM;9990;14;9987;12;;;10006.0;14;10009.0;12;;;9997.5;0.0
1;19700;INTARIAN_PEPPER_ROOT;15014;8;15012;12;;;15027.0;8;15030.0;11;;;15021.0;0.0
1;19800;ASH_COATED_OSMIUM;9994;10;9992;26;9991;5;10000.0;13;10001.0;14;10002.0;14;9997.5;0.0
1;19800;INTARIAN_PEPPER_ROOT;15014;10;15013;25;;;15028.0;12;15031.0;10;;;15021.5;0.0
1;19900;ASH_COATED_OSMIUM;9990;20;9987;15;;;10006.0;14;10009.0;13;;;9997.5;0.0
1;19900;INTARIAN_PEPPER_ROOT;15015;8;15014;11;15012;12;15018.0;12;15019.0;8;15021.0;17;15016.5;0.0
1;20000;ASH_COATED_OSMIUM;9994;13;;;;;10010.0;15;;;;;10002.5;0.0
1;20000;INTARIAN_PEPPER_ROOT;15012;11;15011;18;;;15025.0;11;15028.0;11;;;15018.5;0.0
1;20100;ASH_COATED_OSMIUM;9998;11;9996;15;;;10008.0;11;10010.0;12;;;10002.5;0.0
1;20100;INTARIAN_PEPPER_ROOT;15016;16;;;;;15021.0;15;;;;;15019.0;0.0
1;20200;ASH_COATED_OSMIUM;9988;11;9986;14;;;10006.0;26;10008.0;12;;;9997.5;0.0
1;20200;INTARIAN_PEPPER_ROOT;15012;12;15011;12;;;15027.0;18;15028.0;24;;;15019.0;0.0
1;20300;ASH_COATED_OSMIUM;9990;29;9988;11;9986;11;10006.0;10;10009.0;20;10010.0;13;9997.5;0.0
1;20300;INTARIAN_PEPPER_ROOT;15012;8;15009;23;15006;8;15025.0;9;15026.0;12;15027.0;10;15018.5;0.0
1;20400;ASH_COATED_OSMIUM;9994;7;;;;;10010.0;11;;;;;10002.5;0.0
1;20400;INTARIAN_PEPPER_ROOT;15008;11;15006;10;15003;9;15022.0;8;15025.0;9;15026.0;8;15014.5;0.0
1;20500;ASH_COATED_OSMIUM;9988;13;9987;11;;;10006.0;12;10007.0;15;;;9997.5;0.0
1;20500;INTARIAN_PEPPER_ROOT;15014;21;15013;19;15010;16;15028.0;3;15031.0;19;15034.0;8;15020.5;0.0
1;20600;ASH_COATED_OSMIUM;9988;15;;;;;10007.0;2;;;;;9997.5;0.0
1;20600;INTARIAN_PEPPER_ROOT;15016;9;15014;11;;;15029.0;11;15030.0;12;;;15022.0;0.0
1;20700;ASH_COATED_OSMIUM;9988;15;9986;13;9984;12;10006.0;5;10009.0;11;10010.0;12;9997.5;0.0
1;20700;INTARIAN_PEPPER_ROOT;15010;8;15008;11;15007;12;15028.0;25;15031.0;9;15034.0;10;15018.5;0.0
1;20800;ASH_COATED_OSMIUM;9994;11;9991;11;9990;13;10010.0;13;10013.0;13;10016.0;10;10002.5;0.0
1;20800;INTARIAN_PEPPER_ROOT;15022;9;;;;;15025.0;10;;;;;15024.0;0.0
1;20900;ASH_COATED_OSMIUM;9990;15;9988;15;;;10006.0;15;10008.0;10;;;9997.5;0.0
1;20900;INTARIAN_PEPPER_ROOT;15013;12;15012;8;;;15027.0;8;15029.0;10;;;15020.0;0.0
1;21000;ASH_COATED_OSMIUM;9990;15;;;;;10006.0;15;;;;;9997.5;0.0
1;21000;INTARIAN_PEPPER_ROOT;15014;16;15012;12;;;15027.0;12;15028.0;11;;;15020.5;0.0
1;21100;ASH_COATED_OSMIUM;9990;22;9989;13;9987;14;10006.0;10;10008.0;12;10011.0;15;9997.5;0.0
1;21100;INTARIAN_PEPPER_ROOT;15014;12;15011;20;;;15028.0;11;15030.0;24;;;15020.5;0.0
1;21200;ASH_COATED_OSMIUM;9994;10;9993;10;;;10010.0;10;10013.0;10;;;10002.5;0.0
1;21200;INTARIAN_PEPPER_ROOT;15015;12;15013;10;15012;11;15028.0;9;15029.0;12;15030.0;8;15021.5;0.0
1;21300;ASH_COATED_OSMIUM;9994;15;9992;10;;;10010.0;22;10013.0;12;;;10002.5;0.0
1;21300;INTARIAN_PEPPER_ROOT;15016;11;15013;8;;;15029.0;10;15031.0;20;;;15022.0;0.0
1;21400;ASH_COATED_OSMIUM;9990;15;;;;;10006.0;12;;;;;9997.5;0.0
1;21400;INTARIAN_PEPPER_ROOT;15018;11;15015;20;;;15030.0;11;15031.0;12;;;15023.5;0.0
1;21500;ASH_COATED_OSMIUM;9990;15;;;;;10006.0;14;;;;;9997.5;0.0
1;21500;INTARIAN_PEPPER_ROOT;15010;11;;;;;15024.0;10;;;;;15016.5;0.0
1;21600;ASH_COATED_OSMIUM;9992;10;9991;14;;;10002.0;11;10005.0;13;;;9997.5;0.0
1;21600;INTARIAN_PEPPER_ROOT;15018;10;15015;12;;;15031.0;10;15032.0;9;;;15024.0;0.0
1;21700;ASH_COATED_OSMIUM;9990;12;9987;15;9985;30;10006.0;28;10007.0;12;10010.0;10;9997.5;0.0
1;21700;INTARIAN_PEPPER_ROOT;15016;12;;;;;15028.0;9;;;;;15022.5;0.0
1;21800;ASH_COATED_OSMIUM;9990;15;9988;4;;;10006.0;13;10009.0;10;;;9997.5;0.0
1;21800;INTARIAN_PEPPER_ROOT;15015;9;15013;9;;;15029.0;11;15030.0;11;;;15022.0;0.0
1;21900;ASH_COATED_OSMIUM;9988;3;9987;12;9986;25;10007.0;14;10010.0;12;10013.0;13;9997.5;0.0
1;21900;INTARIAN_PEPPER_ROOT;15014;9;;;;;15028.0;10;;;;;15021.0;0.0
1;22000;ASH_COATED_OSMIUM;9988;11;;;;;10006.0;10;;;;;9997.5;0.0
1;22000;INTARIAN_PEPPER_ROOT;15015;19;;;;;15029.0;12;;;;;15022.0;0.0
1;22100;ASH_COATED_OSMIUM;9994;24;9993;25;9990;10;10012.0;10;10014.0;14;10017.0;10;10002.5;0.0
1;22100;INTARIAN_PEPPER_ROOT;15018;8;15016;12;;;15031.0;10;15034.0;12;;;15025.0;0.0
1;22200;ASH_COATED_OSMIUM;9990;23;9988;11;9987;15;10006.0;11;10009.0;29;10011.0;10;9997.5;0.0
1;22200;INTARIAN_PEPPER_ROOT;15012;11;15009;6;15008;10;15029.0;11;15031.0;10;15034.0;8;15021.0;0.0
1;22300;ASH_COATED_OSMIUM;9993;14;9990;23;;;10012.0;14;10013.0;9;;;10002.5;0.0
1;22300;INTARIAN_PEPPER_ROOT;15018;10;15016;11;15013;11;15032.0;8;15034.0;12;15036.0;15;15025.0;0.0
1;22400;ASH_COATED_OSMIUM;9988;15;9985;13;;;10007.0;13;10009.0;11;;;9997.5;0.0
1;22400;INTARIAN_PEPPER_ROOT;15018;8;15017;8;;;15030.0;9;15032.0;8;;;15023.5;0.0
1;22500;ASH_COATED_OSMIUM;9994;12;9991;14;;;10012.0;14;10015.0;15;;;10002.5;0.0
1;22500;INTARIAN_PEPPER_ROOT;15016;16;15013;9;;;15030.0;11;15031.0;9;;;15023.5;0.0
1;22600;ASH_COATED_OSMIUM;9990;13;;;;;10006.0;11;;;;;9997.5;0.0
1;22600;INTARIAN_PEPPER_ROOT;15014;12;15013;11;;;15027.0;8;15030.0;11;;;15020.0;0.0
1;22700;ASH_COATED_OSMIUM;9994;10;;;;;10010.0;15;;;;;10002.5;0.0
1;22700;INTARIAN_PEPPER_ROOT;15018;19;;;;;15030.0;9;;;;;15024.5;0.0
1;22800;ASH_COATED_OSMIUM;9998;13;9996;15;;;10008.0;13;10009.0;15;;;10002.5;0.0
1;22800;INTARIAN_PEPPER_ROOT;15016;18;15013;8;15012;12;15030.0;12;15031.0;8;15033.0;8;15023.0;0.0
1;22900;ASH_COATED_OSMIUM;9990;14;9988;15;9986;4;10006.0;11;10007.0;14;10010.0;13;9997.5;0.0
1;22900;INTARIAN_PEPPER_ROOT;15014;12;15013;12;;;15031.0;8;15034.0;9;;;15023.0;0.0
1;23000;ASH_COATED_OSMIUM;9990;10;9989;12;;;10006.0;14;10009.0;22;;;9997.5;0.0
1;23000;INTARIAN_PEPPER_ROOT;15017;12;15014;10;15011;11;15029.0;8;15031.0;11;15033.0;8;15023.0;0.0
1;23100;ASH_COATED_OSMIUM;9997;15;9995;29;;;10008.0;12;10010.0;13;;;10002.5;0.0
1;23100;INTARIAN_PEPPER_ROOT;15020;8;15017;25;15014;8;15034.0;12;15035.0;22;15036.0;11;15026.5;0.0
1;23200;ASH_COATED_OSMIUM;9990;24;9987;23;9986;12;10006.0;21;10008.0;15;10009.0;14;9997.5;0.0
1;23200;INTARIAN_PEPPER_ROOT;15017;12;;;;;15029.0;12;;;;;15023.0;0.0
1;23300;ASH_COATED_OSMIUM;9990;14;9987;11;;;10006.0;14;10007.0;13;;;9997.5;0.0
1;23300;INTARIAN_PEPPER_ROOT;15012;8;;;;;15029.0;8;;;;;15021.0;0.0
1;23400;ASH_COATED_OSMIUM;9994;10;9992;4;;;10000.0;15;10001.0;5;;;9997.5;0.0
1;23400;INTARIAN_PEPPER_ROOT;15015;11;15012;9;;;15027.0;10;15029.0;11;;;15021.0;0.0
1;23500;ASH_COATED_OSMIUM;10000;11;9998;13;;;10006.0;10;10009.0;13;;;10002.5;0.0
1;23500;INTARIAN_PEPPER_ROOT;15016;12;15013;11;15011;10;15029.0;11;15032.0;12;15035.0;11;15022.0;0.0
1;23600;ASH_COATED_OSMIUM;9988;15;9985;12;;;10007.0;13;10008.0;10;;;9997.5;0.0
1;23600;INTARIAN_PEPPER_ROOT;15012;8;;;;;15026.0;22;;;;;15019.5;0.0
1;23700;ASH_COATED_OSMIUM;9994;15;9991;22;;;10010.0;10;10011.0;15;;;10002.5;0.0
1;23700;INTARIAN_PEPPER_ROOT;15016;9;15014;10;;;15029.0;8;15032.0;11;;;15022.0;0.0
1;23800;ASH_COATED_OSMIUM;9990;12;9989;28;;;10006.0;11;10007.0;12;;;9997.5;0.0
1;23800;INTARIAN_PEPPER_ROOT;15020;9;15019;11;15018;12;15034.0;10;15036.0;10;15038.0;12;15026.5;0.0
1;23900;ASH_COATED_OSMIUM;9994;11;9992;11;;;10010.0;10;10011.0;12;;;10002.5;0.0
1;23900;INTARIAN_PEPPER_ROOT;15010;24;15008;23;;;15030.0;24;15031.0;10;;;15020.0;0.0
1;24000;ASH_COATED_OSMIUM;9990;12;9988;10;;;10006.0;14;10008.0;13;;;9997.5;0.0
1;24000;INTARIAN_PEPPER_ROOT;15017;10;15016;18;;;15030.0;11;15032.0;11;;;15023.5;0.0
1;24100;ASH_COATED_OSMIUM;9992;20;9991;12;9990;11;10004.0;15;10006.0;14;10007.0;14;9997.5;0.0
1;24100;INTARIAN_PEPPER_ROOT;15014;8;;;;;15029.0;8;;;;;15021.5;0.0
1;24200;ASH_COATED_OSMIUM;9994;15;9993;11;9990;14;10010.0;13;10012.0;24;10014.0;10;10002.5;0.0
1;24200;INTARIAN_PEPPER_ROOT;15015;15;15012;11;;;15030.0;9;15031.0;9;;;15022.5;0.0
1;24300;ASH_COATED_OSMIUM;9990;11;;;;;10006.0;14;;;;;9997.5;0.0
1;24300;INTARIAN_PEPPER_ROOT;15018;12;15016;9;15015;9;15033.0;11;15035.0;9;15036.0;9;15026.0;0.0
1;24400;ASH_COATED_OSMIUM;9990;21;9988;13;;;10006.0;14;10007.0;15;;;9997.5;0.0
1;24400;INTARIAN_PEPPER_ROOT;15020;8;15019;11;15016;10;15035.0;12;15038.0;9;15040.0;9;15028.0;0.0
1;24500;ASH_COATED_OSMIUM;9990;12;;;;;10006.0;10;;;;;9997.5;0.0
1;24500;INTARIAN_PEPPER_ROOT;15016;10;;;;;15032.0;9;;;;;15023.5;0.0
1;24600;ASH_COATED_OSMIUM;9993;15;;;;;10012.0;23;;;;;10002.5;0.0
1;24600;INTARIAN_PEPPER_ROOT;15012;11;15011;10;15009;11;15028.0;10;15029.0;9;15031.0;10;15020.5;0.0
1;24700;ASH_COATED_OSMIUM;9993;23;;;;;10012.0;27;;;;;10002.5;0.0
1;24700;INTARIAN_PEPPER_ROOT;15019;8;15018;12;;;15032.0;16;15034.0;8;;;15025.5;0.0
1;24800;ASH_COATED_OSMIUM;9990;28;9987;13;9986;14;10006.0;24;10009.0;15;10010.0;15;9997.5;0.0
1;24800;INTARIAN_PEPPER_ROOT;15020;8;;;;;15035.0;8;;;;;15027.5;0.0
1;24900;ASH_COATED_OSMIUM;9990;14;9987;13;;;10006.0;15;10008.0;15;;;9997.5;0.0
1;24900;INTARIAN_PEPPER_ROOT;15022;9;15021;9;;;15034.0;9;15037.0;9;;;15027.5;0.0
1;25000;ASH_COATED_OSMIUM;9994;15;9991;14;;;10012.0;12;10015.0;10;;;10002.5;0.0
1;25000;INTARIAN_PEPPER_ROOT;15022;11;15019;11;;;15035.0;8;15038.0;8;;;15028.5;0.0
1;25100;ASH_COATED_OSMIUM;9994;12;;;;;10010.0;28;;;;;10002.5;0.0
1;25100;INTARIAN_PEPPER_ROOT;15020;11;;;;;15032.0;9;;;;;15026.0;0.0
1;25200;ASH_COATED_OSMIUM;9994;3;;;;;10012.0;13;;;;;10002.5;0.0
1;25200;INTARIAN_PEPPER_ROOT;15021;9;;;;;15033.0;9;;;;;15027.0;0.0
1;25300;ASH_COATED_OSMIUM;9990;29;9988;15;9986;15;10006.0;11;10009.0;11;10012.0;14;9997.5;0.0
1;25300;INTARIAN_PEPPER_ROOT;15020;9;15019;8;15018;10;15035.0;12;15036.0;10;15039.0;20;15027.0;0.0
1;25400;ASH_COATED_OSMIUM;9993;15;9991;10;9989;10;10012.0;13;10013.0;13;10015.0;13;10002.5;0.0
1;25400;INTARIAN_PEPPER_ROOT;15028;9;15027;19;;;15031.0;10;15034.0;10;;;15029.0;0.0
1;25500;ASH_COATED_OSMIUM;9993;15;9990;14;9989;15;10012.0;11;10014.0;11;10015.0;10;10002.5;0.0
1;25500;INTARIAN_PEPPER_ROOT;15018;10;;;;;15031.0;8;;;;;15025.0;0.0
1;25600;ASH_COATED_OSMIUM;9994;20;9993;14;9991;13;10010.0;11;10012.0;22;10015.0;13;10002.5;0.0
1;25600;INTARIAN_PEPPER_ROOT;15018;25;15016;22;;;15031.0;8;15033.0;17;;;15024.5;0.0
1;25700;ASH_COATED_OSMIUM;9994;11;9993;14;9992;15;10012.0;28;10014.0;15;10017.0;12;10002.5;0.0
1;25700;INTARIAN_PEPPER_ROOT;15018;23;15015;8;;;15032.0;9;15034.0;12;;;15025.5;0.0
1;25800;ASH_COATED_OSMIUM;9988;11;9986;11;;;10007.0;13;10008.0;13;;;9997.5;0.0
1;25800;INTARIAN_PEPPER_ROOT;15017;9;15016;19;;;15034.0;9;15035.0;10;;;15025.5;0.0
1;25900;ASH_COATED_OSMIUM;9990;13;9989;15;;;10006.0;22;10007.0;14;;;9997.5;0.0
1;25900;INTARIAN_PEPPER_ROOT;15018;8;;;;;15032.0;21;;;;;15025.5;0.0
1;26000;ASH_COATED_OSMIUM;9994;10;9992;23;;;10010.0;11;10013.0;13;;;10002.5;0.0
1;26000;INTARIAN_PEPPER_ROOT;15018;8;;;;;15033.0;12;;;;;15025.0;0.0
1;26100;ASH_COATED_OSMIUM;9994;14;;;;;10010.0;10;;;;;10002.5;0.0
1;26100;INTARIAN_PEPPER_ROOT;15016;8;15013;12;15011;11;15030.0;20;15033.0;12;15034.0;8;15023.0;0.0
1;26200;ASH_COATED_OSMIUM;9990;13;9987;12;;;10006.0;10;10007.0;5;;;9997.5;0.0
1;26200;INTARIAN_PEPPER_ROOT;15022;19;15019;24;;;15036.0;11;15039.0;10;;;15028.5;0.0
1;26300;ASH_COATED_OSMIUM;9990;12;9987;13;;;10006.0;23;10007.0;29;;;9997.5;0.0
1;26300;INTARIAN_PEPPER_ROOT;15020;9;15017;9;;;15034.0;8;15037.0;8;;;15026.5;0.0
1;26400;ASH_COATED_OSMIUM;9993;4;;;;;10012.0;11;;;;;10002.5;0.0
1;26400;INTARIAN_PEPPER_ROOT;15020;8;15017;9;;;15034.0;9;15036.0;19;;;15027.0;0.0
1;26500;ASH_COATED_OSMIUM;9988;14;;;;;10007.0;15;;;;;9997.5;0.0
1;26500;INTARIAN_PEPPER_ROOT;15022;10;;;;;15036.0;11;;;;;15029.5;0.0
1;26600;ASH_COATED_OSMIUM;9990;13;;;;;10006.0;14;;;;;9997.5;0.0
1;26600;INTARIAN_PEPPER_ROOT;15024;19;;;;;15038.0;12;;;;;15030.5;0.0
1;26700;ASH_COATED_OSMIUM;9992;13;9990;28;9988;25;10002.0;14;10003.0;13;10005.0;15;9997.5;0.0
1;26700;INTARIAN_PEPPER_ROOT;15018;21;15015;12;;;15035.0;8;15037.0;8;;;15026.0;0.0
1;26800;ASH_COATED_OSMIUM;9990;15;9987;30;;;10006.0;13;10007.0;11;;;9997.5;0.0
1;26800;INTARIAN_PEPPER_ROOT;15016;21;15014;8;;;15035.0;9;15038.0;10;;;15026.0;0.0
1;26900;ASH_COATED_OSMIUM;9990;22;;;;;10006.0;30;;;;;9997.5;0.0
1;26900;INTARIAN_PEPPER_ROOT;15019;9;15016;19;;;15034.0;9;15037.0;11;;;15026.5;0.0
1;27000;ASH_COATED_OSMIUM;9990;12;9989;15;9987;13;10006.0;12;10008.0;22;10009.0;10;9997.5;0.0
1;27000;INTARIAN_PEPPER_ROOT;15020;16;15018;8;;;15034.0;10;15035.0;8;;;15027.5;0.0
1;27100;ASH_COATED_OSMIUM;9994;25;9992;12;9991;21;10012.0;12;10013.0;15;10014.0;26;10002.5;0.0
1;27100;INTARIAN_PEPPER_ROOT;15017;9;;;;;15037.0;8;;;;;15027.0;0.0
1;27200;ASH_COATED_OSMIUM;9994;13;9993;15;;;10010.0;13;10012.0;11;;;10002.5;0.0
1;27200;INTARIAN_PEPPER_ROOT;15026;24;;;;;15030.0;12;;;;;15028.0;0.0
1;27300;ASH_COATED_OSMIUM;9990;10;;;;;10006.0;12;;;;;9997.5;0.0
1;27300;INTARIAN_PEPPER_ROOT;15018;9;15015;19;15012;9;15033.0;12;15034.0;10;15035.0;9;15025.5;0.0
1;27400;ASH_COATED_OSMIUM;9994;10;9991;14;;;10010.0;5;10013.0;12;;;10002.5;0.0
1;27400;INTARIAN_PEPPER_ROOT;15023;10;15021;12;;;15037.0;9;15038.0;10;;;15030.0;0.0
1;27500;ASH_COATED_OSMIUM;9994;14;9992;15;;;10010.0;15;10012.0;23;;;10002.5;0.0
1;27500;INTARIAN_PEPPER_ROOT;15022;18;;;;;15035.0;8;;;;;15029.0;0.0
1;27600;ASH_COATED_OSMIUM;9990;30;9987;24;;;10006.0;12;10007.0;15;;;9997.5;0.0
1;27600;INTARIAN_PEPPER_ROOT;15022;8;;;;;15035.0;11;;;;;15028.0;0.0
1;27700;ASH_COATED_OSMIUM;9990;13;9989;11;;;10006.0;10;10008.0;12;;;9997.5;0.0
1;27700;INTARIAN_PEPPER_ROOT;15018;10;15015;11;;;15031.0;12;15034.0;12;;;15025.0;0.0
1;27800;ASH_COATED_OSMIUM;9994;11;;;;;10010.0;11;;;;;10002.5;0.0
1;27800;INTARIAN_PEPPER_ROOT;15021;9;15020;8;15019;11;15034.0;11;15037.0;11;15040.0;11;15027.5;0.0
1;27900;ASH_COATED_OSMIUM;9990;14;9988;10;;;10006.0;11;10007.0;13;;;9997.5;0.0
1;27900;INTARIAN_PEPPER_ROOT;15022;8;;;;;15037.0;9;;;;;15029.5;0.0
1;28000;ASH_COATED_OSMIUM;9990;14;9988;13;9987;14;10006.0;12;10008.0;10;10010.0;12;9997.5;0.0
1;28000;INTARIAN_PEPPER_ROOT;15019;9;;;;;15033.0;8;;;;;15026.0;0.0
1;28100;ASH_COATED_OSMIUM;9994;13;9991;11;;;10012.0;10;10014.0;15;;;10002.5;0.0
1;28100;INTARIAN_PEPPER_ROOT;15023;12;15020;12;;;15041.0;10;15044.0;9;;;15032.0;0.0
1;28200;ASH_COATED_OSMIUM;9988;15;9987;15;;;10007.0;22;10010.0;10;;;9997.5;0.0
1;28200;INTARIAN_PEPPER_ROOT;15020;11;;;;;15033.0;11;;;;;15027.0;0.0
1;28300;ASH_COATED_OSMIUM;9990;4;9987;10;;;10006.0;10;10008.0;13;;;9997.5;0.0
1;28300;INTARIAN_PEPPER_ROOT;15026;8;15024;10;15021;18;15041.0;10;15044.0;9;15047.0;11;15034.0;0.0
1;28400;ASH_COATED_OSMIUM;9994;23;9992;14;;;10010.0;10;10012.0;12;;;10002.5;0.0
1;28400;INTARIAN_PEPPER_ROOT;15019;23;15018;10;;;15033.0;10;15035.0;12;;;15026.0;0.0
1;28500;ASH_COATED_OSMIUM;9993;12;9991;15;;;10012.0;11;10014.0;13;;;10002.5;0.0
1;28500;INTARIAN_PEPPER_ROOT;15023;12;15020;11;;;15037.0;10;15038.0;8;;;15030.0;0.0
1;28600;ASH_COATED_OSMIUM;9998;11;9996;8;9995;14;10008.0;11;10011.0;10;10013.0;10;10002.5;0.0
1;28600;INTARIAN_PEPPER_ROOT;15020;11;15018;10;;;15035.0;11;15038.0;21;;;15027.5;0.0
1;28700;ASH_COATED_OSMIUM;9994;11;;;;;10010.0;13;;;;;10002.5;0.0
1;28700;INTARIAN_PEPPER_ROOT;15024;9;;;;;15038.0;9;;;;;15031.0;0.0
1;28800;ASH_COATED_OSMIUM;9990;11;;;;;10006.0;14;;;;;9997.5;0.0
1;28800;INTARIAN_PEPPER_ROOT;15018;8;15016;12;;;15036.0;11;15038.0;9;;;15027.5;0.0
1;28900;ASH_COATED_OSMIUM;9994;15;;;;;10010.0;10;;;;;10002.5;0.0
1;28900;INTARIAN_PEPPER_ROOT;15019;12;;;;;15033.0;9;;;;;15026.0;0.0
1;29000;ASH_COATED_OSMIUM;9994;12;9992;15;9989;11;10010.0;14;10012.0;15;10015.0;21;10002.5;0.0
1;29000;INTARIAN_PEPPER_ROOT;15018;11;;;;;15033.0;11;;;;;15025.0;0.0
1;29100;ASH_COATED_OSMIUM;9990;13;9988;14;;;10006.0;11;10008.0;11;;;9997.5;0.0
1;29100;INTARIAN_PEPPER_ROOT;15020;10;;;;;15034.0;12;;;;;15027.0;0.0
1;29200;ASH_COATED_OSMIUM;9993;26;9991;25;9989;14;10012.0;14;10015.0;5;10017.0;26;10002.5;0.0
1;29200;INTARIAN_PEPPER_ROOT;15024;12;15023;8;15020;24;15035.0;10;15037.0;12;15038.0;17;15030.0;0.0
1;29300;ASH_COATED_OSMIUM;9994;15;9992;24;;;10010.0;10;10012.0;11;;;10002.5;0.0
1;29300;INTARIAN_PEPPER_ROOT;15027;8;;;;;15034.0;12;;;;;15030.5;0.0
1;29400;ASH_COATED_OSMIUM;9990;2;9989;10;;;10006.0;15;10008.0;11;;;9997.5;0.0
1;29400;INTARIAN_PEPPER_ROOT;15023;12;;;;;15039.0;8;;;;;15031.0;0.0
1;29500;ASH_COATED_OSMIUM;9994;11;9991;13;9988;15;10010.0;11;10011.0;28;10012.0;14;10002.5;0.0
1;29500;INTARIAN_PEPPER_ROOT;15022;9;15020;11;;;15036.0;10;15039.0;16;;;15028.5;0.0
1;29600;ASH_COATED_OSMIUM;9990;13;9988;13;9985;15;10006.0;30;10007.0;14;10010.0;20;9997.5;0.0
1;29600;INTARIAN_PEPPER_ROOT;15022;11;15021;15;15018;9;15037.0;9;15040.0;17;15042.0;11;15029.5;0.0
1;29700;ASH_COATED_OSMIUM;9994;15;;;;;10010.0;13;;;;;10002.5;0.0
1;29700;INTARIAN_PEPPER_ROOT;15024;10;15021;9;;;15039.0;22;15040.0;12;;;15031.5;0.0
1;29800;ASH_COATED_OSMIUM;9992;12;9990;12;9989;10;10013.0;14;10016.0;12;10018.0;15;10002.5;0.0
1;29800;INTARIAN_PEPPER_ROOT;15022;3;;;;;15036.0;16;;;;;15028.5;0.0
1;29900;ASH_COATED_OSMIUM;9994;29;;;;;10010.0;10;;;;;10002.5;0.0
1;29900;INTARIAN_PEPPER_ROOT;15020;8;15017;19;;;15035.0;12;15038.0;11;;;15027.0;0.0
1;30000;ASH_COATED_OSMIUM;9994;14;9992;13;;;10010.0;10;10011.0;14;;;10002.5;0.0
1;30000;INTARIAN_PEPPER_ROOT;15025;11;15022;19;15019;8;15039.0;12;15041.0;15;15042.0;10;15032.0;0.0
1;30100;ASH_COATED_OSMIUM;9990;15;;;;;10006.0;13;;;;;9997.5;0.0
1;30100;INTARIAN_PEPPER_ROOT;15026;9;;;;;15038.0;8;;;;;15032.0;0.0
1;30200;ASH_COATED_OSMIUM;9994;10;9992;28;;;10010.0;30;10011.0;10;;;10002.5;0.0
1;30200;INTARIAN_PEPPER_ROOT;15020;11;15018;11;15017;18;15036.0;11;15039.0;10;15042.0;21;15028.0;0.0
1;30300;ASH_COATED_OSMIUM;9994;15;9993;13;;;10012.0;9;10015.0;14;;;10002.5;0.0
1;30300;INTARIAN_PEPPER_ROOT;15024;12;15022;8;15020;11;15037.0;12;15038.0;16;15040.0;11;15030.0;0.0
1;30400;ASH_COATED_OSMIUM;9990;28;9987;12;;;10006.0;11;10008.0;28;;;9997.5;0.0
1;30400;INTARIAN_PEPPER_ROOT;15025;17;;;;;15041.0;6;;;;;15033.0;0.0
1;30500;ASH_COATED_OSMIUM;9994;12;;;;;10010.0;27;;;;;10002.5;0.0
1;30500;INTARIAN_PEPPER_ROOT;15024;25;;;;;15037.0;21;;;;;15030.5;0.0
1;30600;ASH_COATED_OSMIUM;9994;12;9991;12;9989;3;10010.0;28;10012.0;13;10013.0;14;10002.5;0.0
1;30600;INTARIAN_PEPPER_ROOT;15022;9;15021;11;;;15036.0;8;15038.0;9;;;15029.5;0.0
1;30700;ASH_COATED_OSMIUM;9990;15;9987;11;;;10006.0;13;10009.0;10;;;9997.5;0.0
1;30700;INTARIAN_PEPPER_ROOT;15026;9;15023;10;;;15041.0;8;15044.0;16;;;15033.5;0.0
1;30800;ASH_COATED_OSMIUM;9993;13;9992;29;9990;14;10012.0;13;10014.0;10;10015.0;22;10002.5;0.0
1;30800;INTARIAN_PEPPER_ROOT;15018;8;15016;12;;;15037.0;12;15038.0;9;;;15027.5;0.0
1;30900;ASH_COATED_OSMIUM;9994;11;9993;10;;;10010.0;13;10011.0;14;;;10002.5;0.0
1;30900;INTARIAN_PEPPER_ROOT;15026;12;15023;12;15020;23;15036.0;12;15038.0;11;15040.0;10;15030.5;0.0
1;31000;ASH_COATED_OSMIUM;9994;11;;;;;10010.0;13;;;;;10002.5;0.0
1;31000;INTARIAN_PEPPER_ROOT;15024;10;15023;9;;;15040.0;9;15043.0;8;;;15032.0;0.0
1;31100;ASH_COATED_OSMIUM;9990;27;;;;;10006.0;10;;;;;9997.5;0.0
1;31100;INTARIAN_PEPPER_ROOT;15028;15;15027;11;;;15041.0;12;15044.0;18;;;15035.0;0.0
1;31200;ASH_COATED_OSMIUM;9990;15;9989;11;;;10006.0;30;10009.0;10;;;9997.5;0.0
1;31200;INTARIAN_PEPPER_ROOT;15021;22;;;;;15035.0;15;;;;;15028.0;0.0
1;31300;ASH_COATED_OSMIUM;9994;13;9991;12;;;10012.0;10;10013.0;12;;;10002.5;0.0
1;31300;INTARIAN_PEPPER_ROOT;15022;11;;;;;15036.0;12;;;;;15028.5;0.0
1;31400;ASH_COATED_OSMIUM;9988;20;9987;28;9985;15;10007.0;12;10009.0;10;10012.0;13;9997.5;0.0
1;31400;INTARIAN_PEPPER_ROOT;15022;11;15020;12;;;15037.0;9;15039.0;8;;;15029.0;0.0
1;31500;ASH_COATED_OSMIUM;9988;10;;;;;10007.0;10;;;;;9997.5;0.0
1;31500;INTARIAN_PEPPER_ROOT;15025;19;15024;9;15023;8;15039.0;11;15042.0;11;15045.0;12;15032.0;0.0
1;31600;ASH_COATED_OSMIUM;9994;11;9991;10;;;10010.0;12;10013.0;13;;;10002.5;0.0
1;31600;INTARIAN_PEPPER_ROOT;15024;10;15023;23;15021;11;15038.0;9;15040.0;12;15042.0;16;15031.0;0.0
1;31700;ASH_COATED_OSMIUM;9988;14;9985;11;9983;14;10006.0;20;10009.0;13;10012.0;24;9997.5;0.0
1;31700;INTARIAN_PEPPER_ROOT;15022;10;;;;;15037.0;11;;;;;15029.5;0.0
1;31800;ASH_COATED_OSMIUM;9994;12;9992;15;9990;14;10010.0;14;10012.0;10;10014.0;10;10002.5;0.0
1;31800;INTARIAN_PEPPER_ROOT;15024;8;15023;9;;;15038.0;8;15039.0;8;;;15030.5;0.0
1;31900;ASH_COATED_OSMIUM;9988;11;;;;;10007.0;11;;;;;9997.5;0.0
1;31900;INTARIAN_PEPPER_ROOT;15026;11;15023;9;15021;8;15041.0;10;15044.0;8;15046.0;3;15034.0;0.0
1;32000;ASH_COATED_OSMIUM;9994;15;9991;12;;;10010.0;14;10013.0;11;;;10002.5;0.0
1;32000;INTARIAN_PEPPER_ROOT;15026;12;15025;17;;;15038.0;9;15039.0;12;;;15032.0;0.0
1;32100;ASH_COATED_OSMIUM;9993;11;9990;11;;;10012.0;14;10014.0;5;;;10002.5;0.0
1;32100;INTARIAN_PEPPER_ROOT;15022;12;15019;8;;;15034.0;12;15035.0;9;;;15028.0;0.0
1;32200;ASH_COATED_OSMIUM;9990;23;9987;13;;;10006.0;11;10008.0;14;;;9997.5;0.0
1;32200;INTARIAN_PEPPER_ROOT;15024;9;15022;8;;;15037.0;20;15039.0;8;;;15030.5;0.0
1;32300;ASH_COATED_OSMIUM;9990;24;9987;14;9985;11;10006.0;27;10008.0;12;10009.0;14;9997.5;0.0
1;32300;INTARIAN_PEPPER_ROOT;15026;11;15023;8;;;15040.0;9;15041.0;19;;;15032.5;0.0
1;32400;ASH_COATED_OSMIUM;9994;13;9992;14;9991;6;10012.0;24;10014.0;12;10017.0;10;10002.5;0.0
1;32400;INTARIAN_PEPPER_ROOT;15028;5;15026;12;15024;9;15042.0;12;15043.0;12;15044.0;12;15034.5;0.0
1;32500;ASH_COATED_OSMIUM;9988;22;9985;14;;;10007.0;11;10008.0;10;;;9997.5;0.0
1;32500;INTARIAN_PEPPER_ROOT;15026;10;15025;12;;;15030.0;25;15031.0;10;;;15028.5;0.0
1;32600;ASH_COATED_OSMIUM;9990;10;;;;;10006.0;13;;;;;9997.5;0.0
1;32600;INTARIAN_PEPPER_ROOT;15027;9;15025;9;15024;11;15040.0;10;15043.0;10;15046.0;15;15033.5;0.0
1;32700;ASH_COATED_OSMIUM;9990;10;9988;20;;;10006.0;15;10007.0;13;;;9997.5;0.0
1;32700;INTARIAN_PEPPER_ROOT;15026;10;15023;17;15020;12;15041.0;10;15044.0;8;15047.0;9;15033.5;0.0
1;32800;ASH_COATED_OSMIUM;9992;12;9989;28;;;10002.0;10;10003.0;14;;;9997.5;0.0
1;32800;INTARIAN_PEPPER_ROOT;15026;8;15023;9;;;15043.0;8;15045.0;8;;;15035.0;0.0
1;32900;ASH_COATED_OSMIUM;9994;10;9993;15;9991;13;10010.0;11;10012.0;14;10015.0;12;10002.5;0.0
1;32900;INTARIAN_PEPPER_ROOT;15026;12;15025;8;;;15041.0;9;15044.0;18;;;15033.5;0.0
1;33000;ASH_COATED_OSMIUM;9990;11;9989;15;9987;15;10006.0;12;10009.0;11;10010.0;13;9997.5;0.0
1;33000;INTARIAN_PEPPER_ROOT;15027;12;15025;12;;;15039.0;17;15042.0;9;;;15033.0;0.0
1;33100;ASH_COATED_OSMIUM;9990;11;;;;;10006.0;12;;;;;9997.5;0.0
1;33100;INTARIAN_PEPPER_ROOT;15024;11;;;;;15042.0;23;;;;;15032.5;0.0
1;33200;ASH_COATED_OSMIUM;9994;14;9992;20;9989;11;10010.0;13;10013.0;10;10016.0;10;10002.5;0.0
1;33200;INTARIAN_PEPPER_ROOT;15024;8;15022;9;;;15042.0;8;15043.0;8;;;15033.5;0.0
1;33300;ASH_COATED_OSMIUM;9990;24;9988;11;;;10006.0;11;10007.0;13;;;9997.5;0.0
1;33300;INTARIAN_PEPPER_ROOT;15018;10;;;;;15031.0;10;;;;;15025.0;0.0
1;33400;ASH_COATED_OSMIUM;9994;5;;;;;10010.0;12;;;;;10002.5;0.0
1;33400;INTARIAN_PEPPER_ROOT;15026;8;;;;;15044.0;9;;;;;15034.5;0.0
1;33500;ASH_COATED_OSMIUM;9994;13;9993;14;9990;5;10010.0;23;10012.0;11;10015.0;12;10002.5;0.0
1;33500;INTARIAN_PEPPER_ROOT;15027;9;15024;9;;;15042.0;12;15043.0;12;;;15034.5;0.0
1;33600;ASH_COATED_OSMIUM;9990;15;;;;;10006.0;15;;;;;9997.5;0.0
1;33600;INTARIAN_PEPPER_ROOT;15028;12;15026;19;;;15044.0;12;15046.0;11;;;15036.0;0.0
1;33700;ASH_COATED_OSMIUM;9990;15;9989;15;9988;13;10006.0;14;10009.0;10;10010.0;15;9997.5;0.0
1;33700;INTARIAN_PEPPER_ROOT;15030;10;15028;10;15027;10;15044.0;12;15047.0;11;15050.0;10;15037.5;0.0
1;33800;ASH_COATED_OSMIUM;9990;14;9988;15;;;10006.0;12;10007.0;13;;;9997.5;0.0
1;33800;INTARIAN_PEPPER_ROOT;15030;17;15028;11;;;15043.0;18;15044.0;11;;;15036.5;0.0
1;33900;ASH_COATED_OSMIUM;9994;11;9993;11;;;10010.0;14;10012.0;15;;;10002.5;0.0
1;33900;INTARIAN_PEPPER_ROOT;15026;8;15024;12;;;15041.0;9;15044.0;9;;;15034.0;0.0
1;34000;ASH_COATED_OSMIUM;9993;13;9992;23;;;10012.0;10;10014.0;14;;;10002.5;0.0
1;34000;INTARIAN_PEPPER_ROOT;15026;19;15023;9;;;15040.0;18;15043.0;23;;;15033.0;0.0
1;34100;ASH_COATED_OSMIUM;9994;10;9993;10;;;10010.0;15;10011.0;10;;;10002.5;0.0
1;34100;INTARIAN_PEPPER_ROOT;15024;24;15023;10;;;15041.0;11;15044.0;20;;;15033.0;0.0
1;34200;ASH_COATED_OSMIUM;9994;13;9993;2;;;10010.0;13;10011.0;14;;;10002.5;0.0
1;34200;INTARIAN_PEPPER_ROOT;15026;10;15023;15;;;15039.0;9;15042.0;11;;;15032.5;0.0
1;34300;ASH_COATED_OSMIUM;9988;10;9987;11;;;10006.0;14;10009.0;12;;;9997.5;0.0
1;34300;INTARIAN_PEPPER_ROOT;15030;3;15029;11;15026;11;15039.0;12;15042.0;11;15045.0;11;15035.0;0.0
1;34400;ASH_COATED_OSMIUM;9994;11;9992;26;;;10012.0;14;10014.0;15;;;10002.5;0.0
1;34400;INTARIAN_PEPPER_ROOT;15027;10;15024;8;15022;8;15040.0;22;15043.0;12;15046.0;9;15033.5;0.0
1;34500;ASH_COATED_OSMIUM;9988;11;9985;15;9984;12;10006.0;14;10008.0;12;10009.0;14;9997.5;0.0
1;34500;INTARIAN_PEPPER_ROOT;15031;8;;;;;15046.0;9;;;;;15038.5;0.0
1;34600;ASH_COATED_OSMIUM;9994;13;;;;;10010.0;2;;;;;10002.5;0.0
1;34600;INTARIAN_PEPPER_ROOT;15024;11;15022;11;;;15039.0;12;15042.0;10;;;15031.5;0.0
1;34700;ASH_COATED_OSMIUM;9994;12;;;;;10010.0;12;;;;;10002.5;0.0
1;34700;INTARIAN_PEPPER_ROOT;15026;11;15025;10;15024;11;15041.0;8;15042.0;8;15045.0;11;15033.0;0.0
1;34800;ASH_COATED_OSMIUM;9988;10;9985;11;;;10006.0;12;10007.0;13;;;9997.5;0.0
1;34800;INTARIAN_PEPPER_ROOT;15031;11;15030;9;;;15044.0;8;15046.0;11;;;15037.5;0.0
1;34900;ASH_COATED_OSMIUM;9994;20;9991;13;;;10010.0;12;10011.0;14;;;10002.5;0.0
1;34900;INTARIAN_PEPPER_ROOT;15026;9;15023;11;;;15039.0;20;15041.0;23;;;15033.0;0.0
1;35000;ASH_COATED_OSMIUM;9994;15;9991;10;;;10010.0;15;10013.0;25;;;10002.5;0.0
1;35000;INTARIAN_PEPPER_ROOT;15026;9;15023;9;15020;20;15045.0;11;15047.0;8;15050.0;10;15035.5;0.0
1;35100;ASH_COATED_OSMIUM;9990;12;;;;;10006.0;29;;;;;9997.5;0.0
1;35100;INTARIAN_PEPPER_ROOT;15032;8;15030;8;;;15046.0;12;15048.0;25;;;15038.5;0.0
1;35200;ASH_COATED_OSMIUM;9988;14;9986;10;;;10007.0;11;10008.0;10;;;9997.5;0.0
1;35200;INTARIAN_PEPPER_ROOT;15026;15;15023;12;;;15040.0;9;15042.0;10;;;15033.0;0.0
1;35300;ASH_COATED_OSMIUM;9998;10;;;;;10007.0;14;;;;;10002.5;0.0
1;35300;INTARIAN_PEPPER_ROOT;15028;9;15027;11;15025;16;15042.0;8;15044.0;11;15045.0;10;15035.0;0.0
1;35400;ASH_COATED_OSMIUM;9990;15;;;;;10006.0;11;;;;;9997.5;0.0
1;35400;INTARIAN_PEPPER_ROOT;15027;11;;;;;15039.0;8;;;;;15033.0;0.0
1;35500;ASH_COATED_OSMIUM;9988;13;;;;;10006.0;14;;;;;9997.5;0.0
1;35500;INTARIAN_PEPPER_ROOT;15028;11;15026;11;;;15045.0;11;15046.0;11;;;15037.0;0.0
1;35600;ASH_COATED_OSMIUM;9994;15;9993;12;;;10010.0;15;10011.0;13;;;10002.5;0.0
1;35600;INTARIAN_PEPPER_ROOT;15028;9;;;;;15041.0;11;;;;;15034.0;0.0
1;35700;ASH_COATED_OSMIUM;9990;11;9989;10;;;10006.0;15;10008.0;11;;;9997.5;0.0
1;35700;INTARIAN_PEPPER_ROOT;15028;11;;;;;15043.0;8;;;;;15036.0;0.0
1;35800;ASH_COATED_OSMIUM;9990;14;9987;11;9986;13;10006.0;14;10007.0;13;10008.0;14;9997.5;0.0
1;35800;INTARIAN_PEPPER_ROOT;15028;12;;;;;15042.0;11;;;;;15035.0;0.0
1;35900;ASH_COATED_OSMIUM;9994;15;9992;11;;;10010.0;12;10011.0;13;;;10002.5;0.0
1;35900;INTARIAN_PEPPER_ROOT;15028;12;15026;8;;;15041.0;11;15043.0;9;;;15035.0;0.0
1;36000;ASH_COATED_OSMIUM;9994;10;9992;14;9990;10;10010.0;11;10011.0;15;10012.0;10;10002.5;0.0
1;36000;INTARIAN_PEPPER_ROOT;15026;11;15025;9;15023;10;15041.0;9;15043.0;11;15046.0;17;15034.0;0.0
1;36100;ASH_COATED_OSMIUM;9998;15;9996;21;;;10008.0;13;10011.0;10;;;10002.5;0.0
1;36100;INTARIAN_PEPPER_ROOT;15024;12;15021;12;;;15039.0;8;15042.0;8;;;15031.0;0.0
1;36200;ASH_COATED_OSMIUM;9990;15;9989;15;9987;12;10006.0;14;10007.0;12;10008.0;11;9997.5;0.0
1;36200;INTARIAN_PEPPER_ROOT;15031;11;15030;12;15028;10;15033.0;9;15034.0;11;15036.0;12;15032.0;0.0
1;36300;ASH_COATED_OSMIUM;9990;12;9989;14;;;10006.0;11;10009.0;14;;;9997.5;0.0
1;36300;INTARIAN_PEPPER_ROOT;15036;10;15035;8;15033;11;15038.0;8;15040.0;12;15041.0;9;15037.0;0.0
1;36400;ASH_COATED_OSMIUM;9994;15;9991;12;9989;15;10010.0;13;10011.0;12;10013.0;15;10002.5;0.0
1;36400;INTARIAN_PEPPER_ROOT;15029;11;15027;11;15025;10;15043.0;25;15045.0;9;15046.0;9;15036.0;0.0
1;36500;ASH_COATED_OSMIUM;9994;14;9991;14;;;10012.0;12;10015.0;15;;;10002.5;0.0
1;36500;INTARIAN_PEPPER_ROOT;15032;19;15030;21;15028;8;15049.0;12;15050.0;11;15051.0;11;15040.0;0.0
1;36600;ASH_COATED_OSMIUM;9990;10;;;;;10006.0;11;;;;;9997.5;0.0
1;36600;INTARIAN_PEPPER_ROOT;15030;11;15027;11;;;15042.0;12;15043.0;9;;;15035.5;0.0
1;36700;ASH_COATED_OSMIUM;9994;5;9992;12;;;10010.0;11;10011.0;13;;;10002.5;0.0
1;36700;INTARIAN_PEPPER_ROOT;15028;12;15027;8;;;15042.0;11;15044.0;8;;;15034.5;0.0
1;36800;ASH_COATED_OSMIUM;9994;11;;;;;10012.0;12;;;;;10002.5;0.0
1;36800;INTARIAN_PEPPER_ROOT;15026;8;15025;11;;;15044.0;10;15045.0;9;;;15035.5;0.0
1;36900;ASH_COATED_OSMIUM;9990;14;9989;14;9988;15;10006.0;25;10007.0;12;10010.0;30;9997.5;0.0
1;36900;INTARIAN_PEPPER_ROOT;15028;24;;;;;15047.0;11;;;;;15037.5;0.0
1;37000;ASH_COATED_OSMIUM;9990;12;9987;14;9984;14;10006.0;11;10008.0;29;10011.0;12;9997.5;0.0
1;37000;INTARIAN_PEPPER_ROOT;15026;12;15023;11;;;15040.0;9;15042.0;16;;;15032.5;0.0
1;37100;ASH_COATED_OSMIUM;9994;12;9991;14;9990;10;10010.0;12;10011.0;12;10013.0;30;10002.5;0.0
1;37100;INTARIAN_PEPPER_ROOT;15029;8;15026;20;15024;11;15043.0;18;15046.0;4;15048.0;10;15036.0;0.0
1;37200;ASH_COATED_OSMIUM;9994;14;9991;15;;;10010.0;14;10013.0;12;;;10002.5;0.0
1;37200;INTARIAN_PEPPER_ROOT;15032;9;15030;10;15029;10;15050.0;8;15052.0;10;15054.0;10;15040.5;0.0
1;37300;ASH_COATED_OSMIUM;9993;10;9992;13;;;10012.0;14;10014.0;14;;;10002.5;0.0
1;37300;INTARIAN_PEPPER_ROOT;15028;22;15027;19;;;15041.0;9;15044.0;10;;;15034.0;0.0
1;37400;ASH_COATED_OSMIUM;9988;3;9987;14;9985;12;10006.0;10;10007.0;15;10009.0;13;9997.5;0.0
1;37400;INTARIAN_PEPPER_ROOT;15025;10;15023;9;15021;12;15039.0;23;15042.0;9;15045.0;12;15032.0;0.0
1;37500;ASH_COATED_OSMIUM;9990;10;;;;;10006.0;10;;;;;9997.5;0.0
1;37500;INTARIAN_PEPPER_ROOT;15032;10;15030;8;;;15048.0;8;15049.0;12;;;15040.0;0.0
1;37600;ASH_COATED_OSMIUM;9994;15;9993;13;9991;14;10010.0;14;10012.0;11;10014.0;13;10002.5;0.0
1;37600;INTARIAN_PEPPER_ROOT;15032;10;;;;;15046.0;12;;;;;15038.5;0.0
1;37700;ASH_COATED_OSMIUM;9994;3;9993;12;9991;12;10012.0;12;10015.0;11;10016.0;10;10002.5;0.0
1;37700;INTARIAN_PEPPER_ROOT;15026;8;15023;8;15020;7;15041.0;12;15042.0;9;15044.0;8;15034.0;0.0
1;37800;ASH_COATED_OSMIUM;9994;15;9993;12;;;10012.0;12;10013.0;12;;;10002.5;0.0
1;37800;INTARIAN_PEPPER_ROOT;15028;8;15026;12;;;15047.0;8;15049.0;10;;;15038.0;0.0
1;37900;ASH_COATED_OSMIUM;9990;14;9989;11;;;10006.0;13;10008.0;13;;;9997.5;0.0
1;37900;INTARIAN_PEPPER_ROOT;15030;10;15027;11;;;15044.0;18;15046.0;10;;;15037.5;0.0
1;38000;ASH_COATED_OSMIUM;9994;20;;;;;10010.0;10;;;;;10002.5;0.0
1;38000;INTARIAN_PEPPER_ROOT;15030;10;15027;11;;;15046.0;11;15047.0;10;;;15038.0;0.0
1;38100;ASH_COATED_OSMIUM;9988;14;9985;15;;;10006.0;13;10009.0;15;;;9997.5;0.0
1;38100;INTARIAN_PEPPER_ROOT;15030;24;;;;;15043.0;10;;;;;15036.0;0.0
1;38200;ASH_COATED_OSMIUM;9993;12;;;;;10012.0;10;;;;;10002.5;0.0
1;38200;INTARIAN_PEPPER_ROOT;15029;9;15026;10;;;15043.0;11;15046.0;23;;;15036.0;0.0
1;38300;ASH_COATED_OSMIUM;9994;11;;;;;10010.0;14;;;;;10002.5;0.0
1;38300;INTARIAN_PEPPER_ROOT;15030;16;15028;11;;;15047.0;11;15049.0;8;;;15039.0;0.0
1;38400;ASH_COATED_OSMIUM;9990;15;;;;;10006.0;26;;;;;9997.5;0.0
1;38400;INTARIAN_PEPPER_ROOT;15036;12;15034;10;15032;22;15042.0;12;15045.0;10;15048.0;12;15038.5;0.0
1;38500;ASH_COATED_OSMIUM;9994;11;9993;13;;;10012.0;29;10013.0;12;;;10002.5;0.0
1;38500;INTARIAN_PEPPER_ROOT;15032;12;;;;;15047.0;9;;;;;15039.0;0.0
1;38600;ASH_COATED_OSMIUM;9993;10;9990;12;;;10012.0;12;10015.0;13;;;10002.5;0.0
1;38600;INTARIAN_PEPPER_ROOT;15032;10;;;;;15045.0;10;;;;;15039.0;0.0
1;38700;ASH_COATED_OSMIUM;9993;12;9992;28;9990;11;10012.0;15;10015.0;11;10017.0;13;10002.5;0.0
1;38700;INTARIAN_PEPPER_ROOT;15030;12;15029;8;;;15047.0;11;15050.0;12;;;15038.5;0.0
1;38800;ASH_COATED_OSMIUM;9990;21;9989;13;;;10006.0;12;10008.0;15;;;9997.5;0.0
1;38800;INTARIAN_PEPPER_ROOT;15032;23;15030;12;;;15045.0;8;15046.0;11;;;15038.0;0.0
1;38900;ASH_COATED_OSMIUM;9990;21;9989;13;;;10006.0;11;10008.0;12;;;9997.5;0.0
1;38900;INTARIAN_PEPPER_ROOT;15030;18;15027;10;15025;9;15044.0;12;15047.0;12;15050.0;11;15036.5;0.0
1;39000;ASH_COATED_OSMIUM;9997;12;9995;14;;;10008.0;11;10009.0;25;;;10002.5;0.0
1;39000;INTARIAN_PEPPER_ROOT;15032;10;15031;12;;;15045.0;15;15046.0;20;;;15038.5;0.0
1;39100;ASH_COATED_OSMIUM;9990;12;;;;;10006.0;12;;;;;9997.5;0.0
1;39100;INTARIAN_PEPPER_ROOT;15032;16;15030;8;15028;12;15045.0;8;15047.0;21;15049.0;22;15039.0;0.0
1;39200;ASH_COATED_OSMIUM;9994;10;9991;7;;;10010.0;12;10012.0;14;;;10002.5;0.0
1;39200;INTARIAN_PEPPER_ROOT;15032;10;15029;11;15026;10;15045.0;11;15046.0;10;15047.0;9;15038.0;0.0
1;39300;ASH_COATED_OSMIUM;9994;15;;;;;10010.0;13;;;;;10002.5;0.0
1;39300;INTARIAN_PEPPER_ROOT;15029;11;15027;15;15026;22;15048.0;10;15051.0;11;15052.0;12;15038.5;0.0
1;39400;ASH_COATED_OSMIUM;9990;15;9988;15;9986;10;10006.0;15;10009.0;10;10011.0;11;9997.5;0.0
1;39400;INTARIAN_PEPPER_ROOT;15028;11;15025;12;15023;10;15041.0;10;15044.0;8;15046.0;11;15034.5;0.0
1;39500;ASH_COATED_OSMIUM;9992;13;9991;11;;;10002.0;24;10005.0;15;;;9997.5;0.0
1;39500;INTARIAN_PEPPER_ROOT;15030;9;15027;10;;;15047.0;12;15050.0;12;;;15038.5;0.0
1;39600;ASH_COATED_OSMIUM;9988;10;9985;12;9982;15;10006.0;10;10009.0;22;10012.0;11;9997.5;0.0
1;39600;INTARIAN_PEPPER_ROOT;15034;8;15031;8;;;15048.0;11;15049.0;11;;;15041.0;0.0
1;39700;ASH_COATED_OSMIUM;9990;15;9988;14;;;10006.0;20;10009.0;15;;;9997.5;0.0
1;39700;INTARIAN_PEPPER_ROOT;15030;8;15027;11;;;15044.0;25;15047.0;10;;;15036.5;0.0
1;39800;ASH_COATED_OSMIUM;9990;11;9989;29;;;10006.0;11;10008.0;14;;;9997.5;0.0
1;39800;INTARIAN_PEPPER_ROOT;15030;8;15027;11;15025;11;15047.0;11;15049.0;20;15052.0;12;15038.5;0.0
1;39900;ASH_COATED_OSMIUM;9994;12;;;;;10010.0;12;;;;;10002.5;0.0
1;39900;INTARIAN_PEPPER_ROOT;15032;12;;;;;15046.0;12;;;;;15039.5;0.0
1;40000;ASH_COATED_OSMIUM;9994;11;9992;10;9991;14;10002.0;26;10004.0;13;10007.0;12;9997.5;0.0
1;40000;INTARIAN_PEPPER_ROOT;15031;17;15029;8;;;15045.0;9;15046.0;8;;;15038.0;0.0
1;40100;ASH_COATED_OSMIUM;9988;13;9985;22;;;10007.0;10;10010.0;12;;;9997.5;0.0
1;40100;INTARIAN_PEPPER_ROOT;15034;12;;;;;15041.0;12;;;;;15037.0;0.0
1;40200;ASH_COATED_OSMIUM;9990;24;;;;;10006.0;15;;;;;9997.5;0.0
1;40200;INTARIAN_PEPPER_ROOT;15034;9;;;;;15049.0;10;;;;;15041.0;0.0
1;40300;ASH_COATED_OSMIUM;9994;30;;;;;10010.0;15;;;;;10002.5;0.0
1;40300;INTARIAN_PEPPER_ROOT;15033;10;15032;10;15029;8;15045.0;8;15048.0;11;15050.0;11;15039.0;0.0
1;40400;ASH_COATED_OSMIUM;9994;20;;;;;10010.0;11;;;;;10002.5;0.0
1;40400;INTARIAN_PEPPER_ROOT;15029;10;15028;8;15026;11;15044.0;19;15047.0;10;15050.0;8;15036.5;0.0
1;40500;ASH_COATED_OSMIUM;9990;15;9988;11;;;10006.0;11;10007.0;12;;;9997.5;0.0
1;40500;INTARIAN_PEPPER_ROOT;15035;11;;;;;15051.0;10;;;;;15043.0;0.0
1;40600;ASH_COATED_OSMIUM;9994;28;9993;28;;;10012.0;12;10013.0;10;;;10002.5;0.0
1;40600;INTARIAN_PEPPER_ROOT;15032;19;15029;8;15028;11;15046.0;8;15047.0;15;15049.0;11;15038.5;0.0
1;40700;ASH_COATED_OSMIUM;9988;12;9987;30;;;10007.0;23;10009.0;11;;;9997.5;0.0
1;40700;INTARIAN_PEPPER_ROOT;15036;12;;;;;15050.0;11;;;;;15042.5;0.0
1;40800;ASH_COATED_OSMIUM;9990;22;9989;11;9986;11;10006.0;12;10008.0;13;10009.0;11;9997.5;0.0
1;40800;INTARIAN_PEPPER_ROOT;15038;18;15035;16;;;15050.0;8;15053.0;9;;;15043.5;0.0
1;40900;ASH_COATED_OSMIUM;9990;13;9987;14;;;10006.0;27;10009.0;10;;;9997.5;0.0
1;40900;INTARIAN_PEPPER_ROOT;15032;20;;;;;15047.0;10;;;;;15039.0;0.0
1;41000;ASH_COATED_OSMIUM;9987;21;9984;10;;;10008.0;15;10011.0;15;;;9997.5;0.0
1;41000;INTARIAN_PEPPER_ROOT;15032;8;;;;;15046.0;8;;;;;15039.0;0.0
1;41100;ASH_COATED_OSMIUM;9994;15;9993;11;9992;20;10010.0;15;10012.0;13;10014.0;15;10002.5;0.0
1;41100;INTARIAN_PEPPER_ROOT;15038;18;15036;9;15033;25;15052.0;10;15055.0;9;15058.0;12;15045.0;0.0
1;41200;ASH_COATED_OSMIUM;9994;13;;;;;10010.0;10;;;;;10002.5;0.0
1;41200;INTARIAN_PEPPER_ROOT;15025;9;15024;8;;;15038.0;10;15041.0;23;;;15031.5;0.0
1;41300;ASH_COATED_OSMIUM;9994;14;9993;15;9990;15;10010.0;23;10013.0;13;10014.0;15;10002.5;0.0
1;41300;INTARIAN_PEPPER_ROOT;15032;8;15029;9;;;15045.0;25;15047.0;11;;;15038.5;0.0
1;41400;ASH_COATED_OSMIUM;9990;14;9988;10;;;10006.0;14;10009.0;23;;;9997.5;0.0
1;41400;INTARIAN_PEPPER_ROOT;15037;12;15034;8;15032;12;15050.0;8;15052.0;24;15055.0;15;15043.5;0.0
1;41500;ASH_COATED_OSMIUM;9990;15;9989;13;;;10006.0;15;10009.0;13;;;9997.5;0.0
1;41500;INTARIAN_PEPPER_ROOT;15042;11;;;;;15045.0;10;;;;;15043.5;0.0
1;41600;ASH_COATED_OSMIUM;9994;12;9993;15;;;10012.0;14;10015.0;13;;;10002.5;0.0
1;41600;INTARIAN_PEPPER_ROOT;15031;8;15028;11;;;15050.0;10;15051.0;19;;;15040.5;0.0
1;41700;ASH_COATED_OSMIUM;9994;15;9992;10;;;10010.0;12;10011.0;10;;;10002.5;0.0
1;41700;INTARIAN_PEPPER_ROOT;15030;10;15027;11;15026;11;15042.0;17;15043.0;8;15044.0;10;15036.5;0.0
1;41800;ASH_COATED_OSMIUM;9990;13;;;;;10006.0;5;;;;;9997.5;0.0
1;41800;INTARIAN_PEPPER_ROOT;15038;11;15035;9;15033;21;15050.0;20;15052.0;10;15054.0;10;15044.0;0.0
1;41900;ASH_COATED_OSMIUM;9990;15;;;;;10006.0;15;;;;;9997.5;0.0
1;41900;INTARIAN_PEPPER_ROOT;15041;12;;;;;15045.0;10;;;;;15043.0;0.0
1;42000;ASH_COATED_OSMIUM;9988;15;9987;12;;;10007.0;10;10009.0;11;;;9997.5;0.0
1;42000;INTARIAN_PEPPER_ROOT;15038;12;;;;;15052.0;8;;;;;15045.0;0.0
1;42100;ASH_COATED_OSMIUM;9990;15;;;;;10006.0;15;;;;;9997.5;0.0
1;42100;INTARIAN_PEPPER_ROOT;15035;10;;;;;15052.0;9;;;;;15043.5;0.0
1;42200;ASH_COATED_OSMIUM;9994;27;9991;13;;;10010.0;14;10013.0;15;;;10002.5;0.0
1;42200;INTARIAN_PEPPER_ROOT;15034;20;15033;8;15031;11;15048.0;19;15051.0;10;15054.0;12;15041.5;0.0
1;42300;ASH_COATED_OSMIUM;9990;14;;;;;10006.0;12;;;;;9997.5;0.0
1;42300;INTARIAN_PEPPER_ROOT;15038;17;15036;10;;;15051.0;8;15054.0;8;;;15044.5;0.0
1;42400;ASH_COATED_OSMIUM;9987;12;9984;21;;;10008.0;24;10011.0;15;;;9997.5;0.0
1;42400;INTARIAN_PEPPER_ROOT;15034;11;;;;;15050.0;18;;;;;15042.0;0.0
1;42500;ASH_COATED_OSMIUM;9990;11;;;;;10006.0;12;;;;;9997.5;0.0
1;42500;INTARIAN_PEPPER_ROOT;15033;10;;;;;15048.0;11;;;;;15040.5;0.0
1;42600;ASH_COATED_OSMIUM;9994;12;;;;;10010.0;14;;;;;10002.5;0.0
1;42600;INTARIAN_PEPPER_ROOT;15036;12;;;;;15050.0;19;;;;;15043.0;0.0
1;42700;ASH_COATED_OSMIUM;9996;12;;;;;10009.0;14;;;;;10002.5;0.0
1;42700;INTARIAN_PEPPER_ROOT;15036;10;15033;11;;;15051.0;10;15053.0;9;;;15044.0;0.0
1;42800;ASH_COATED_OSMIUM;9994;14;;;;;10010.0;10;;;;;10002.5;0.0
1;42800;INTARIAN_PEPPER_ROOT;15033;20;;;;;15047.0;8;;;;;15040.0;0.0
1;42900;ASH_COATED_OSMIUM;9990;25;;;;;10006.0;20;;;;;9997.5;0.0
1;42900;INTARIAN_PEPPER_ROOT;15036;16;15035;8;;;15052.0;12;15054.0;8;;;15043.5;0.0
1;43000;ASH_COATED_OSMIUM;9988;11;9987;14;9984;12;10007.0;14;10010.0;13;10013.0;14;9997.5;0.0
1;43000;INTARIAN_PEPPER_ROOT;15040;11;15039;12;15037;10;15054.0;12;15056.0;12;15059.0;9;15046.5;0.0
1;43100;ASH_COATED_OSMIUM;9990;13;9987;14;;;10006.0;15;10008.0;14;;;9997.5;0.0
1;43100;INTARIAN_PEPPER_ROOT;15032;8;15030;8;;;15045.0;9;15046.0;21;;;15038.0;0.0
1;43200;ASH_COATED_OSMIUM;9990;10;9988;10;9985;15;10006.0;15;10007.0;10;10008.0;14;9997.5;0.0
1;43200;INTARIAN_PEPPER_ROOT;15032;8;;;;;15046.0;9;;;;;15039.0;0.0
1;43300;ASH_COATED_OSMIUM;9994;12;9992;14;9989;15;10012.0;15;10015.0;13;10016.0;11;10002.5;0.0
1;43300;INTARIAN_PEPPER_ROOT;15040;12;15039;16;15036;8;15056.0;10;15059.0;9;15061.0;11;15048.0;0.0
1;43400;ASH_COATED_OSMIUM;9994;12;9993;12;9991;23;10010.0;12;10011.0;15;10012.0;13;10002.5;0.0
1;43400;INTARIAN_PEPPER_ROOT;15030;8;15028;12;;;15045.0;10;15046.0;11;;;15038.0;0.0
1;43500;ASH_COATED_OSMIUM;9993;10;;;;;10002.0;27;;;;;9997.5;0.0
1;43500;INTARIAN_PEPPER_ROOT;15035;12;15034;16;15031;9;15050.0;9;15051.0;12;15054.0;11;15042.5;0.0
1;43600;ASH_COATED_OSMIUM;9998;11;9995;12;;;10008.0;13;10009.0;10;;;10002.5;0.0
1;43600;INTARIAN_PEPPER_ROOT;15035;15;;;;;15050.0;12;;;;;15042.5;0.0
1;43700;ASH_COATED_OSMIUM;9988;11;9987;27;9985;11;10006.0;13;10007.0;13;10009.0;13;9997.5;0.0
1;43700;INTARIAN_PEPPER_ROOT;15038;10;15036;10;;;15051.0;24;15053.0;11;;;15045.0;0.0
1;43800;ASH_COATED_OSMIUM;9990;12;9989;15;;;10006.0;11;10007.0;15;;;9997.5;0.0
1;43800;INTARIAN_PEPPER_ROOT;15034;12;;;;;15048.0;10;;;;;15041.0;0.0
1;43900;ASH_COATED_OSMIUM;9994;27;9992;14;;;10010.0;13;10013.0;14;;;10002.5;0.0
1;43900;INTARIAN_PEPPER_ROOT;15036;8;15033;12;15032;11;15051.0;20;15052.0;12;15053.0;21;15043.0;0.0
1;44000;ASH_COATED_OSMIUM;9994;28;9993;11;;;10010.0;11;10012.0;3;;;10002.5;0.0
1;44000;INTARIAN_PEPPER_ROOT;15036;12;;;;;15053.0;10;;;;;15044.0;0.0
1;44100;ASH_COATED_OSMIUM;9988;15;9985;13;;;10007.0;15;10009.0;20;;;9997.5;0.0
1;44100;INTARIAN_PEPPER_ROOT;15025;11;;;;;15040.0;8;;;;;15032.5;0.0
1;44200;ASH_COATED_OSMIUM;9990;13;;;;;10006.0;10;;;;;9997.5;0.0
1;44200;INTARIAN_PEPPER_ROOT;15042;11;15041;24;15040;15;15049.0;9;15050.0;11;15051.0;11;15046.0;0.0
1;44300;ASH_COATED_OSMIUM;9994;14;;;;;10010.0;13;;;;;10002.5;0.0
1;44300;INTARIAN_PEPPER_ROOT;15036;12;15034;8;15031;10;15048.0;8;15051.0;8;15053.0;9;15042.5;0.0
1;44400;ASH_COATED_OSMIUM;9990;11;9989;24;;;10006.0;12;10007.0;11;;;9997.5;0.0
1;44400;INTARIAN_PEPPER_ROOT;15036;8;15034;12;15033;9;15054.0;12;15056.0;12;15057.0;17;15045.0;0.0
1;44500;ASH_COATED_OSMIUM;9994;10;;;;;10010.0;5;;;;;10002.5;0.0
1;44500;INTARIAN_PEPPER_ROOT;15040;9;15038;11;;;15055.0;8;15056.0;8;;;15047.0;0.0
1;44600;ASH_COATED_OSMIUM;9990;10;;;;;10006.0;13;;;;;9997.5;0.0
1;44600;INTARIAN_PEPPER_ROOT;15038;9;15036;12;15034;10;15052.0;19;15054.0;10;15057.0;19;15044.5;0.0
1;44700;ASH_COATED_OSMIUM;9990;14;9989;12;;;10006.0;10;10008.0;12;;;9997.5;0.0
1;44700;INTARIAN_PEPPER_ROOT;15030;20;;;;;15047.0;10;;;;;15038.0;0.0
1;44800;ASH_COATED_OSMIUM;9990;11;9989;15;;;10006.0;12;10009.0;30;;;9997.5;0.0
1;44800;INTARIAN_PEPPER_ROOT;15040;24;;;;;15052.0;12;;;;;15046.0;0.0
1;44900;ASH_COATED_OSMIUM;9994;10;9992;11;9989;15;10010.0;13;10011.0;14;10012.0;15;10002.5;0.0
1;44900;INTARIAN_PEPPER_ROOT;15036;12;15033;12;;;15049.0;8;15050.0;9;;;15042.5;0.0
1;45000;ASH_COATED_OSMIUM;9994;20;9993;10;9990;25;10010.0;13;10013.0;13;10015.0;11;10002.5;0.0
1;45000;INTARIAN_PEPPER_ROOT;15038;12;;;;;15054.0;11;;;;;15046.0;0.0
1;45100;ASH_COATED_OSMIUM;9994;13;9991;13;;;10010.0;14;10011.0;10;;;10002.5;0.0
1;45100;INTARIAN_PEPPER_ROOT;15036;12;15035;9;;;15051.0;10;15052.0;9;;;15043.5;0.0
1;45200;ASH_COATED_OSMIUM;9988;12;;;;;10007.0;10;;;;;9997.5;0.0
1;45200;INTARIAN_PEPPER_ROOT;15036;11;15034;12;;;15051.0;11;15053.0;12;;;15044.0;0.0
1;45300;ASH_COATED_OSMIUM;9994;13;9993;15;;;10010.0;12;10011.0;10;;;10002.5;0.0
1;45300;INTARIAN_PEPPER_ROOT;15038;9;15037;12;;;15050.0;10;15052.0;8;;;15044.0;0.0
1;45400;ASH_COATED_OSMIUM;9988;12;;;;;10007.0;22;;;;;9997.5;0.0
1;45400;INTARIAN_PEPPER_ROOT;15038;3;15036;18;;;15050.0;11;15051.0;9;;;15044.0;0.0
1;45500;ASH_COATED_OSMIUM;9994;10;;;;;10012.0;11;;;;;10002.5;0.0
1;45500;INTARIAN_PEPPER_ROOT;15040;11;;;;;15053.0;12;;;;;15046.0;0.0
1;45600;ASH_COATED_OSMIUM;9994;14;9993;30;;;10010.0;13;10012.0;29;;;10002.5;0.0
1;45600;INTARIAN_PEPPER_ROOT;15040;9;15038;8;15036;8;15053.0;21;15054.0;24;15057.0;10;15046.0;0.0
1;45700;ASH_COATED_OSMIUM;9992;15;9991;14;9990;2;10002.0;30;10005.0;15;10007.0;13;9997.5;0.0
1;45700;INTARIAN_PEPPER_ROOT;15034;16;15033;9;;;15048.0;12;15049.0;11;;;15040.5;0.0
1;45800;ASH_COATED_OSMIUM;9988;15;9986;27;9983;23;10007.0;12;10009.0;13;10010.0;15;9997.5;0.0
1;45800;INTARIAN_PEPPER_ROOT;15044;8;15043;11;;;15059.0;8;15061.0;9;;;15051.0;0.0
1;45900;ASH_COATED_OSMIUM;9992;12;9990;13;9988;14;10013.0;11;10015.0;10;10018.0;12;10002.5;0.0
1;45900;INTARIAN_PEPPER_ROOT;15038;10;15036;11;;;15057.0;25;15059.0;12;;;15048.0;0.0
1;46000;ASH_COATED_OSMIUM;9992;15;;;;;10013.0;21;;;;;10002.5;0.0
1;46000;INTARIAN_PEPPER_ROOT;15039;15;;;;;15054.0;8;;;;;15046.5;0.0
1;46100;ASH_COATED_OSMIUM;9994;14;9992;12;;;10010.0;25;10011.0;22;;;10002.5;0.0
1;46100;INTARIAN_PEPPER_ROOT;15042;8;;;;;15054.0;11;;;;;15047.5;0.0
1;46200;ASH_COATED_OSMIUM;9994;29;9993;20;9991;10;10001.0;12;10004.0;12;10007.0;10;9997.5;0.0
1;46200;INTARIAN_PEPPER_ROOT;15038;8;;;;;15050.0;10;;;;;15043.5;0.0
1;46300;ASH_COATED_OSMIUM;9994;13;9992;10;9991;12;10010.0;10;10013.0;12;10014.0;10;10002.5;0.0
1;46300;INTARIAN_PEPPER_ROOT;15037;9;15034;12;15032;9;15056.0;10;15058.0;10;15060.0;10;15046.5;0.0
1;46400;ASH_COATED_OSMIUM;9994;12;9992;10;9991;13;10012.0;29;10015.0;13;10018.0;14;10002.5;0.0
1;46400;INTARIAN_PEPPER_ROOT;15036;11;;;;;15057.0;8;;;;;15047.0;0.0
1;46500;ASH_COATED_OSMIUM;9994;24;9991;10;;;10010.0;4;10012.0;10;;;10002.5;0.0
1;46500;INTARIAN_PEPPER_ROOT;15040;11;15039;10;;;15054.0;20;15057.0;8;;;15046.5;0.0
1;46600;ASH_COATED_OSMIUM;9990;13;9989;15;;;10006.0;14;10007.0;15;;;9997.5;0.0
1;46600;INTARIAN_PEPPER_ROOT;15040;15;15038;18;;;15054.0;15;15055.0;11;;;15047.0;0.0
1;46700;ASH_COATED_OSMIUM;9988;11;;;;;10007.0;11;;;;;9997.5;0.0
1;46700;INTARIAN_PEPPER_ROOT;15044;11;;;;;15057.0;8;;;;;15050.5;0.0
1;46800;ASH_COATED_OSMIUM;9999;10;;;;;10006.0;11;;;;;10002.5;0.0
1;46800;INTARIAN_PEPPER_ROOT;15038;8;15037;25;;;15051.0;8;15054.0;12;;;15044.5;0.0
1;46900;ASH_COATED_OSMIUM;9994;14;;;;;10010.0;11;;;;;10002.5;0.0
1;46900;INTARIAN_PEPPER_ROOT;15036;11;15035;12;15034;9;15054.0;8;15057.0;11;15059.0;10;15045.5;0.0
1;47000;ASH_COATED_OSMIUM;9994;24;9991;12;9988;12;10010.0;12;10012.0;13;10014.0;10;10002.5;0.0
1;47000;INTARIAN_PEPPER_ROOT;15038;10;;;;;15051.0;8;;;;;15044.0;0.0
1;47100;ASH_COATED_OSMIUM;9990;20;9988;11;;;10006.0;14;10007.0;15;;;9997.5;0.0
1;47100;INTARIAN_PEPPER_ROOT;15036;15;;;;;15053.0;17;;;;;15044.0;0.0
1;47200;ASH_COATED_OSMIUM;9994;10;9993;13;;;10010.0;11;10011.0;15;;;10002.5;0.0
1;47200;INTARIAN_PEPPER_ROOT;15045;8;15044;10;;;15058.0;20;15061.0;11;;;15051.5;0.0
1;47300;ASH_COATED_OSMIUM;9988;15;9987;14;;;10007.0;12;10008.0;14;;;9997.5;0.0
1;47300;INTARIAN_PEPPER_ROOT;15044;11;15043;9;;;15057.0;9;15058.0;19;;;15051.0;0.0
1;47400;ASH_COATED_OSMIUM;9994;30;9991;15;;;10010.0;14;10013.0;11;;;10002.5;0.0
1;47400;INTARIAN_PEPPER_ROOT;15041;10;;;;;15056.0;8;;;;;15048.5;0.0
1;47500;ASH_COATED_OSMIUM;9994;15;9992;14;9991;11;10010.0;30;10013.0;15;10016.0;11;10002.5;0.0
1;47500;INTARIAN_PEPPER_ROOT;15050;8;15047;8;15045;9;15065.0;19;15067.0;9;15069.0;10;15057.0;0.0
1;47600;ASH_COATED_OSMIUM;9990;13;9989;12;;;10006.0;15;10008.0;15;;;9997.5;0.0
1;47600;INTARIAN_PEPPER_ROOT;15041;9;15038;12;15037;9;15053.0;10;15054.0;10;15056.0;10;15047.0;0.0
1;47700;ASH_COATED_OSMIUM;9998;13;9997;10;;;10008.0;10;10011.0;12;;;10002.5;0.0
1;47700;INTARIAN_PEPPER_ROOT;15040;9;15038;6;;;15058.0;11;15061.0;12;;;15048.5;0.0
1;47800;ASH_COATED_OSMIUM;9990;6;9988;4;;;10006.0;12;10007.0;10;;;9997.5;0.0
1;47800;INTARIAN_PEPPER_ROOT;15042;9;15041;9;;;15058.0;9;15059.0;9;;;15049.5;0.0
1;47900;ASH_COATED_OSMIUM;9988;11;9985;12;;;10007.0;12;10009.0;23;;;9997.5;0.0
1;47900;INTARIAN_PEPPER_ROOT;15044;8;;;;;15051.0;9;;;;;15047.5;0.0
1;48000;ASH_COATED_OSMIUM;9990;13;9987;11;9984;12;10006.0;21;10007.0;23;10009.0;14;9997.5;0.0
1;48000;INTARIAN_PEPPER_ROOT;15034;8;;;;;15056.0;12;;;;;15045.0;0.0
1;48100;ASH_COATED_OSMIUM;9990;11;9988;15;;;10006.0;13;10008.0;13;;;9997.5;0.0
1;48100;INTARIAN_PEPPER_ROOT;15044;12;15041;9;15040;9;15056.0;8;15058.0;23;15059.0;11;15050.0;0.0
1;48200;ASH_COATED_OSMIUM;9990;11;;;;;10006.0;24;;;;;9997.5;0.0
1;48200;INTARIAN_PEPPER_ROOT;15041;12;15040;11;;;15056.0;12;15057.0;10;;;15048.5;0.0
1;48300;ASH_COATED_OSMIUM;9990;11;;;;;10006.0;10;;;;;9997.5;0.0
1;48300;INTARIAN_PEPPER_ROOT;15044;9;15042;10;;;15056.0;22;15057.0;9;;;15049.5;0.0
1;48400;ASH_COATED_OSMIUM;9994;13;9992;13;;;10010.0;10;10012.0;14;;;10002.5;0.0
1;48400;INTARIAN_PEPPER_ROOT;15040;9;15039;11;15036;8;15053.0;9;15055.0;10;15056.0;11;15046.0;0.0
1;48500;ASH_COATED_OSMIUM;9994;15;9993;11;;;10010.0;15;10011.0;20;;;10002.5;0.0
1;48500;INTARIAN_PEPPER_ROOT;15042;8;;;;;15057.0;9;;;;;15050.0;0.0
1;48600;ASH_COATED_OSMIUM;9994;12;9993;13;;;10010.0;13;10013.0;10;;;10002.5;0.0
1;48600;INTARIAN_PEPPER_ROOT;15042;9;15039;8;;;15055.0;9;15056.0;12;;;15048.5;0.0
1;48700;ASH_COATED_OSMIUM;9990;23;;;;;10006.0;12;;;;;9997.5;0.0
1;48700;INTARIAN_PEPPER_ROOT;15041;9;;;;;15054.0;11;;;;;15047.5;0.0
1;48800;ASH_COATED_OSMIUM;9988;12;;;;;10006.0;13;;;;;9997.5;0.0
1;48800;INTARIAN_PEPPER_ROOT;15041;22;15038;11;15036;9;15054.0;9;15056.0;8;15058.0;12;15047.5;0.0
1;48900;ASH_COATED_OSMIUM;9994;15;9993;11;9992;27;10010.0;15;10012.0;14;10015.0;12;10002.5;0.0
1;48900;INTARIAN_PEPPER_ROOT;15040;18;15039;12;;;15056.0;15;15058.0;11;;;15048.0;0.0
1;49000;ASH_COATED_OSMIUM;9994;13;9993;12;9992;10;10012.0;12;10015.0;12;10018.0;11;10002.5;0.0
1;49000;INTARIAN_PEPPER_ROOT;15043;11;15040;12;15038;9;15057.0;12;15059.0;11;15060.0;9;15050.0;0.0
1;49100;ASH_COATED_OSMIUM;9990;15;9988;3;9987;11;10006.0;11;10007.0;13;10008.0;13;9997.5;0.0
1;49100;INTARIAN_PEPPER_ROOT;15032;12;15031;8;15028;12;15048.0;12;15049.0;16;15052.0;12;15040.5;0.0
1;49200;ASH_COATED_OSMIUM;9990;13;9989;20;9988;15;10006.0;15;10009.0;14;10010.0;11;9997.5;0.0
1;49200;INTARIAN_PEPPER_ROOT;15042;8;15041;10;15038;19;15056.0;8;15057.0;9;15059.0;11;15049.5;0.0
1;49300;ASH_COATED_OSMIUM;9988;10;9985;29;9982;13;10006.0;13;10009.0;15;10011.0;14;9997.5;0.0
1;49300;INTARIAN_PEPPER_ROOT;15045;12;15043;8;15040;21;15058.0;8;15059.0;8;15062.0;12;15051.5;0.0
1;49400;ASH_COATED_OSMIUM;9994;13;9991;15;;;10010.0;15;10013.0;14;;;10002.5;0.0
1;49400;INTARIAN_PEPPER_ROOT;15044;16;;;;;15058.0;11;;;;;15051.0;0.0
1;49500;ASH_COATED_OSMIUM;9990;11;9989;14;;;10006.0;10;10009.0;12;;;9997.5;0.0
1;49500;INTARIAN_PEPPER_ROOT;15049;8;15047;9;;;15063.0;4;15065.0;12;;;15056.0;0.0
1;49600;ASH_COATED_OSMIUM;9990;11;9988;3;;;10006.0;14;10007.0;12;;;9997.5;0.0
1;49600;INTARIAN_PEPPER_ROOT;15041;11;15038;8;;;15058.0;12;15061.0;22;;;15049.5;0.0
1;49700;ASH_COATED_OSMIUM;9990;10;;;;;10006.0;15;;;;;9997.5;0.0
1;49700;INTARIAN_PEPPER_ROOT;15042;22;15041;9;15039;11;15055.0;8;15058.0;8;15059.0;11;15048.5;0.0
1;49800;ASH_COATED_OSMIUM;9994;12;9993;14;;;10010.0;15;10011.0;21;;;10002.5;0.0
1;49800;INTARIAN_PEPPER_ROOT;15042;9;15040;12;;;15055.0;12;15057.0;11;;;15048.0;0.0
1;49900;ASH_COATED_OSMIUM;9990;12;;;;;10006.0;10;;;;;9997.5;0.0
1;49900;INTARIAN_PEPPER_ROOT;15046;8;;;;;15050.0;10;;;;;15048.0;0.0
1;50000;ASH_COATED_OSMIUM;9990;15;;;;;10006.0;21;;;;;9997.5;0.0
1;50000;INTARIAN_PEPPER_ROOT;15040;8;15038;11;15036;8;15053.0;19;15056.0;11;15057.0;18;15047.0;0.0
1;50100;ASH_COATED_OSMIUM;9994;12;;;;;10010.0;14;;;;;10002.5;0.0
1;50100;INTARIAN_PEPPER_ROOT;15044;9;;;;;15056.0;8;;;;;15050.0;0.0
1;50200;ASH_COATED_OSMIUM;9990;15;9988;21;;;10006.0;10;10007.0;12;;;9997.5;0.0
1;50200;INTARIAN_PEPPER_ROOT;15039;10;15037;12;15036;8;15052.0;12;15055.0;9;15058.0;11;15045.5;0.0
1;50300;ASH_COATED_OSMIUM;9990;11;;;;;10006.0;4;;;;;9997.5;0.0
1;50300;INTARIAN_PEPPER_ROOT;15044;8;15041;9;15038;8;15061.0;12;15063.0;11;15066.0;11;15053.0;0.0
1;50400;ASH_COATED_OSMIUM;9988;14;9986;13;9985;13;10006.0;11;10009.0;10;10010.0;27;9997.5;0.0
1;50400;INTARIAN_PEPPER_ROOT;15044;8;15041;10;;;15057.0;8;15058.0;10;;;15050.0;0.0
1;50500;ASH_COATED_OSMIUM;9994;13;;;;;10010.0;15;;;;;10002.5;0.0
1;50500;INTARIAN_PEPPER_ROOT;15047;5;15044;11;;;15061.0;10;15064.0;11;;;15054.0;0.0
1;50600;ASH_COATED_OSMIUM;10000;15;9998;12;9995;3;10006.0;15;10009.0;15;10012.0;29;10002.5;0.0
1;50600;INTARIAN_PEPPER_ROOT;15042;8;15039;9;15037;12;15059.0;8;15060.0;8;15061.0;12;15051.0;0.0
1;50700;ASH_COATED_OSMIUM;9988;15;;;;;10006.0;26;;;;;9997.5;0.0
1;50700;INTARIAN_PEPPER_ROOT;15042;11;;;;;15057.0;19;;;;;15049.5;0.0
1;50800;ASH_COATED_OSMIUM;9994;13;;;;;10012.0;14;;;;;10002.5;0.0
1;50800;INTARIAN_PEPPER_ROOT;15040;9;15038;8;;;15057.0;12;15060.0;12;;;15048.0;0.0
1;50900;ASH_COATED_OSMIUM;9994;10;9992;11;;;10010.0;29;10012.0;5;;;10002.5;0.0
1;50900;INTARIAN_PEPPER_ROOT;15042;8;15039;9;15036;10;15055.0;8;15058.0;12;15059.0;16;15048.0;0.0
1;51000;ASH_COATED_OSMIUM;9988;27;9987;11;9984;14;10006.0;12;10008.0;11;10009.0;12;9997.5;0.0
1;51000;INTARIAN_PEPPER_ROOT;15048;9;15047;10;;;15060.0;11;15063.0;18;;;15054.5;0.0
1;51100;ASH_COATED_OSMIUM;9990;13;9989;12;9986;30;10006.0;26;10007.0;12;10009.0;11;9997.5;0.0
1;51100;INTARIAN_PEPPER_ROOT;15042;11;;;;;15060.0;9;;;;;15051.0;0.0
1;51200;ASH_COATED_OSMIUM;9994;11;9993;11;;;10010.0;12;10013.0;20;;;10002.5;0.0
1;51200;INTARIAN_PEPPER_ROOT;15043;9;15040;11;;;15057.0;12;15060.0;11;;;15050.0;0.0
1;51300;ASH_COATED_OSMIUM;9990;13;9989;21;;;10006.0;2;10009.0;11;;;9997.5;0.0
1;51300;INTARIAN_PEPPER_ROOT;15052;8;15051;8;;;15058.0;12;15059.0;9;;;15054.5;0.0
1;51400;ASH_COATED_OSMIUM;9990;12;9987;14;;;10006.0;12;10008.0;15;;;9997.5;0.0
1;51400;INTARIAN_PEPPER_ROOT;15043;25;15041;10;;;15058.0;12;15061.0;11;;;15050.5;0.0
1;51500;ASH_COATED_OSMIUM;9988;14;;;;;10007.0;15;;;;;9997.5;0.0
1;51500;INTARIAN_PEPPER_ROOT;15044;12;15042;10;;;15059.0;10;15061.0;24;;;15051.0;0.0
1;51600;ASH_COATED_OSMIUM;9988;12;9987;26;9984;28;10007.0;13;10008.0;15;10010.0;29;9997.5;0.0
1;51600;INTARIAN_PEPPER_ROOT;15044;12;;;;;15057.0;10;;;;;15050.0;0.0
1;51700;ASH_COATED_OSMIUM;9990;10;9989;15;;;10006.0;14;10009.0;14;;;9997.5;0.0
1;51700;INTARIAN_PEPPER_ROOT;15044;11;15042;10;;;15056.0;10;15058.0;12;;;15050.0;0.0
1;51800;ASH_COATED_OSMIUM;9990;13;9988;13;9986;12;10006.0;14;10007.0;14;10010.0;11;9997.5;0.0
1;51800;INTARIAN_PEPPER_ROOT;15044;12;15041;10;;;15058.0;12;15059.0;8;;;15051.5;0.0
1;51900;ASH_COATED_OSMIUM;9993;26;9992;14;9991;21;10012.0;29;10015.0;12;10016.0;11;10002.5;0.0
1;51900;INTARIAN_PEPPER_ROOT;15046;10;;;;;15060.0;11;;;;;15053.5;0.0
1;52000;ASH_COATED_OSMIUM;9994;10;9992;11;;;10010.0;15;10012.0;10;;;10002.5;0.0
1;52000;INTARIAN_PEPPER_ROOT;15044;17;15041;22;15038;11;15058.0;8;15059.0;20;15062.0;9;15051.5;0.0
1;52100;ASH_COATED_OSMIUM;9988;29;9985;12;9984;10;10007.0;14;10010.0;2;10011.0;24;9997.5;0.0
1;52100;INTARIAN_PEPPER_ROOT;15046;11;;;;;15058.0;9;;;;;15052.5;0.0
1;52200;ASH_COATED_OSMIUM;9993;27;9990;13;;;10012.0;10;10014.0;12;;;10002.5;0.0
1;52200;INTARIAN_PEPPER_ROOT;15040;8;15037;9;;;15054.0;8;15056.0;9;;;15047.0;0.0
1;52300;ASH_COATED_OSMIUM;9994;12;9991;29;;;10000.0;10;10003.0;29;;;9997.5;0.0
1;52300;INTARIAN_PEPPER_ROOT;15048;21;15046;10;;;15067.0;8;15070.0;19;;;15057.0;0.0
1;52400;ASH_COATED_OSMIUM;9988;26;9987;13;9986;15;10007.0;13;10010.0;15;10012.0;20;9997.5;0.0
1;52400;INTARIAN_PEPPER_ROOT;15039;9;15036;11;;;15058.0;25;15061.0;8;;;15048.5;0.0
1;52500;ASH_COATED_OSMIUM;9992;26;9989;13;;;10002.0;11;10004.0;13;;;9997.5;0.0
1;52500;INTARIAN_PEPPER_ROOT;15046;16;15045;10;;;15061.0;12;15064.0;8;;;15053.0;0.0
1;52600;ASH_COATED_OSMIUM;9990;13;9989;12;9988;10;10006.0;15;10008.0;14;10009.0;6;9997.5;0.0
1;52600;INTARIAN_PEPPER_ROOT;15044;20;15043;21;;;15059.0;10;15061.0;11;;;15051.0;0.0
1;52700;ASH_COATED_OSMIUM;9990;13;;;;;10006.0;14;;;;;9997.5;0.0
1;52700;INTARIAN_PEPPER_ROOT;15045;8;15042;9;;;15062.0;10;15063.0;11;;;15053.5;0.0
1;52800;ASH_COATED_OSMIUM;9994;13;9992;13;9989;11;10010.0;13;10012.0;13;10013.0;30;10002.5;0.0
1;52800;INTARIAN_PEPPER_ROOT;15046;20;15043;9;;;15061.0;10;15062.0;8;;;15053.5;0.0
1;52900;ASH_COATED_OSMIUM;9994;14;9991;12;9989;12;10010.0;28;10012.0;15;10015.0;13;10002.5;0.0
1;52900;INTARIAN_PEPPER_ROOT;15046;10;15044;19;15042;9;15061.0;8;15063.0;12;15066.0;9;15053.5;0.0
1;53000;ASH_COATED_OSMIUM;9990;15;9989;13;;;10006.0;15;10009.0;15;;;9997.5;0.0
1;53000;INTARIAN_PEPPER_ROOT;15047;12;15045;12;;;15060.0;11;15063.0;11;;;15053.5;0.0
1;53100;ASH_COATED_OSMIUM;9990;23;;;;;10006.0;20;;;;;9997.5;0.0
1;53100;INTARIAN_PEPPER_ROOT;15046;23;;;;;15058.0;12;;;;;15052.5;0.0
1;53200;ASH_COATED_OSMIUM;9988;12;;;;;10007.0;10;;;;;9997.5;0.0
1;53200;INTARIAN_PEPPER_ROOT;15047;9;15046;18;15044;22;15059.0;11;15060.0;8;15063.0;8;15053.0;0.0
1;53300;ASH_COATED_OSMIUM;9990;11;9987;10;9985;27;10006.0;13;10008.0;12;10010.0;27;9997.5;0.0
1;53300;INTARIAN_PEPPER_ROOT;15045;12;;;;;15059.0;12;;;;;15052.0;0.0
1;53400;ASH_COATED_OSMIUM;9990;10;9988;29;;;10006.0;12;10009.0;12;;;9997.5;0.0
1;53400;INTARIAN_PEPPER_ROOT;15043;9;15041;12;15040;10;15057.0;11;15058.0;8;15061.0;21;15050.0;0.0
1;53500;ASH_COATED_OSMIUM;9990;14;9987;10;;;10006.0;11;10008.0;10;;;9997.5;0.0
1;53500;INTARIAN_PEPPER_ROOT;15042;9;15041;10;15040;11;15060.0;18;15061.0;10;15064.0;12;15050.5;0.0
1;53600;ASH_COATED_OSMIUM;9994;14;;;;;10010.0;10;;;;;10002.5;0.0
1;53600;INTARIAN_PEPPER_ROOT;15047;12;15045;9;;;15062.0;11;15065.0;9;;;15054.5;0.0
1;53700;ASH_COATED_OSMIUM;9994;15;;;;;10010.0;10;;;;;10002.5;0.0
1;53700;INTARIAN_PEPPER_ROOT;15046;11;15044;17;;;15060.0;9;15063.0;10;;;15053.0;0.0
1;53800;ASH_COATED_OSMIUM;9990;30;9988;13;;;10006.0;12;10008.0;11;;;9997.5;0.0
1;53800;INTARIAN_PEPPER_ROOT;15044;10;15043;8;15041;12;15061.0;8;15063.0;12;15065.0;10;15053.0;0.0
1;53900;ASH_COATED_OSMIUM;9990;11;9988;23;;;10006.0;11;10007.0;10;;;9997.5;0.0
1;53900;INTARIAN_PEPPER_ROOT;15054;8;15052;9;15049;9;15069.0;9;15072.0;10;15075.0;11;15061.0;0.0
1;54000;ASH_COATED_OSMIUM;9993;10;9990;14;;;10002.0;10;10003.0;4;;;9997.5;0.0
1;54000;INTARIAN_PEPPER_ROOT;15060;11;;;;;15074.0;10;;;;;15066.5;0.0
1;54100;ASH_COATED_OSMIUM;9990;8;9989;11;9987;10;10006.0;11;10007.0;14;10008.0;14;9997.5;0.0
1;54100;INTARIAN_PEPPER_ROOT;15050;15;15047;11;;;15064.0;8;15065.0;9;;;15056.5;0.0
1;54200;ASH_COATED_OSMIUM;9990;12;9988;14;9987;15;10006.0;11;10007.0;10;10008.0;12;9997.5;0.0
1;54200;INTARIAN_PEPPER_ROOT;15056;24;15054;12;;;15060.0;12;15062.0;8;;;15057.5;0.0
1;54300;ASH_COATED_OSMIUM;9994;11;;;;;10010.0;11;;;;;10002.5;0.0
1;54300;INTARIAN_PEPPER_ROOT;15048;18;15045;10;;;15061.0;12;15062.0;9;;;15055.0;0.0
1;54400;ASH_COATED_OSMIUM;9994;13;;;;;10012.0;11;;;;;10002.5;0.0
1;54400;INTARIAN_PEPPER_ROOT;15046;12;15044;10;;;15059.0;15;15061.0;12;;;15053.0;0.0
1;54500;ASH_COATED_OSMIUM;9994;12;9991;12;9989;14;10010.0;10;10013.0;10;10015.0;11;10002.5;0.0
1;54500;INTARIAN_PEPPER_ROOT;15046;10;15045;11;15043;3;15059.0;10;15061.0;12;15063.0;9;15052.0;0.0
1;54600;ASH_COATED_OSMIUM;9994;12;9991;12;9990;15;10010.0;15;10011.0;15;10012.0;13;10002.5;0.0
1;54600;INTARIAN_PEPPER_ROOT;15047;8;;;;;15060.0;12;;;;;15053.5;0.0
1;54700;ASH_COATED_OSMIUM;9993;15;9991;10;9990;14;10012.0;13;10015.0;10;10017.0;14;10002.5;0.0
1;54700;INTARIAN_PEPPER_ROOT;15048;8;;;;;15061.0;12;;;;;15054.5;0.0
1;54800;ASH_COATED_OSMIUM;9993;15;9992;25;9991;15;10012.0;4;10015.0;14;10018.0;11;10002.5;0.0
1;54800;INTARIAN_PEPPER_ROOT;15048;10;;;;;15062.0;11;;;;;15055.5;0.0
1;54900;ASH_COATED_OSMIUM;9990;13;9988;14;9987;3;10006.0;12;10008.0;11;10009.0;15;9997.5;0.0
1;54900;INTARIAN_PEPPER_ROOT;15052;16;15050;8;15048;11;15055.0;8;15057.0;10;15059.0;12;15054.0;0.0
1;55000;ASH_COATED_OSMIUM;9994;13;9993;15;9991;14;10012.0;10;10013.0;13;10015.0;12;10002.5;0.0
1;55000;INTARIAN_PEPPER_ROOT;15042;12;15041;8;;;15056.0;25;15059.0;11;;;15049.5;0.0
1;55100;ASH_COATED_OSMIUM;9994;14;9993;10;;;10010.0;11;10012.0;11;;;10002.5;0.0
1;55100;INTARIAN_PEPPER_ROOT;15050;12;15048;8;;;15064.0;12;15065.0;12;;;15057.5;0.0
1;55200;ASH_COATED_OSMIUM;9997;20;;;;;10008.0;11;;;;;10002.5;0.0
1;55200;INTARIAN_PEPPER_ROOT;15047;11;15046;8;;;15060.0;20;15061.0;12;;;15053.5;0.0
1;55300;ASH_COATED_OSMIUM;9993;13;;;;;10012.0;11;;;;;10002.5;0.0
1;55300;INTARIAN_PEPPER_ROOT;15047;12;15044;11;;;15061.0;8;15063.0;18;;;15054.0;0.0
1;55400;ASH_COATED_OSMIUM;9987;14;9984;10;;;10008.0;15;10009.0;7;;;9997.5;0.0
1;55400;INTARIAN_PEPPER_ROOT;15047;10;15044;11;15041;11;15062.0;8;15065.0;11;15067.0;8;15054.5;0.0
1;55500;ASH_COATED_OSMIUM;9988;12;9985;15;;;10006.0;28;10009.0;13;;;9997.5;0.0
1;55500;INTARIAN_PEPPER_ROOT;15050;8;;;;;15063.0;10;;;;;15057.0;0.0
1;55600;ASH_COATED_OSMIUM;9994;14;9991;14;;;10010.0;10;10013.0;11;;;10002.5;0.0
1;55600;INTARIAN_PEPPER_ROOT;15048;12;15046;20;;;15062.0;10;15065.0;12;;;15054.5;0.0
1;55700;ASH_COATED_OSMIUM;9993;12;;;;;10012.0;30;;;;;10002.5;0.0
1;55700;INTARIAN_PEPPER_ROOT;15052;8;15049;10;15046;12;15064.0;21;15066.0;11;15067.0;19;15057.5;0.0
1;55800;ASH_COATED_OSMIUM;9994;11;;;;;10010.0;24;;;;;10002.5;0.0
1;55800;INTARIAN_PEPPER_ROOT;15050;17;15049;10;;;15065.0;3;15066.0;12;;;15057.5;0.0
1;55900;ASH_COATED_OSMIUM;9994;15;9993;12;9990;12;10010.0;11;10011.0;14;10014.0;27;10002.5;0.0
1;55900;INTARIAN_PEPPER_ROOT;15052;11;;;;;15067.0;11;;;;;15059.0;0.0
1;56000;ASH_COATED_OSMIUM;9994;11;9992;14;;;10010.0;10;10012.0;11;;;10002.5;0.0
1;56000;INTARIAN_PEPPER_ROOT;15048;11;15047;8;15044;20;15060.0;10;15061.0;10;15063.0;16;15054.5;0.0
1;56100;ASH_COATED_OSMIUM;9994;13;9991;15;;;10010.0;10;10012.0;15;;;10002.5;0.0
1;56100;INTARIAN_PEPPER_ROOT;15048;12;15045;15;15043;12;15062.0;17;15063.0;8;15064.0;8;15054.5;0.0
1;56200;ASH_COATED_OSMIUM;9994;12;9993;10;;;10012.0;30;10015.0;15;;;10002.5;0.0
1;56200;INTARIAN_PEPPER_ROOT;15046;10;15045;8;;;15060.0;19;15063.0;8;;;15053.0;0.0
1;56300;ASH_COATED_OSMIUM;9994;14;;;;;10010.0;11;;;;;10002.5;0.0
1;56300;INTARIAN_PEPPER_ROOT;15052;8;15049;12;;;15065.0;9;15066.0;8;;;15059.0;0.0
1;56400;ASH_COATED_OSMIUM;9994;13;9992;2;;;10010.0;14;10011.0;11;;;10002.5;0.0
1;56400;INTARIAN_PEPPER_ROOT;15046;12;15043;12;15041;4;15059.0;9;15060.0;8;15061.0;11;15053.0;0.0
1;56500;ASH_COATED_OSMIUM;9990;21;9988;29;;;10006.0;14;10008.0;13;;;9997.5;0.0
1;56500;INTARIAN_PEPPER_ROOT;15047;8;;;;;15064.0;9;;;;;15055.5;0.0
1;56600;ASH_COATED_OSMIUM;9994;12;;;;;10010.0;22;;;;;10002.5;0.0
1;56600;INTARIAN_PEPPER_ROOT;15046;9;15045;12;;;15059.0;25;15060.0;11;;;15052.5;0.0
1;56700;ASH_COATED_OSMIUM;9994;13;9991;15;;;10010.0;12;10011.0;11;;;10002.5;0.0
1;56700;INTARIAN_PEPPER_ROOT;15053;12;15051;9;;;15065.0;10;15067.0;16;;;15059.0;0.0
1;56800;ASH_COATED_OSMIUM;9990;15;9989;13;;;10006.0;15;10009.0;24;;;9997.5;0.0
1;56800;INTARIAN_PEPPER_ROOT;15048;11;15047;9;;;15066.0;9;15069.0;8;;;15057.0;0.0
1;56900;ASH_COATED_OSMIUM;9988;13;9986;11;9984;13;10007.0;14;10010.0;14;10012.0;13;9997.5;0.0
1;56900;INTARIAN_PEPPER_ROOT;15050;11;;;;;15063.0;8;;;;;15056.5;0.0
1;57000;ASH_COATED_OSMIUM;9993;27;9990;14;;;10012.0;11;10013.0;13;;;10002.5;0.0
1;57000;INTARIAN_PEPPER_ROOT;15048;16;15047;11;;;15063.0;10;15066.0;9;;;15055.0;0.0
1;57100;ASH_COATED_OSMIUM;9994;23;9993;10;;;10010.0;11;10013.0;12;;;10002.5;0.0
1;57100;INTARIAN_PEPPER_ROOT;15047;9;15045;15;;;15065.0;9;15068.0;11;;;15056.0;0.0
1;57200;ASH_COATED_OSMIUM;9994;14;;;;;10010.0;11;;;;;10002.5;0.0
1;57200;INTARIAN_PEPPER_ROOT;15048;20;15047;22;15046;21;15063.0;11;15065.0;10;15066.0;12;15056.0;0.0
1;57300;ASH_COATED_OSMIUM;9990;13;9988;13;;;10006.0;10;10009.0;11;;;9997.5;0.0
1;57300;INTARIAN_PEPPER_ROOT;15046;11;;;;;15061.0;11;;;;;15054.0;0.0
1;57400;ASH_COATED_OSMIUM;9994;10;9992;26;;;10010.0;10;10011.0;26;;;10002.5;0.0
1;57400;INTARIAN_PEPPER_ROOT;15046;12;15045;12;;;15058.0;12;15061.0;11;;;15052.0;0.0
1;57500;ASH_COATED_OSMIUM;9994;15;9993;15;;;10010.0;10;10011.0;13;;;10002.5;0.0
1;57500;INTARIAN_PEPPER_ROOT;15043;12;15040;10;15038;12;15062.0;12;15065.0;11;15066.0;17;15052.5;0.0
1;57600;ASH_COATED_OSMIUM;9990;14;9988;15;;;10006.0;3;10008.0;12;;;9997.5;0.0
1;57600;INTARIAN_PEPPER_ROOT;15052;8;15049;9;15046;11;15064.0;11;15067.0;18;15069.0;15;15057.5;0.0
1;57700;ASH_COATED_OSMIUM;9990;14;9989;23;;;10006.0;5;10009.0;13;;;9997.5;0.0
1;57700;INTARIAN_PEPPER_ROOT;15050;8;;;;;15063.0;9;;;;;15056.0;0.0
1;57800;ASH_COATED_OSMIUM;9994;15;;;;;10010.0;10;;;;;10002.5;0.0
1;57800;INTARIAN_PEPPER_ROOT;15052;11;15049;20;;;15066.0;11;15068.0;5;;;15059.0;0.0
1;57900;ASH_COATED_OSMIUM;9988;13;;;;;10007.0;22;;;;;9997.5;0.0
1;57900;INTARIAN_PEPPER_ROOT;15061;12;15058;8;;;15076.0;10;15078.0;8;;;15068.5;0.0
1;58000;ASH_COATED_OSMIUM;9990;26;9987;11;;;10006.0;10;10009.0;15;;;9997.5;0.0
1;58000;INTARIAN_PEPPER_ROOT;15052;11;15049;8;;;15066.0;18;15068.0;25;;;15059.0;0.0
1;58100;ASH_COATED_OSMIUM;9990;13;;;;;10006.0;12;;;;;9997.5;0.0
1;58100;INTARIAN_PEPPER_ROOT;15053;8;;;;;15068.0;12;;;;;15060.5;0.0
1;58200;ASH_COATED_OSMIUM;9994;15;;;;;10010.0;10;;;;;10002.5;0.0
1;58200;INTARIAN_PEPPER_ROOT;15056;9;;;;;15064.0;21;;;;;15060.5;0.0
1;58300;ASH_COATED_OSMIUM;9990;11;9987;11;;;10006.0;13;10007.0;12;;;9997.5;0.0
1;58300;INTARIAN_PEPPER_ROOT;15050;12;15048;25;;;15064.0;12;15065.0;10;;;15056.5;0.0
1;58400;ASH_COATED_OSMIUM;9990;13;9987;12;9985;14;10006.0;30;10007.0;14;10010.0;10;9997.5;0.0
1;58400;INTARIAN_PEPPER_ROOT;15054;10;15051;11;;;15066.0;10;15067.0;25;;;15060.5;0.0
1;58500;ASH_COATED_OSMIUM;9990;28;;;;;10006.0;12;;;;;9997.5;0.0
1;58500;INTARIAN_PEPPER_ROOT;15050;7;15047;10;;;15067.0;8;15069.0;9;;;15059.0;0.0
1;58600;ASH_COATED_OSMIUM;9990;14;9988;14;;;10006.0;14;10008.0;15;;;9997.5;0.0
1;58600;INTARIAN_PEPPER_ROOT;15048;12;;;;;15065.0;9;;;;;15056.0;0.0
1;58700;ASH_COATED_OSMIUM;9993;20;9991;13;;;10012.0;10;10013.0;11;;;10002.5;0.0
1;58700;INTARIAN_PEPPER_ROOT;15053;8;15051;19;15049;10;15067.0;9;15069.0;20;15071.0;21;15060.0;0.0
1;58800;ASH_COATED_OSMIUM;9994;13;9991;30;;;10010.0;15;10011.0;26;;;10002.5;0.0
1;58800;INTARIAN_PEPPER_ROOT;15048;10;15046;18;;;15066.0;8;15069.0;11;;;15057.5;0.0
1;58900;ASH_COATED_OSMIUM;9994;12;9991;14;;;10010.0;30;10013.0;11;;;10002.5;0.0
1;58900;INTARIAN_PEPPER_ROOT;15055;8;15053;11;15051;25;15072.0;12;15074.0;11;15077.0;8;15063.5;0.0
1;59000;ASH_COATED_OSMIUM;9988;11;9985;13;;;10006.0;10;10007.0;10;;;9997.5;0.0
1;59000;INTARIAN_PEPPER_ROOT;15048;9;;;;;15063.0;23;;;;;15056.0;0.0
1;59100;ASH_COATED_OSMIUM;9990;12;9987;15;9985;22;10006.0;23;10009.0;11;10012.0;22;9997.5;0.0
1;59100;INTARIAN_PEPPER_ROOT;15052;9;15050;10;;;15067.0;8;15070.0;11;;;15059.0;0.0
1;59200;ASH_COATED_OSMIUM;9988;26;9986;13;;;10006.0;13;10009.0;21;;;9997.5;0.0
1;59200;INTARIAN_PEPPER_ROOT;15051;12;15050;12;;;15065.0;20;15067.0;8;;;15058.0;0.0
1;59300;ASH_COATED_OSMIUM;9993;15;;;;;10012.0;10;;;;;10002.5;0.0
1;59300;INTARIAN_PEPPER_ROOT;15050;8;;;;;15065.0;8;;;;;15057.5;0.0
1;59400;ASH_COATED_OSMIUM;9990;12;9989;12;;;10005.0;13;10008.0;20;;;9997.5;0.0
1;59400;INTARIAN_PEPPER_ROOT;15055;6;;;;;15069.0;16;;;;;15062.0;0.0
1;59500;ASH_COATED_OSMIUM;9994;3;;;;;10012.0;10;;;;;10002.5;0.0
1;59500;INTARIAN_PEPPER_ROOT;15056;11;;;;;15074.0;8;;;;;15065.5;0.0
1;59600;ASH_COATED_OSMIUM;9988;10;9987;15;9985;5;10007.0;14;10009.0;10;10012.0;15;9997.5;0.0
1;59600;INTARIAN_PEPPER_ROOT;15054;12;15051;10;;;15066.0;12;15067.0;8;;;15060.5;0.0
1;59700;ASH_COATED_OSMIUM;9990;12;9987;20;;;10006.0;13;10009.0;10;;;9997.5;0.0
1;59700;INTARIAN_PEPPER_ROOT;15060;9;;;;;15063.0;12;;;;;15061.5;0.0
1;59800;ASH_COATED_OSMIUM;9993;10;9992;10;;;10012.0;15;10014.0;29;;;10002.5;0.0
1;59800;INTARIAN_PEPPER_ROOT;15052;9;15049;12;;;15065.0;8;15067.0;10;;;15058.5;0.0
1;59900;ASH_COATED_OSMIUM;9994;13;9991;14;9989;10;10010.0;11;10011.0;12;10012.0;12;10002.5;0.0
1;59900;INTARIAN_PEPPER_ROOT;15052;12;15051;10;;;15067.0;8;15070.0;9;;;15059.0;0.0
1;60000;ASH_COATED_OSMIUM;9994;9;;;;;10010.0;10;;;;;10002.5;0.0
1;60000;INTARIAN_PEPPER_ROOT;15055;12;;;;;15071.0;9;;;;;15063.0;0.0
1;60100;ASH_COATED_OSMIUM;9994;14;9993;15;;;10010.0;27;10013.0;21;;;10002.5;0.0
1;60100;INTARIAN_PEPPER_ROOT;15056;10;15055;10;15053;9;15070.0;12;15073.0;12;15076.0;12;15063.0;0.0
1;60200;ASH_COATED_OSMIUM;9994;14;9993;28;;;10010.0;22;10013.0;11;;;10002.5;0.0
1;60200;INTARIAN_PEPPER_ROOT;15050;16;;;;;15065.0;20;;;;;15057.0;0.0
1;60300;ASH_COATED_OSMIUM;9992;24;9989;29;;;10004.0;13;10006.0;15;;;9997.5;0.0
1;60300;INTARIAN_PEPPER_ROOT;15052;11;;;;;15067.0;12;;;;;15059.0;0.0
1;60400;ASH_COATED_OSMIUM;9990;15;;;;;10006.0;14;;;;;9997.5;0.0
1;60400;INTARIAN_PEPPER_ROOT;15052;12;;;;;15067.0;11;;;;;15059.5;0.0
1;60500;ASH_COATED_OSMIUM;10000;11;;;;;10005.0;26;;;;;10002.5;0.0
1;60500;INTARIAN_PEPPER_ROOT;15050;10;;;;;15066.0;9;;;;;15057.5;0.0
1;60600;ASH_COATED_OSMIUM;9994;12;;;;;10010.0;25;;;;;10002.5;0.0
1;60600;INTARIAN_PEPPER_ROOT;15049;21;15047;8;;;15061.0;23;15064.0;12;;;15055.0;0.0
1;60700;ASH_COATED_OSMIUM;9994;12;9992;21;9991;11;10010.0;15;10011.0;10;10014.0;24;10002.5;0.0
1;60700;INTARIAN_PEPPER_ROOT;15052;9;;;;;15064.0;12;;;;;15058.5;0.0
1;60800;ASH_COATED_OSMIUM;9993;12;;;;;10012.0;2;;;;;10002.5;0.0
1;60800;INTARIAN_PEPPER_ROOT;15052;11;;;;;15065.0;9;;;;;15059.0;0.0
1;60900;ASH_COATED_OSMIUM;9990;13;9989;23;;;10006.0;12;10009.0;14;;;9997.5;0.0
1;60900;INTARIAN_PEPPER_ROOT;15064;21;15063;9;;;15078.0;12;15080.0;12;;;15071.5;0.0
1;61000;ASH_COATED_OSMIUM;9994;13;;;;;10010.0;13;;;;;10002.5;0.0
1;61000;INTARIAN_PEPPER_ROOT;15053;22;15052;11;;;15071.0;11;15073.0;11;;;15062.0;0.0
1;61100;ASH_COATED_OSMIUM;9994;11;9993;12;9990;15;10010.0;29;10011.0;11;10013.0;15;10002.5;0.0
1;61100;INTARIAN_PEPPER_ROOT;15055;12;15053;11;;;15070.0;8;15072.0;8;;;15062.5;0.0
1;61200;ASH_COATED_OSMIUM;9994;23;9993;12;;;10010.0;15;10012.0;26;;;10002.5;0.0
1;61200;INTARIAN_PEPPER_ROOT;15057;11;15054;15;15052;8;15060.0;11;15061.0;11;15062.0;9;15058.5;0.0
1;61300;ASH_COATED_OSMIUM;9994;13;;;;;10010.0;24;;;;;10002.5;0.0
1;61300;INTARIAN_PEPPER_ROOT;15056;12;;;;;15070.0;11;;;;;15063.0;0.0
1;61400;ASH_COATED_OSMIUM;9990;13;;;;;10006.0;10;;;;;9997.5;0.0
1;61400;INTARIAN_PEPPER_ROOT;15062;11;;;;;15074.0;12;;;;;15067.5;0.0
1;61500;ASH_COATED_OSMIUM;9994;14;9993;5;;;10010.0;27;10011.0;3;;;10002.5;0.0
1;61500;INTARIAN_PEPPER_ROOT;15052;12;15049;22;;;15068.0;10;15070.0;23;;;15060.5;0.0
1;61600;ASH_COATED_OSMIUM;9998;10;9995;13;;;10008.0;13;10010.0;14;;;10002.5;0.0
1;61600;INTARIAN_PEPPER_ROOT;15056;12;;;;;15070.0;10;;;;;15063.5;0.0
1;61700;ASH_COATED_OSMIUM;10000;15;9997;14;;;10006.0;10;10008.0;10;;;10002.5;0.0
1;61700;INTARIAN_PEPPER_ROOT;15053;9;15052;9;15051;10;15067.0;11;15069.0;10;15070.0;9;15060.0;0.0
1;61800;ASH_COATED_OSMIUM;9994;12;9991;14;;;10010.0;11;10013.0;12;;;10002.5;0.0
