day;timestamp;product;bid_price_1;bid_volume_1;bid_price_2;bid_volume_2;bid_price_3;bid_volume_3;ask_price_1;ask_volume_1;ask_price_2;ask_volume_2;ask_price_3;ask_volume_3;mid_price;profit_and_loss
2;0;ASH_COATED_OSMIUM;9993;12;;;;;10012.0;15;;;;;10002.5;0.0
2;0;INTARIAN_PEPPER_ROOT;15993;12;15992;11;;;16010.0;12;16011.0;11;;;16001.5;0.0
2;100;ASH_COATED_OSMIUM;9992;10;9990;10;;;10002.0;15;10004.0;15;;;9997.5;0.0
2;100;INTARIAN_PEPPER_ROOT;15990;8;;;;;16007.0;12;;;;;15998.5;0.0
2;200;ASH_COATED_OSMIUM;9993;21;9992;11;9989;15;10012.0;2;10014.0;20;10015.0;13;10002.5;0.0
2;200;INTARIAN_PEPPER_ROOT;15993;10;;;;;16007.0;11;;;;;16000.0;0.0
2;300;ASH_COATED_OSMIUM;9994;27;9991;11;;;10012.0;11;10015.0;11;;;10002.5;0.0
2;300;INTARIAN_PEPPER_ROOT;15994;10;;;;;16007.0;23;;;;;16000.5;0.0
2;400;ASH_COATED_OSMIUM;9994;10;9991;12;9988;13;10010.0;12;10011.0;15;10013.0;11;10002.5;0.0
2;400;INTARIAN_PEPPER_ROOT;15995;15;15992;12;;;16009.0;18;16011.0;11;;;16002.0;0.0
2;500;ASH_COATED_OSMIUM;9994;23;9991;15;;;10010.0;11;10011.0;15;;;10002.5;0.0
2;500;INTARIAN_PEPPER_ROOT;15994;12;15993;9;15991;11;16008.0;19;16011.0;10;16014.0;17;16000.5;0.0
2;600;ASH_COATED_OSMIUM;9990;12;;;;;10006.0;28;;;;;9997.5;0.0
2;600;INTARIAN_PEPPER_ROOT;15994;12;15992;12;15991;12;16007.0;23;16010.0;18;16011.0;12;16000.5;0.0
2;700;ASH_COATED_OSMIUM;9990;14;9987;15;;;10006.0;14;10009.0;9;;;9997.5;0.0
2;700;INTARIAN_PEPPER_ROOT;15993;9;15990;23;;;16006.0;8;16007.0;8;;;15999.5;0.0
2;800;ASH_COATED_OSMIUM;10000;13;9999;15;;;10006.0;11;10007.0;14;;;10002.5;0.0
2;800;INTARIAN_PEPPER_ROOT;15994;8;15991;10;;;16007.0;12;16009.0;9;;;16000.0;0.0
2;900;ASH_COATED_OSMIUM;9994;12;;;;;10010.0;14;;;;;10002.5;0.0
2;900;INTARIAN_PEPPER_ROOT;15993;11;15991;9;15988;12;16008.0;15;16011.0;8;16012.0;8;16000.5;0.0
2;1000;ASH_COATED_OSMIUM;9988;14;9986;13;;;10006.0;14;10008.0;13;;;9997.5;0.0
2;1000;INTARIAN_PEPPER_ROOT;15994;22;15993;8;;;16007.0;12;16008.0;10;;;16000.0;0.0
2;1100;ASH_COATED_OSMIUM;9994;10;9991;15;;;10010.0;12;10013.0;15;;;10002.5;0.0
2;1100;INTARIAN_PEPPER_ROOT;15990;12;15989;11;15988;15;16011.0;9;16014.0;10;16015.0;23;16001.0;0.0
2;1200;ASH_COATED_OSMIUM;9998;15;;;;;10008.0;12;;;;;10002.5;0.0
2;1200;INTARIAN_PEPPER_ROOT;16000;9;;;;;16003.0;9;;;;;16001.5;0.0
2;1300;ASH_COATED_OSMIUM;9990;15;9987;12;9984;14;10006.0;11;10009.0;13;10010.0;10;9997.5;0.0
2;1300;INTARIAN_PEPPER_ROOT;15996;12;15995;10;;;16010.0;10;16012.0;10;;;16003.0;0.0
2;1400;ASH_COATED_OSMIUM;9990;14;9987;11;9986;10;10006.0;11;10009.0;30;10012.0;13;9997.5;0.0
2;1400;INTARIAN_PEPPER_ROOT;15997;8;;;;;16010.0;23;;;;;16003.5;0.0
2;1500;ASH_COATED_OSMIUM;9994;10;9993;15;9991;25;10010.0;24;10012.0;11;10013.0;3;10002.5;0.0
2;1500;INTARIAN_PEPPER_ROOT;16000;12;15999;12;;;16002.0;9;16003.0;12;;;16001.0;0.0
2;1600;ASH_COATED_OSMIUM;9994;13;;;;;10012.0;13;;;;;10002.5;0.0
2;1600;INTARIAN_PEPPER_ROOT;15992;10;;;;;16005.0;22;;;;;15998.0;0.0
2;1700;ASH_COATED_OSMIUM;9998;13;9995;13;;;10008.0;15;10010.0;11;;;10002.5;0.0
2;1700;INTARIAN_PEPPER_ROOT;15994;10;15993;21;15992;23;16006.0;12;16007.0;16;16010.0;10;15999.5;0.0
2;1800;ASH_COATED_OSMIUM;9990;12;;;;;10006.0;10;;;;;9997.5;0.0
2;1800;INTARIAN_PEPPER_ROOT;15993;11;15990;10;;;16006.0;8;16009.0;9;;;15999.5;0.0
2;1900;ASH_COATED_OSMIUM;9988;15;9987;10;9985;20;10006.0;15;10009.0;27;10012.0;11;9997.5;0.0
2;1900;INTARIAN_PEPPER_ROOT;15996;11;15994;11;15992;8;16010.0;12;16012.0;12;16014.0;12;16003.0;0.0
2;2000;ASH_COATED_OSMIUM;9990;10;9988;11;9985;23;10006.0;13;10008.0;25;10010.0;11;9997.5;0.0
2;2000;INTARIAN_PEPPER_ROOT;16000;11;15999;8;;;16003.0;7;16004.0;10;;;16002.0;0.0
2;2100;ASH_COATED_OSMIUM;9994;10;9991;28;;;10010.0;15;10011.0;14;;;10002.5;0.0
2;2100;INTARIAN_PEPPER_ROOT;16000;10;;;;;16013.0;25;;;;;16006.0;0.0
2;2200;ASH_COATED_OSMIUM;9994;12;9993;14;;;10010.0;14;10011.0;11;;;10002.5;0.0
2;2200;INTARIAN_PEPPER_ROOT;15995;11;15994;10;;;16007.0;8;16008.0;11;;;16001.0;0.0
2;2300;ASH_COATED_OSMIUM;9988;15;;;;;10007.0;12;;;;;9997.5;0.0
2;2300;INTARIAN_PEPPER_ROOT;16000;17;15997;12;;;16012.0;17;16013.0;22;;;16005.5;0.0
2;2400;ASH_COATED_OSMIUM;9990;11;9989;14;9987;13;10006.0;29;10007.0;12;10008.0;14;9997.5;0.0
2;2400;INTARIAN_PEPPER_ROOT;15998;11;15996;8;;;16012.0;9;16014.0;12;;;16005.5;0.0
2;2500;ASH_COATED_OSMIUM;9990;15;9989;14;;;10006.0;12;10009.0;11;;;9997.5;0.0
2;2500;INTARIAN_PEPPER_ROOT;15995;8;15992;10;15990;9;16008.0;8;16009.0;12;16011.0;11;16001.5;0.0
2;2600;ASH_COATED_OSMIUM;9994;14;9993;14;9990;15;10012.0;12;10013.0;13;10014.0;13;10002.5;0.0
2;2600;INTARIAN_PEPPER_ROOT;16002;10;;;;;16005.0;21;;;;;16003.0;0.0
2;2700;ASH_COATED_OSMIUM;9993;13;;;;;10012.0;11;;;;;10002.5;0.0
2;2700;INTARIAN_PEPPER_ROOT;15996;15;;;;;16011.0;10;;;;;16003.0;0.0
2;2800;ASH_COATED_OSMIUM;9990;11;9988;10;;;10006.0;10;10007.0;10;;;9997.5;0.0
2;2800;INTARIAN_PEPPER_ROOT;15998;11;;;;;16012.0;9;;;;;16005.5;0.0
2;2900;ASH_COATED_OSMIUM;9993;26;;;;;10002.0;15;;;;;9997.5;0.0
2;2900;INTARIAN_PEPPER_ROOT;15993;8;15991;10;;;16007.0;12;16010.0;12;;;16000.0;0.0
2;3000;ASH_COATED_OSMIUM;9992;13;;;;;10004.0;12;;;;;9997.5;0.0
2;3000;INTARIAN_PEPPER_ROOT;15997;23;15994;9;;;16011.0;8;16014.0;8;;;16004.0;0.0
2;3100;ASH_COATED_OSMIUM;9992;15;;;;;10002.0;15;;;;;9997.5;0.0
2;3100;INTARIAN_PEPPER_ROOT;15993;12;15992;10;;;16006.0;11;16008.0;24;;;15999.5;0.0
2;3200;ASH_COATED_OSMIUM;9988;2;9987;24;;;10006.0;14;10007.0;22;;;9997.5;0.0
2;3200;INTARIAN_PEPPER_ROOT;15990;12;15987;10;15984;12;16006.0;8;16009.0;12;16012.0;25;15997.5;0.0
2;3300;ASH_COATED_OSMIUM;9994;11;9992;11;;;10012.0;13;10013.0;10;;;10002.5;0.0
2;3300;INTARIAN_PEPPER_ROOT;15996;7;15994;12;15992;9;16011.0;18;16012.0;8;16015.0;24;16004.0;0.0
2;3400;ASH_COATED_OSMIUM;9990;12;;;;;10006.0;15;;;;;9997.5;0.0
2;3400;INTARIAN_PEPPER_ROOT;15994;15;15993;8;15991;15;16009.0;21;16010.0;8;16012.0;8;16002.0;0.0
2;3500;ASH_COATED_OSMIUM;9994;5;9991;14;;;10010.0;14;10011.0;10;;;10002.5;0.0
2;3500;INTARIAN_PEPPER_ROOT;15996;11;;;;;16010.0;11;;;;;16003.5;0.0
2;3600;ASH_COATED_OSMIUM;9994;12;9992;12;;;10010.0;23;10012.0;10;;;10002.5;0.0
2;3600;INTARIAN_PEPPER_ROOT;15996;9;;;;;16009.0;8;;;;;16003.0;0.0
2;3700;ASH_COATED_OSMIUM;9990;15;9987;13;9986;13;10006.0;29;10009.0;10;10010.0;29;9997.5;0.0
2;3700;INTARIAN_PEPPER_ROOT;15994;8;15993;12;15992;9;16008.0;25;16011.0;9;16013.0;9;16001.0;0.0
2;3800;ASH_COATED_OSMIUM;9987;15;;;;;10008.0;15;;;;;9997.5;0.0
2;3800;INTARIAN_PEPPER_ROOT;15991;10;15990;11;;;16004.0;11;16007.0;9;;;15997.5;0.0
2;3900;ASH_COATED_OSMIUM;9990;13;9989;13;;;10006.0;28;10009.0;13;;;9997.5;0.0
2;3900;INTARIAN_PEPPER_ROOT;15995;21;15994;12;;;16008.0;9;16011.0;11;;;16001.5;0.0
2;4000;ASH_COATED_OSMIUM;9994;15;9992;21;9990;13;10010.0;26;10012.0;22;10015.0;10;10002.5;0.0
2;4000;INTARIAN_PEPPER_ROOT;15992;8;15991;10;15989;19;16006.0;8;16009.0;8;16011.0;10;15998.5;0.0
2;4100;ASH_COATED_OSMIUM;9990;15;9988;11;9986;10;10006.0;13;10008.0;12;10010.0;13;9997.5;0.0
2;4100;INTARIAN_PEPPER_ROOT;15998;10;;;;;16013.0;12;;;;;16006.0;0.0
2;4200;ASH_COATED_OSMIUM;9990;14;9988;12;;;10006.0;13;10007.0;15;;;9997.5;0.0
2;4200;INTARIAN_PEPPER_ROOT;15998;11;15996;10;;;16012.0;11;16014.0;10;;;16005.0;0.0
2;4300;ASH_COATED_OSMIUM;9993;15;9991;13;;;10012.0;15;10015.0;15;;;10002.5;0.0
2;4300;INTARIAN_PEPPER_ROOT;15974;10;15973;8;15972;8;15995.0;8;15998.0;10;16001.0;25;15985.0;0.0
2;4400;ASH_COATED_OSMIUM;9994;11;9993;11;;;10010.0;10;10011.0;11;;;10002.5;0.0
2;4400;INTARIAN_PEPPER_ROOT;16000;22;15997;19;15996;8;16013.0;11;16016.0;10;16018.0;23;16007.0;0.0
2;4500;ASH_COATED_OSMIUM;9990;13;9988;13;;;10006.0;15;10007.0;13;;;9997.5;0.0
2;4500;INTARIAN_PEPPER_ROOT;16000;12;15999;22;;;16016.0;10;16018.0;11;;;16007.5;0.0
2;4600;ASH_COATED_OSMIUM;9990;14;;;;;10006.0;11;;;;;9997.5;0.0
2;4600;INTARIAN_PEPPER_ROOT;16002;20;16001;9;;;16004.0;9;16006.0;12;;;16003.0;0.0
2;4700;ASH_COATED_OSMIUM;9994;22;9991;15;;;10010.0;12;10011.0;13;;;10002.5;0.0
2;4700;INTARIAN_PEPPER_ROOT;15996;12;15994;12;15993;23;16011.0;19;16014.0;11;16017.0;12;16004.0;0.0
2;4800;ASH_COATED_OSMIUM;9994;13;9993;13;;;10012.0;10;10013.0;11;;;10002.5;0.0
2;4800;INTARIAN_PEPPER_ROOT;15996;11;15993;9;;;16014.0;12;16015.0;21;;;16005.5;0.0
2;4900;ASH_COATED_OSMIUM;9990;11;9987;15;;;10006.0;24;10008.0;12;;;9997.5;0.0
2;4900;INTARIAN_PEPPER_ROOT;16001;8;16000;8;15999;9;16009.0;8;16011.0;8;16012.0;8;16005.0;0.0
2;5000;ASH_COATED_OSMIUM;9988;12;9986;11;;;10007.0;14;10009.0;15;;;9997.5;0.0
2;5000;INTARIAN_PEPPER_ROOT;15994;8;;;;;16008.0;10;;;;;16001.5;0.0
2;5100;ASH_COATED_OSMIUM;9990;10;9989;21;;;10006.0;13;10007.0;13;;;9997.5;0.0
2;5100;INTARIAN_PEPPER_ROOT;15996;12;15993;19;15990;10;16012.0;12;16014.0;9;16015.0;9;16004.5;0.0
2;5200;ASH_COATED_OSMIUM;9994;21;;;;;10000.0;14;;;;;9997.5;0.0
2;5200;INTARIAN_PEPPER_ROOT;16001;9;15998;9;15997;12;16013.0;19;16014.0;11;16017.0;12;16007.0;0.0
2;5300;ASH_COATED_OSMIUM;9990;11;9989;10;;;10006.0;12;10009.0;21;;;9997.5;0.0
2;5300;INTARIAN_PEPPER_ROOT;15996;10;15993;8;;;16010.0;10;16012.0;10;;;16003.5;0.0
2;5400;ASH_COATED_OSMIUM;9994;30;9992;30;;;10012.0;11;10015.0;12;;;10002.5;0.0
2;5400;INTARIAN_PEPPER_ROOT;15998;16;15995;9;15994;10;16013.0;12;16015.0;12;16017.0;17;16005.0;0.0
2;5500;ASH_COATED_OSMIUM;9994;12;9992;29;9989;10;10010.0;26;10013.0;14;10014.0;3;10002.5;0.0
2;5500;INTARIAN_PEPPER_ROOT;15997;10;15996;12;;;16012.0;12;16013.0;8;;;16004.5;0.0
2;5600;ASH_COATED_OSMIUM;9993;29;9990;23;9988;15;10012.0;12;10015.0;15;10017.0;13;10002.5;0.0
2;5600;INTARIAN_PEPPER_ROOT;15997;10;15994;12;;;16012.0;11;16015.0;10;;;16004.5;0.0
2;5700;ASH_COATED_OSMIUM;9994;26;9992;12;9990;7;10010.0;15;10011.0;11;10013.0;13;10002.5;0.0
2;5700;INTARIAN_PEPPER_ROOT;15996;11;15994;9;15992;10;16011.0;9;16012.0;10;16014.0;8;16004.0;0.0
2;5800;ASH_COATED_OSMIUM;9994;11;;;;;10010.0;15;;;;;10002.5;0.0
2;5800;INTARIAN_PEPPER_ROOT;16002;9;15999;5;;;16019.0;9;16022.0;8;;;16010.0;0.0
2;5900;ASH_COATED_OSMIUM;9994;26;;;;;10010.0;12;;;;;10002.5;0.0
2;5900;INTARIAN_PEPPER_ROOT;16004;8;16003;11;;;16022.0;12;16025.0;15;;;16013.0;0.0
2;6000;ASH_COATED_OSMIUM;9994;29;9993;12;;;10002.0;14;10004.0;12;;;9997.5;0.0
2;6000;INTARIAN_PEPPER_ROOT;15998;11;15995;11;15993;8;16010.0;9;16013.0;12;16014.0;9;16003.5;0.0
2;6100;ASH_COATED_OSMIUM;9988;12;9987;10;;;10006.0;11;10009.0;13;;;9997.5;0.0
2;6100;INTARIAN_PEPPER_ROOT;16002;11;15999;8;15998;12;16015.0;8;16017.0;12;16018.0;8;16008.5;0.0
2;6200;ASH_COATED_OSMIUM;9988;13;9987;12;;;10007.0;10;10010.0;14;;;9997.5;0.0
2;6200;INTARIAN_PEPPER_ROOT;15996;22;15995;8;;;16011.0;10;16014.0;9;;;16003.0;0.0
2;6300;ASH_COATED_OSMIUM;9998;15;9995;26;9994;15;10008.0;15;10009.0;13;10010.0;10;10002.5;0.0
2;6300;INTARIAN_PEPPER_ROOT;16000;7;;;;;16013.0;10;;;;;16007.0;0.0
2;6400;ASH_COATED_OSMIUM;9992;13;9989;20;9988;12;10002.0;11;10005.0;13;10007.0;11;9997.5;0.0
2;6400;INTARIAN_PEPPER_ROOT;16003;10;;;;;16006.0;12;;;;;16004.5;0.0
2;6500;ASH_COATED_OSMIUM;9994;10;9992;14;9990;15;10010.0;15;10012.0;11;10015.0;13;10002.5;0.0
2;6500;INTARIAN_PEPPER_ROOT;16000;10;15998;12;;;16014.0;11;16017.0;9;;;16007.5;0.0
2;6600;ASH_COATED_OSMIUM;9994;15;;;;;10010.0;11;;;;;10002.5;0.0
2;6600;INTARIAN_PEPPER_ROOT;16000;8;15997;10;;;16016.0;8;16017.0;19;;;16008.5;0.0
2;6700;ASH_COATED_OSMIUM;9993;13;;;;;10012.0;10;;;;;10002.5;0.0
2;6700;INTARIAN_PEPPER_ROOT;16009;9;;;;;16023.0;8;;;;;16016.0;0.0
2;6800;ASH_COATED_OSMIUM;9988;29;9987;11;;;10007.0;10;10008.0;11;;;9997.5;0.0
2;6800;INTARIAN_PEPPER_ROOT;16000;10;15998;10;15995;11;16017.0;25;16019.0;23;16020.0;10;16009.0;0.0
2;6900;ASH_COATED_OSMIUM;9994;12;9991;7;;;10012.0;12;10013.0;15;;;10002.5;0.0
2;6900;INTARIAN_PEPPER_ROOT;16002;8;;;;;16015.0;11;;;;;16008.0;0.0
2;7000;ASH_COATED_OSMIUM;9994;12;9991;7;9990;11;10010.0;14;10013.0;14;10015.0;2;10002.5;0.0
2;7000;INTARIAN_PEPPER_ROOT;15989;12;15987;11;;;16001.0;25;16004.0;11;;;15995.0;0.0
2;7100;ASH_COATED_OSMIUM;9994;13;;;;;10010.0;12;;;;;10002.5;0.0
2;7100;INTARIAN_PEPPER_ROOT;16000;15;15997;21;;;16014.0;11;16017.0;10;;;16006.5;0.0
2;7200;ASH_COATED_OSMIUM;9994;15;9991;12;;;10010.0;28;10011.0;12;;;10002.5;0.0
2;7200;INTARIAN_PEPPER_ROOT;16000;10;15998;11;;;16013.0;11;16014.0;11;;;16007.0;0.0
2;7300;ASH_COATED_OSMIUM;9990;25;9987;10;9985;11;10006.0;13;10009.0;26;10011.0;22;9997.5;0.0
2;7300;INTARIAN_PEPPER_ROOT;15998;8;;;;;16012.0;12;;;;;16005.5;0.0
2;7400;ASH_COATED_OSMIUM;9993;25;9992;23;;;10012.0;13;10013.0;13;;;10002.5;0.0
2;7400;INTARIAN_PEPPER_ROOT;16000;8;15999;8;15996;18;16014.0;11;16016.0;8;16019.0;12;16006.5;0.0
2;7500;ASH_COATED_OSMIUM;9993;11;9990;25;9988;12;10012.0;10;10013.0;15;10015.0;10;10002.5;0.0
2;7500;INTARIAN_PEPPER_ROOT;16004;9;16003;11;;;16018.0;11;16020.0;9;;;16010.5;0.0
2;7600;ASH_COATED_OSMIUM;9993;13;;;;;10012.0;13;;;;;10002.5;0.0
2;7600;INTARIAN_PEPPER_ROOT;15998;23;15996;9;;;16011.0;3;16014.0;12;;;16004.5;0.0
2;7700;ASH_COATED_OSMIUM;9994;13;9992;15;9989;12;10010.0;12;10011.0;3;10014.0;5;10002.5;0.0
2;7700;INTARIAN_PEPPER_ROOT;16008;11;16005;23;;;16011.0;11;16013.0;12;;;16009.5;0.0
2;7800;ASH_COATED_OSMIUM;9994;11;9992;12;;;10010.0;12;10012.0;10;;;10002.5;0.0
2;7800;INTARIAN_PEPPER_ROOT;16004;8;16002;9;15999;19;16017.0;10;16020.0;11;16021.0;9;16011.0;0.0
2;7900;ASH_COATED_OSMIUM;9994;11;9992;13;;;10010.0;11;10012.0;11;;;10002.5;0.0
2;7900;INTARIAN_PEPPER_ROOT;16002;8;16000;10;15998;9;16014.0;8;16017.0;11;16018.0;9;16008.0;0.0
2;8000;ASH_COATED_OSMIUM;9994;28;;;;;10012.0;13;;;;;10002.5;0.0
2;8000;INTARIAN_PEPPER_ROOT;16004;11;16002;4;;;16019.0;9;16021.0;11;;;16011.5;0.0
2;8100;ASH_COATED_OSMIUM;9988;21;9986;15;;;10006.0;12;10007.0;20;;;9997.5;0.0
2;8100;INTARIAN_PEPPER_ROOT;16003;8;16000;12;;;16016.0;8;16018.0;11;;;16009.5;0.0
2;8200;ASH_COATED_OSMIUM;9991;11;9990;13;;;10004.0;14;10005.0;11;;;9997.5;0.0
2;8200;INTARIAN_PEPPER_ROOT;16002;12;15999;21;15996;10;16014.0;8;16016.0;25;16018.0;11;16008.5;0.0
2;8300;ASH_COATED_OSMIUM;9992;15;9989;11;9987;14;10003.0;11;10006.0;14;10009.0;10;9997.5;0.0
2;8300;INTARIAN_PEPPER_ROOT;16000;12;15997;10;;;16014.0;12;16017.0;23;;;16007.0;0.0
2;8400;ASH_COATED_OSMIUM;9998;23;9995;11;9994;10;10007.0;11;10008.0;15;10009.0;11;10002.5;0.0
2;8400;INTARIAN_PEPPER_ROOT;16006;9;16005;10;;;16010.0;17;16013.0;9;;;16008.5;0.0
2;8500;ASH_COATED_OSMIUM;9994;12;9991;15;9990;13;10012.0;11;10014.0;14;10015.0;15;10002.5;0.0
2;8500;INTARIAN_PEPPER_ROOT;15998;9;15995;9;;;16012.0;9;16014.0;10;;;16005.5;0.0
2;8600;ASH_COATED_OSMIUM;9990;15;9989;15;;;10006.0;15;10007.0;28;;;9997.5;0.0
2;8600;INTARIAN_PEPPER_ROOT;16004;24;;;;;16017.0;15;;;;;16010.0;0.0
2;8700;ASH_COATED_OSMIUM;9990;15;9988;14;9987;22;10006.0;11;10008.0;12;10009.0;12;9997.5;0.0
2;8700;INTARIAN_PEPPER_ROOT;16003;10;;;;;16017.0;10;;;;;16010.0;0.0
2;8800;ASH_COATED_OSMIUM;9998;13;9997;11;;;10008.0;23;10010.0;11;;;10002.5;0.0
2;8800;INTARIAN_PEPPER_ROOT;16001;9;16000;12;15999;12;16015.0;9;16017.0;21;16018.0;10;16008.0;0.0
2;8900;ASH_COATED_OSMIUM;9992;12;9989;13;;;10003.0;11;10004.0;10;;;9997.5;0.0
2;8900;INTARIAN_PEPPER_ROOT;16000;12;;;;;16017.0;8;;;;;16009.0;0.0
2;9000;ASH_COATED_OSMIUM;9988;29;9986;10;;;10007.0;14;10009.0;5;;;9997.5;0.0
2;9000;INTARIAN_PEPPER_ROOT;16002;11;16000;11;15999;9;16020.0;11;16022.0;8;16023.0;9;16011.0;0.0
2;9100;ASH_COATED_OSMIUM;9990;13;9988;13;9985;13;10006.0;27;10008.0;20;10009.0;12;9997.5;0.0
2;9100;INTARIAN_PEPPER_ROOT;16000;8;15997;10;;;16019.0;21;16021.0;10;;;16010.0;0.0
2;9200;ASH_COATED_OSMIUM;9990;29;9988;15;9986;14;10006.0;25;10008.0;11;10009.0;10;9997.5;0.0
2;9200;INTARIAN_PEPPER_ROOT;16009;8;16008;10;;;16013.0;10;16015.0;8;;;16011.0;0.0
2;9300;ASH_COATED_OSMIUM;9988;13;9986;13;;;10007.0;30;10009.0;13;;;9997.5;0.0
2;9300;INTARIAN_PEPPER_ROOT;16001;9;;;;;16015.0;11;;;;;16008.0;0.0
2;9400;ASH_COATED_OSMIUM;9994;11;;;;;10010.0;11;;;;;10002.5;0.0
2;9400;INTARIAN_PEPPER_ROOT;16004;9;16001;17;15999;8;16019.0;12;16020.0;9;16022.0;11;16011.5;0.0
2;9500;ASH_COATED_OSMIUM;9994;15;9992;10;;;10010.0;14;10012.0;11;;;10002.5;0.0
2;9500;INTARIAN_PEPPER_ROOT;16004;12;16001;9;15998;12;16020.0;12;16021.0;4;16022.0;20;16011.5;0.0
2;9600;ASH_COATED_OSMIUM;9990;10;9987;11;;;10006.0;11;10009.0;22;;;9997.5;0.0
2;9600;INTARIAN_PEPPER_ROOT;16002;6;16000;17;;;16017.0;11;16018.0;12;;;16009.0;0.0
2;9700;ASH_COATED_OSMIUM;9994;22;9993;12;9990;14;10010.0;15;10011.0;4;10014.0;12;10002.5;0.0
2;9700;INTARIAN_PEPPER_ROOT;15998;11;;;;;16011.0;10;;;;;16004.5;0.0
2;9800;ASH_COATED_OSMIUM;9990;12;;;;;10006.0;15;;;;;9997.5;0.0
2;9800;INTARIAN_PEPPER_ROOT;16004;18;16003;8;16001;12;16017.0;12;16019.0;10;16022.0;24;16010.5;0.0
2;9900;ASH_COATED_OSMIUM;9987;11;9984;26;;;10008.0;12;10009.0;12;;;9997.5;0.0
2;9900;INTARIAN_PEPPER_ROOT;16000;9;;;;;16016.0;12;;;;;16008.0;0.0
2;10000;ASH_COATED_OSMIUM;9992;11;9991;14;;;10003.0;12;10004.0;13;;;9997.5;0.0
2;10000;INTARIAN_PEPPER_ROOT;16002;10;15999;12;;;16015.0;11;16017.0;17;;;16008.5;0.0
2;10100;ASH_COATED_OSMIUM;9990;12;;;;;10006.0;14;;;;;9997.5;0.0
2;10100;INTARIAN_PEPPER_ROOT;16001;21;;;;;16018.0;11;;;;;16009.5;0.0
2;10200;ASH_COATED_OSMIUM;9994;13;9991;12;9989;12;10010.0;27;10012.0;15;10014.0;14;10002.5;0.0
2;10200;INTARIAN_PEPPER_ROOT;16004;11;;;;;16021.0;11;;;;;16013.0;0.0
2;10300;ASH_COATED_OSMIUM;9988;13;9985;15;9984;10;10007.0;13;10009.0;12;10012.0;12;9997.5;0.0
2;10300;INTARIAN_PEPPER_ROOT;16004;16;;;;;16018.0;10;;;;;16010.5;0.0
2;10400;ASH_COATED_OSMIUM;9990;14;;;;;10006.0;13;;;;;9997.5;0.0
2;10400;INTARIAN_PEPPER_ROOT;15996;10;15993;19;15991;11;16012.0;8;16013.0;9;16014.0;10;16004.0;0.0
2;10500;ASH_COATED_OSMIUM;9994;12;9993;14;;;10010.0;28;10012.0;13;;;10002.5;0.0
2;10500;INTARIAN_PEPPER_ROOT;16002;12;16001;10;;;16019.0;8;16022.0;12;;;16010.5;0.0
2;10600;ASH_COATED_OSMIUM;9998;12;9995;26;;;10007.0;15;10008.0;14;;;10002.5;0.0
2;10600;INTARIAN_PEPPER_ROOT;16003;10;16001;10;;;16016.0;24;16017.0;9;;;16009.5;0.0
2;10700;ASH_COATED_OSMIUM;9990;15;9988;12;;;10006.0;13;10009.0;11;;;9997.5;0.0
2;10700;INTARIAN_PEPPER_ROOT;16001;10;16000;12;15999;18;16015.0;8;16017.0;10;16019.0;9;16008.0;0.0
2;10800;ASH_COATED_OSMIUM;9994;14;9993;20;;;10012.0;15;10015.0;10;;;10002.5;0.0
2;10800;INTARIAN_PEPPER_ROOT;16002;9;16000;18;;;16020.0;11;16021.0;11;;;16011.5;0.0
2;10900;ASH_COATED_OSMIUM;9987;12;;;;;10008.0;14;;;;;9997.5;0.0
2;10900;INTARIAN_PEPPER_ROOT;16006;8;16003;9;;;16019.0;9;16020.0;20;;;16013.0;0.0
2;11000;ASH_COATED_OSMIUM;9994;15;;;;;10010.0;22;;;;;10002.5;0.0
2;11000;INTARIAN_PEPPER_ROOT;16006;10;16003;23;;;16018.0;17;16021.0;10;;;16012.5;0.0
2;11100;ASH_COATED_OSMIUM;9992;14;9989;11;9988;13;10013.0;15;10016.0;13;10019.0;11;10002.5;0.0
2;11100;INTARIAN_PEPPER_ROOT;16008;18;;;;;16025.0;8;;;;;16016.0;0.0
2;11200;ASH_COATED_OSMIUM;9994;15;9991;10;;;10010.0;10;10013.0;12;;;10002.5;0.0
2;11200;INTARIAN_PEPPER_ROOT;16003;25;16000;8;15998;12;16020.0;10;16022.0;7;16024.0;9;16011.5;0.0
2;11300;ASH_COATED_OSMIUM;9993;12;9990;2;;;10012.0;10;10015.0;24;;;10002.5;0.0
2;11300;INTARIAN_PEPPER_ROOT;16007;10;16004;12;16003;12;16021.0;8;16022.0;25;16023.0;8;16014.0;0.0
2;11400;ASH_COATED_OSMIUM;9994;12;9992;22;;;10010.0;12;10013.0;10;;;10002.5;0.0
2;11400;INTARIAN_PEPPER_ROOT;16008;11;;;;;16021.0;9;;;;;16014.5;0.0
2;11500;ASH_COATED_OSMIUM;9990;26;9989;12;;;10006.0;11;10007.0;10;;;9997.5;0.0
2;11500;INTARIAN_PEPPER_ROOT;16005;10;16003;8;;;16018.0;19;16021.0;8;;;16011.5;0.0
2;11600;ASH_COATED_OSMIUM;9994;13;;;;;10010.0;23;;;;;10002.5;0.0
2;11600;INTARIAN_PEPPER_ROOT;16002;12;16000;9;;;16016.0;9;16018.0;18;;;16009.5;0.0
2;11700;ASH_COATED_OSMIUM;9988;22;;;;;10007.0;11;;;;;9997.5;0.0
2;11700;INTARIAN_PEPPER_ROOT;16006;15;16003;8;;;16020.0;25;16023.0;9;;;16012.5;0.0
2;11800;ASH_COATED_OSMIUM;9994;13;9992;15;;;10012.0;10;10013.0;13;;;10002.5;0.0
2;11800;INTARIAN_PEPPER_ROOT;16008;11;16006;11;16005;8;16023.0;16;16024.0;9;16025.0;23;16016.0;0.0
2;11900;ASH_COATED_OSMIUM;9987;12;;;;;10008.0;11;;;;;9997.5;0.0
2;11900;INTARIAN_PEPPER_ROOT;16006;9;16003;11;16001;12;16015.0;11;16018.0;12;16020.0;11;16010.5;0.0
2;12000;ASH_COATED_OSMIUM;9990;11;;;;;10006.0;13;;;;;9997.5;0.0
2;12000;INTARIAN_PEPPER_ROOT;16006;12;16003;11;16002;8;16020.0;11;16023.0;8;16024.0;25;16013.0;0.0
2;12100;ASH_COATED_OSMIUM;9994;15;9993;13;9990;27;10010.0;14;10011.0;12;10013.0;11;10002.5;0.0
2;12100;INTARIAN_PEPPER_ROOT;16007;18;;;;;16019.0;9;;;;;16013.0;0.0
2;12200;ASH_COATED_OSMIUM;9994;25;9992;11;9991;30;10012.0;13;10013.0;21;10014.0;11;10002.5;0.0
2;12200;INTARIAN_PEPPER_ROOT;16004;12;16002;10;;;16021.0;10;16024.0;12;;;16013.0;0.0
2;12300;ASH_COATED_OSMIUM;9990;21;9989;14;;;10006.0;14;10007.0;6;;;9997.5;0.0
2;12300;INTARIAN_PEPPER_ROOT;16005;11;16004;10;;;16019.0;12;16022.0;16;;;16012.0;0.0
2;12400;ASH_COATED_OSMIUM;9994;25;9991;13;;;10010.0;29;10013.0;20;;;10002.5;0.0
2;12400;INTARIAN_PEPPER_ROOT;16006;22;16004;9;16001;22;16019.0;15;16021.0;11;16024.0;10;16012.0;0.0
2;12500;ASH_COATED_OSMIUM;9990;15;9989;15;9986;14;10006.0;14;10009.0;13;10011.0;4;9997.5;0.0
2;12500;INTARIAN_PEPPER_ROOT;16008;11;16005;3;;;16021.0;11;16024.0;24;;;16015.0;0.0
2;12600;ASH_COATED_OSMIUM;9990;10;;;;;10006.0;14;;;;;9997.5;0.0
2;12600;INTARIAN_PEPPER_ROOT;16008;11;16006;12;;;16021.0;20;16022.0;12;;;16014.5;0.0
2;12700;ASH_COATED_OSMIUM;9990;14;9987;14;9984;12;10006.0;13;10009.0;14;10010.0;10;9997.5;0.0
2;12700;INTARIAN_PEPPER_ROOT;16007;8;16005;12;16004;10;16020.0;8;16022.0;8;16024.0;12;16013.5;0.0
2;12800;ASH_COATED_OSMIUM;9993;13;;;;;10012.0;15;;;;;10002.5;0.0
2;12800;INTARIAN_PEPPER_ROOT;16006;12;16005;9;;;16019.0;9;16020.0;10;;;16012.5;0.0
2;12900;ASH_COATED_OSMIUM;9988;10;9987;11;;;10006.0;22;10007.0;4;;;9997.5;0.0
2;12900;INTARIAN_PEPPER_ROOT;16006;4;16004;9;;;16023.0;10;16026.0;11;;;16015.0;0.0
2;13000;ASH_COATED_OSMIUM;9993;8;9990;26;9988;10;10012.0;20;10013.0;11;10015.0;10;10002.5;0.0
2;13000;INTARIAN_PEPPER_ROOT;16006;17;16005;12;16003;10;16020.0;8;16023.0;12;16025.0;9;16012.5;0.0
2;13100;ASH_COATED_OSMIUM;9994;4;;;;;10010.0;12;;;;;10002.5;0.0
2;13100;INTARIAN_PEPPER_ROOT;16006;9;16005;12;16004;9;16021.0;8;16024.0;12;16026.0;10;16014.0;0.0
2;13200;ASH_COATED_OSMIUM;9992;11;9989;15;9987;28;10013.0;15;10015.0;12;10016.0;13;10002.5;0.0
2;13200;INTARIAN_PEPPER_ROOT;16006;10;16004;9;;;16020.0;8;16021.0;16;;;16013.0;0.0
2;13300;ASH_COATED_OSMIUM;9988;12;;;;;10006.0;15;;;;;9997.5;0.0
2;13300;INTARIAN_PEPPER_ROOT;16007;9;16006;12;;;16019.0;22;16022.0;24;;;16013.0;0.0
2;13400;ASH_COATED_OSMIUM;9994;15;9991;11;;;10010.0;10;10011.0;13;;;10002.5;0.0
2;13400;INTARIAN_PEPPER_ROOT;16006;23;;;;;16019.0;25;;;;;16013.0;0.0
2;13500;ASH_COATED_OSMIUM;9990;30;9989;13;;;10006.0;14;10008.0;10;;;9997.5;0.0
2;13500;INTARIAN_PEPPER_ROOT;16002;19;;;;;16015.0;12;;;;;16008.0;0.0
2;13600;ASH_COATED_OSMIUM;9993;27;;;;;10012.0;22;;;;;10002.5;0.0
2;13600;INTARIAN_PEPPER_ROOT;16006;8;16003;17;;;16019.0;23;16020.0;12;;;16013.0;0.0
2;13700;ASH_COATED_OSMIUM;9994;14;9991;14;;;10010.0;11;10012.0;10;;;10002.5;0.0
2;13700;INTARIAN_PEPPER_ROOT;16005;10;16004;10;;;16018.0;8;16021.0;8;;;16011.5;0.0
2;13800;ASH_COATED_OSMIUM;9994;15;9991;13;;;10010.0;10;10012.0;15;;;10002.5;0.0
2;13800;INTARIAN_PEPPER_ROOT;16007;8;16005;11;16003;8;16025.0;11;16026.0;23;16027.0;9;16016.0;0.0
2;13900;ASH_COATED_OSMIUM;9990;12;9989;13;;;10006.0;11;10009.0;12;;;9997.5;0.0
2;13900;INTARIAN_PEPPER_ROOT;16008;11;;;;;16022.0;12;;;;;16014.5;0.0
2;14000;ASH_COATED_OSMIUM;9988;26;9986;15;9985;15;10007.0;20;10009.0;11;10010.0;15;9997.5;0.0
2;14000;INTARIAN_PEPPER_ROOT;16004;12;16002;15;;;16018.0;10;16021.0;11;;;16011.0;0.0
2;14100;ASH_COATED_OSMIUM;9988;14;9985;11;;;10007.0;13;10009.0;13;;;9997.5;0.0
2;14100;INTARIAN_PEPPER_ROOT;16008;12;16006;12;16005;10;16024.0;22;16025.0;21;16026.0;25;16016.5;0.0
2;14200;ASH_COATED_OSMIUM;9994;26;9992;15;9991;10;10010.0;3;10012.0;10;10015.0;10;10002.5;0.0
2;14200;INTARIAN_PEPPER_ROOT;16014;8;;;;;16017.0;20;;;;;16015.5;0.0
2;14300;ASH_COATED_OSMIUM;9994;28;9991;14;;;10010.0;15;10012.0;20;;;10002.5;0.0
2;14300;INTARIAN_PEPPER_ROOT;16010;10;16008;9;;;16026.0;11;16029.0;10;;;16018.5;0.0
2;14400;ASH_COATED_OSMIUM;9998;13;9997;11;9994;12;10008.0;14;10011.0;15;10014.0;14;10002.5;0.0
2;14400;INTARIAN_PEPPER_ROOT;16010;8;16009;10;;;16020.0;21;16023.0;10;;;16015.5;0.0
2;14500;ASH_COATED_OSMIUM;9990;10;9989;14;9987;14;10006.0;15;10007.0;10;10010.0;14;9997.5;0.0
2;14500;INTARIAN_PEPPER_ROOT;16006;12;;;;;16023.0;9;;;;;16014.5;0.0
2;14600;ASH_COATED_OSMIUM;9987;13;9986;25;;;10008.0;10;10010.0;15;;;9997.5;0.0
2;14600;INTARIAN_PEPPER_ROOT;16006;12;16004;11;16001;19;16019.0;12;16022.0;11;16024.0;11;16013.0;0.0
2;14700;ASH_COATED_OSMIUM;9994;14;9992;12;;;10010.0;12;10012.0;15;;;10002.5;0.0
2;14700;INTARIAN_PEPPER_ROOT;16008;10;;;;;16022.0;12;;;;;16015.5;0.0
2;14800;ASH_COATED_OSMIUM;9994;10;;;;;10010.0;12;;;;;10002.5;0.0
2;14800;INTARIAN_PEPPER_ROOT;16009;10;16006;10;;;16023.0;11;16025.0;18;;;16016.0;0.0
2;14900;ASH_COATED_OSMIUM;9990;14;9987;11;9985;10;10006.0;11;10007.0;12;10009.0;22;9997.5;0.0
2;14900;INTARIAN_PEPPER_ROOT;16010;8;16007;11;16006;8;16023.0;11;16025.0;24;16027.0;22;16016.0;0.0
2;15000;ASH_COATED_OSMIUM;9993;14;;;;;10012.0;13;;;;;10002.5;0.0
2;15000;INTARIAN_PEPPER_ROOT;16009;10;16006;11;;;16021.0;12;16023.0;25;;;16015.0;0.0
2;15100;ASH_COATED_OSMIUM;9988;12;;;;;10006.0;11;;;;;9997.5;0.0
2;15100;INTARIAN_PEPPER_ROOT;16009;11;16006;19;;;16023.0;9;16026.0;11;;;16016.0;0.0
2;15200;ASH_COATED_OSMIUM;9990;14;9987;27;;;10006.0;15;10008.0;11;;;9997.5;0.0
2;15200;INTARIAN_PEPPER_ROOT;16010;9;;;;;16023.0;18;;;;;16016.5;0.0
2;15300;ASH_COATED_OSMIUM;10000;20;9997;11;9995;13;10006.0;4;10008.0;12;10011.0;28;10002.5;0.0
2;15300;INTARIAN_PEPPER_ROOT;16008;9;16005;12;16003;9;16022.0;8;16024.0;12;16026.0;8;16014.5;0.0
2;15400;ASH_COATED_OSMIUM;9992;13;9991;10;9988;21;10013.0;10;10016.0;14;10019.0;13;10002.5;0.0
2;15400;INTARIAN_PEPPER_ROOT;16007;19;16004;24;16001;9;16020.0;9;16023.0;8;16025.0;12;16013.5;0.0
2;15500;ASH_COATED_OSMIUM;9993;12;9990;23;;;10012.0;28;10015.0;10;;;10002.5;0.0
2;15500;INTARIAN_PEPPER_ROOT;16008;11;16005;9;;;16026.0;12;16027.0;10;;;16017.5;0.0
2;15600;ASH_COATED_OSMIUM;9988;21;;;;;10006.0;26;;;;;9997.5;0.0
2;15600;INTARIAN_PEPPER_ROOT;16008;10;16007;8;16005;8;16023.0;12;16025.0;8;16026.0;17;16016.0;0.0
2;15700;ASH_COATED_OSMIUM;9994;15;;;;;10010.0;13;;;;;10002.5;0.0
2;15700;INTARIAN_PEPPER_ROOT;16007;10;16005;12;;;16025.0;12;16027.0;12;;;16016.0;0.0
2;15800;ASH_COATED_OSMIUM;9988;28;;;;;10006.0;14;;;;;9997.5;0.0
2;15800;INTARIAN_PEPPER_ROOT;16012;11;16010;8;16007;12;16026.0;10;16028.0;11;16030.0;9;16019.0;0.0
2;15900;ASH_COATED_OSMIUM;9988;10;;;;;10006.0;27;;;;;9997.5;0.0
2;15900;INTARIAN_PEPPER_ROOT;16008;11;16006;9;;;16023.0;9;16024.0;11;;;16015.0;0.0
2;16000;ASH_COATED_OSMIUM;9990;10;9989;11;;;10006.0;15;10009.0;25;;;9997.5;0.0
2;16000;INTARIAN_PEPPER_ROOT;16008;9;;;;;16026.0;12;;;;;16017.5;0.0
2;16100;ASH_COATED_OSMIUM;9994;12;9993;11;9991;13;10010.0;13;10012.0;12;10014.0;15;10002.5;0.0
2;16100;INTARIAN_PEPPER_ROOT;16006;8;16004;7;16002;10;16024.0;8;16027.0;8;16030.0;11;16015.0;0.0
2;16200;ASH_COATED_OSMIUM;9992;15;9990;11;9987;24;10002.0;14;10003.0;11;10004.0;12;9997.5;0.0
2;16200;INTARIAN_PEPPER_ROOT;16006;19;16005;9;16003;8;16019.0;8;16022.0;10;16024.0;20;16013.0;0.0
2;16300;ASH_COATED_OSMIUM;9990;10;;;;;10006.0;13;;;;;9997.5;0.0
2;16300;INTARIAN_PEPPER_ROOT;16011;12;16009;12;;;16024.0;10;16027.0;19;;;16017.5;0.0
2;16400;ASH_COATED_OSMIUM;9990;11;9989;14;9986;11;10006.0;11;10007.0;13;10009.0;13;9997.5;0.0
2;16400;INTARIAN_PEPPER_ROOT;16014;9;16011;15;;;16028.0;12;16031.0;12;;;16020.5;0.0
2;16500;ASH_COATED_OSMIUM;9988;14;9985;3;;;10006.0;15;10009.0;12;;;9997.5;0.0
2;16500;INTARIAN_PEPPER_ROOT;16010;18;16008;9;16007;8;16023.0;9;16025.0;9;16028.0;9;16017.0;0.0
2;16600;ASH_COATED_OSMIUM;9993;13;9990;14;9989;15;10012.0;12;10015.0;20;10016.0;15;10002.5;0.0
2;16600;INTARIAN_PEPPER_ROOT;16008;9;16007;12;16006;11;16022.0;12;16025.0;11;16026.0;8;16014.5;0.0
2;16700;ASH_COATED_OSMIUM;9994;12;9993;11;9992;28;10010.0;23;10011.0;10;10014.0;10;10002.5;0.0
2;16700;INTARIAN_PEPPER_ROOT;16015;9;;;;;16033.0;9;;;;;16024.0;0.0
2;16800;ASH_COATED_OSMIUM;9991;15;;;;;10004.0;20;;;;;9997.5;0.0
2;16800;INTARIAN_PEPPER_ROOT;16010;11;16008;8;16005;10;16027.0;10;16030.0;16;16033.0;23;16019.0;0.0
2;16900;ASH_COATED_OSMIUM;9990;28;;;;;10006.0;12;;;;;9997.5;0.0
2;16900;INTARIAN_PEPPER_ROOT;16010;11;16008;9;16005;17;16024.0;9;16026.0;16;16029.0;8;16017.0;0.0
2;17000;ASH_COATED_OSMIUM;9994;10;9991;13;9988;30;10010.0;21;10011.0;14;10012.0;12;10002.5;0.0
2;17000;INTARIAN_PEPPER_ROOT;16014;9;16012;8;16009;12;16030.0;10;16033.0;9;16036.0;8;16022.0;0.0
2;17100;ASH_COATED_OSMIUM;9994;15;;;;;10010.0;29;;;;;10002.5;0.0
2;17100;INTARIAN_PEPPER_ROOT;16010;9;16008;11;16005;20;16025.0;8;16027.0;8;16030.0;25;16017.0;0.0
2;17200;ASH_COATED_OSMIUM;9993;13;9992;15;9989;4;10012.0;13;10014.0;14;10016.0;21;10002.5;0.0
2;17200;INTARIAN_PEPPER_ROOT;16012;19;16009;12;16008;9;16025.0;11;16028.0;9;16029.0;9;16018.5;0.0
2;17300;ASH_COATED_OSMIUM;9994;11;9991;14;9990;15;10010.0;14;10011.0;14;10014.0;15;10002.5;0.0
2;17300;INTARIAN_PEPPER_ROOT;16010;8;16008;17;16007;11;16025.0;22;16027.0;10;16028.0;12;16017.0;0.0
2;17400;ASH_COATED_OSMIUM;9990;15;9989;14;9988;13;10006.0;25;10008.0;14;10009.0;26;9997.5;0.0
2;17400;INTARIAN_PEPPER_ROOT;16010;9;16009;8;16007;25;16025.0;12;16028.0;24;16029.0;10;16017.0;0.0
2;17500;ASH_COATED_OSMIUM;9990;14;9989;11;;;10006.0;25;10007.0;27;;;9997.5;0.0
2;17500;INTARIAN_PEPPER_ROOT;16006;12;16003;22;16000;11;16022.0;10;16025.0;9;16028.0;8;16014.5;0.0
2;17600;ASH_COATED_OSMIUM;9990;15;;;;;10006.0;11;;;;;9997.5;0.0
2;17600;INTARIAN_PEPPER_ROOT;16009;19;16006;23;;;16024.0;10;16025.0;10;;;16016.5;0.0
2;17700;ASH_COATED_OSMIUM;9988;28;9985;11;;;10007.0;15;10010.0;10;;;9997.5;0.0
2;17700;INTARIAN_PEPPER_ROOT;16006;24;;;;;16020.0;18;;;;;16013.5;0.0
2;17800;ASH_COATED_OSMIUM;9994;10;9993;26;;;10010.0;12;10013.0;11;;;10002.5;0.0
2;17800;INTARIAN_PEPPER_ROOT;16012;10;16010;8;;;16025.0;9;16028.0;8;;;16018.0;0.0
2;17900;ASH_COATED_OSMIUM;9990;15;9988;14;;;10006.0;12;10008.0;14;;;9997.5;0.0
2;17900;INTARIAN_PEPPER_ROOT;16010;12;;;;;16023.0;8;;;;;16017.0;0.0
2;18000;ASH_COATED_OSMIUM;9994;12;9993;11;;;10001.0;14;10004.0;28;;;9997.5;0.0
2;18000;INTARIAN_PEPPER_ROOT;16014;9;;;;;16029.0;12;;;;;16021.0;0.0
2;18100;ASH_COATED_OSMIUM;9988;13;9986;13;;;10006.0;12;10007.0;10;;;9997.5;0.0
2;18100;INTARIAN_PEPPER_ROOT;16014;19;;;;;16023.0;8;;;;;16018.0;0.0
2;18200;ASH_COATED_OSMIUM;9988;12;9985;4;9983;26;10007.0;15;10010.0;13;10013.0;15;9997.5;0.0
2;18200;INTARIAN_PEPPER_ROOT;16006;12;16003;3;;;16022.0;9;16023.0;9;;;16013.5;0.0
2;18300;ASH_COATED_OSMIUM;9994;10;;;;;10010.0;29;;;;;10002.5;0.0
2;18300;INTARIAN_PEPPER_ROOT;16012;10;;;;;16027.0;9;;;;;16019.5;0.0
2;18400;ASH_COATED_OSMIUM;9994;25;9992;26;;;10010.0;14;10012.0;14;;;10002.5;0.0
2;18400;INTARIAN_PEPPER_ROOT;16014;11;16011;10;;;16027.0;17;16030.0;8;;;16020.0;0.0
2;18500;ASH_COATED_OSMIUM;9990;11;9989;15;;;10006.0;15;10008.0;15;;;9997.5;0.0
2;18500;INTARIAN_PEPPER_ROOT;16008;15;16005;12;;;16020.0;16;16023.0;20;;;16014.0;0.0
2;18600;ASH_COATED_OSMIUM;9994;12;9992;10;;;10010.0;13;10011.0;13;;;10002.5;0.0
2;18600;INTARIAN_PEPPER_ROOT;16010;12;16008;12;;;16022.0;12;16023.0;12;;;16016.5;0.0
2;18700;ASH_COATED_OSMIUM;9990;10;9987;11;;;10006.0;13;10008.0;20;;;9997.5;0.0
2;18700;INTARIAN_PEPPER_ROOT;16011;12;16009;15;16008;8;16024.0;9;16025.0;10;16026.0;18;16017.5;0.0
2;18800;ASH_COATED_OSMIUM;9994;15;9992;10;;;10000.0;23;10001.0;11;;;9997.5;0.0
2;18800;INTARIAN_PEPPER_ROOT;16014;22;16013;9;;;16028.0;11;16029.0;21;;;16021.5;0.0
2;18900;ASH_COATED_OSMIUM;9990;13;9988;10;;;10006.0;25;10009.0;15;;;9997.5;0.0
2;18900;INTARIAN_PEPPER_ROOT;16010;11;16008;16;;;16026.0;15;16027.0;8;;;16017.5;0.0
2;19000;ASH_COATED_OSMIUM;9994;15;9993;10;9991;11;10010.0;12;10013.0;10;10015.0;15;10002.5;0.0
2;19000;INTARIAN_PEPPER_ROOT;16014;9;16011;8;16009;8;16028.0;8;16029.0;10;16032.0;11;16020.5;0.0
2;19100;ASH_COATED_OSMIUM;9988;11;;;;;10006.0;14;;;;;9997.5;0.0
2;19100;INTARIAN_PEPPER_ROOT;15999;11;15997;12;;;16015.0;25;16018.0;10;;;16007.0;0.0
2;19200;ASH_COATED_OSMIUM;9988;14;;;;;10007.0;14;;;;;9997.5;0.0
2;19200;INTARIAN_PEPPER_ROOT;16008;10;;;;;16026.0;22;;;;;16017.0;0.0
2;19300;ASH_COATED_OSMIUM;9993;13;9992;14;;;10012.0;11;10013.0;28;;;10002.5;0.0
2;19300;INTARIAN_PEPPER_ROOT;16017;24;16016;20;;;16031.0;11;16033.0;8;;;16024.0;0.0
2;19400;ASH_COATED_OSMIUM;9994;11;9992;11;;;10010.0;14;10011.0;14;;;10002.5;0.0
2;19400;INTARIAN_PEPPER_ROOT;16008;19;16006;11;;;16025.0;12;16028.0;17;;;16016.5;0.0
2;19500;ASH_COATED_OSMIUM;9988;11;9985;14;;;10007.0;27;10010.0;12;;;9997.5;0.0
2;19500;INTARIAN_PEPPER_ROOT;16014;25;;;;;16028.0;9;;;;;16020.5;0.0
2;19600;ASH_COATED_OSMIUM;9994;13;9991;10;;;10010.0;5;10012.0;11;;;10002.5;0.0
2;19600;INTARIAN_PEPPER_ROOT;16014;9;16012;11;16011;10;16027.0;19;16030.0;11;16033.0;10;16020.0;0.0
2;19700;ASH_COATED_OSMIUM;9990;13;;;;;10006.0;10;;;;;9997.5;0.0
2;19700;INTARIAN_PEPPER_ROOT;16014;19;16013;8;;;16027.0;8;16028.0;12;;;16020.5;0.0
2;19800;ASH_COATED_OSMIUM;9994;10;9993;15;9991;10;10010.0;3;10012.0;14;10015.0;14;10002.5;0.0
2;19800;INTARIAN_PEPPER_ROOT;16013;12;;;;;16030.0;9;;;;;16021.5;0.0
2;19900;ASH_COATED_OSMIUM;9988;15;9986;14;9984;12;10007.0;21;10008.0;10;10010.0;10;9997.5;0.0
2;19900;INTARIAN_PEPPER_ROOT;16016;15;16014;11;;;16034.0;12;16035.0;9;;;16025.0;0.0
2;20000;ASH_COATED_OSMIUM;9990;14;9988;11;9986;11;10006.0;21;10009.0;10;10012.0;10;9997.5;0.0
2;20000;INTARIAN_PEPPER_ROOT;16018;9;16015;9;16013;10;16031.0;12;16032.0;10;16033.0;12;16024.5;0.0
2;20100;ASH_COATED_OSMIUM;9988;13;9987;12;;;10007.0;11;10010.0;10;;;9997.5;0.0
2;20100;INTARIAN_PEPPER_ROOT;16019;11;16017;9;;;16025.0;10;16027.0;8;;;16022.0;0.0
2;20200;ASH_COATED_OSMIUM;9988;20;;;;;10007.0;21;;;;;9997.5;0.0
2;20200;INTARIAN_PEPPER_ROOT;16010;12;16009;12;;;16028.0;9;16030.0;12;;;16019.0;0.0
2;20300;ASH_COATED_OSMIUM;9994;11;;;;;10011.0;10;;;;;10002.5;0.0
2;20300;INTARIAN_PEPPER_ROOT;16012;12;16010;9;;;16025.0;9;16027.0;9;;;16018.5;0.0
2;20400;ASH_COATED_OSMIUM;9990;10;9989;11;9986;15;10006.0;14;10009.0;11;10012.0;13;9997.5;0.0
2;20400;INTARIAN_PEPPER_ROOT;16012;10;16010;8;;;16026.0;8;16028.0;17;;;16018.5;0.0
2;20500;ASH_COATED_OSMIUM;9988;14;9986;15;;;10006.0;12;10009.0;10;;;9997.5;0.0
2;20500;INTARIAN_PEPPER_ROOT;16010;11;;;;;16025.0;19;;;;;16017.5;0.0
2;20600;ASH_COATED_OSMIUM;9994;29;9993;11;;;10010.0;12;10013.0;27;;;10002.5;0.0
2;20600;INTARIAN_PEPPER_ROOT;16016;9;16013;10;;;16030.0;23;16032.0;12;;;16023.0;0.0
2;20700;ASH_COATED_OSMIUM;9994;14;9993;12;9991;13;10010.0;15;10011.0;13;10013.0;2;10002.5;0.0
2;20700;INTARIAN_PEPPER_ROOT;16017;23;;;;;16031.0;10;;;;;16024.0;0.0
2;20800;ASH_COATED_OSMIUM;9994;15;9993;12;;;10010.0;12;10011.0;13;;;10002.5;0.0
2;20800;INTARIAN_PEPPER_ROOT;16016;9;16015;10;16014;10;16032.0;11;16034.0;8;16037.0;9;16024.0;0.0
2;20900;ASH_COATED_OSMIUM;9994;26;9993;13;9990;2;10010.0;15;10011.0;22;10012.0;12;10002.5;0.0
2;20900;INTARIAN_PEPPER_ROOT;16007;10;16006;10;16005;9;16025.0;8;16027.0;24;16028.0;11;16016.0;0.0
2;21000;ASH_COATED_OSMIUM;9990;15;;;;;10006.0;10;;;;;9997.5;0.0
2;21000;INTARIAN_PEPPER_ROOT;16014;12;16013;25;16011;10;16030.0;16;16031.0;9;16032.0;8;16021.5;0.0
2;21100;ASH_COATED_OSMIUM;9994;14;9993;15;9991;28;10010.0;14;10013.0;13;10016.0;12;10002.5;0.0
2;21100;INTARIAN_PEPPER_ROOT;16010;12;16009;9;16008;8;16026.0;8;16029.0;10;16032.0;11;16018.0;0.0
2;21200;ASH_COATED_OSMIUM;9988;10;;;;;10006.0;14;;;;;9997.5;0.0
2;21200;INTARIAN_PEPPER_ROOT;16014;9;16012;11;16010;21;16028.0;8;16031.0;11;16034.0;8;16021.0;0.0
2;21300;ASH_COATED_OSMIUM;9990;11;9988;10;;;10006.0;10;10008.0;15;;;9997.5;0.0
2;21300;INTARIAN_PEPPER_ROOT;16014;22;16012;10;16011;19;16028.0;12;16031.0;12;16034.0;8;16021.5;0.0
2;21400;ASH_COATED_OSMIUM;9990;14;9987;14;;;10006.0;13;10008.0;25;;;9997.5;0.0
2;21400;INTARIAN_PEPPER_ROOT;16016;10;;;;;16030.0;11;;;;;16023.0;0.0
2;21500;ASH_COATED_OSMIUM;9994;29;;;;;10010.0;15;;;;;10002.5;0.0
2;21500;INTARIAN_PEPPER_ROOT;16013;11;16010;4;16007;10;16028.0;17;16029.0;24;16031.0;11;16020.5;0.0
2;21600;ASH_COATED_OSMIUM;9990;12;;;;;10006.0;10;;;;;9997.5;0.0
2;21600;INTARIAN_PEPPER_ROOT;16012;11;16010;8;16009;19;16026.0;12;16028.0;11;16029.0;20;16019.0;0.0
2;21700;ASH_COATED_OSMIUM;9990;12;;;;;10006.0;12;;;;;9997.5;0.0
2;21700;INTARIAN_PEPPER_ROOT;16019;9;16018;10;16015;8;16034.0;10;16036.0;12;16037.0;10;16026.5;0.0
2;21800;ASH_COATED_OSMIUM;9993;20;9990;10;;;10012.0;14;10015.0;10;;;10002.5;0.0
2;21800;INTARIAN_PEPPER_ROOT;16016;11;16013;11;;;16031.0;10;16032.0;11;;;16023.5;0.0
2;21900;ASH_COATED_OSMIUM;9994;24;;;;;10010.0;15;;;;;10002.5;0.0
2;21900;INTARIAN_PEPPER_ROOT;16012;17;16011;24;;;16027.0;12;16029.0;12;;;16020.0;0.0
2;22000;ASH_COATED_OSMIUM;9990;14;9987;15;;;10006.0;11;10009.0;11;;;9997.5;0.0
2;22000;INTARIAN_PEPPER_ROOT;16010;11;16007;9;16006;12;16024.0;10;16026.0;10;16028.0;11;16017.0;0.0
2;22100;ASH_COATED_OSMIUM;9990;12;9988;10;9987;15;10006.0;12;10007.0;14;10009.0;21;9997.5;0.0
2;22100;INTARIAN_PEPPER_ROOT;16012;10;16009;12;;;16031.0;19;16033.0;9;;;16021.0;0.0
2;22200;ASH_COATED_OSMIUM;9994;22;9993;14;9991;15;10010.0;10;10013.0;13;10014.0;11;10002.5;0.0
2;22200;INTARIAN_PEPPER_ROOT;16014;12;16012;10;16009;12;16026.0;11;16027.0;10;16030.0;10;16020.5;0.0
2;22300;ASH_COATED_OSMIUM;9988;12;;;;;10006.0;13;;;;;9997.5;0.0
2;22300;INTARIAN_PEPPER_ROOT;16017;11;16016;12;;;16030.0;11;16031.0;10;;;16023.5;0.0
2;22400;ASH_COATED_OSMIUM;9993;14;9992;15;9991;13;10002.0;29;10005.0;20;10007.0;14;9997.5;0.0
2;22400;INTARIAN_PEPPER_ROOT;16012;9;;;;;16030.0;9;;;;;16021.0;0.0
2;22500;ASH_COATED_OSMIUM;9990;22;;;;;10006.0;10;;;;;9997.5;0.0
2;22500;INTARIAN_PEPPER_ROOT;16022;11;16020;9;;;16035.0;8;16038.0;8;;;16028.5;0.0
2;22600;ASH_COATED_OSMIUM;9994;12;;;;;10012.0;10;;;;;10002.5;0.0
2;22600;INTARIAN_PEPPER_ROOT;16016;11;;;;;16031.0;10;;;;;16024.0;0.0
2;22700;ASH_COATED_OSMIUM;9988;10;9987;11;9984;14;10006.0;13;10007.0;10;10008.0;13;9997.5;0.0
2;22700;INTARIAN_PEPPER_ROOT;16009;8;16008;9;;;16023.0;10;16024.0;10;;;16016.0;0.0
2;22800;ASH_COATED_OSMIUM;9990;13;9989;15;9988;10;10006.0;25;10007.0;11;10009.0;11;9997.5;0.0
2;22800;INTARIAN_PEPPER_ROOT;16016;8;;;;;16034.0;9;;;;;16024.5;0.0
2;22900;ASH_COATED_OSMIUM;9988;12;9987;14;9986;10;10006.0;29;10008.0;28;10010.0;13;9997.5;0.0
2;22900;INTARIAN_PEPPER_ROOT;16016;12;16013;12;;;16034.0;10;16037.0;8;;;16025.0;0.0
2;23000;ASH_COATED_OSMIUM;9994;12;9991;14;;;10010.0;22;10013.0;10;;;10002.5;0.0
2;23000;INTARIAN_PEPPER_ROOT;16017;12;16014;9;;;16031.0;12;16034.0;8;;;16024.0;0.0
2;23100;ASH_COATED_OSMIUM;9992;27;;;;;10003.0;11;;;;;9997.5;0.0
2;23100;INTARIAN_PEPPER_ROOT;16013;9;16010;9;;;16031.0;11;16034.0;11;;;16022.0;0.0
2;23200;ASH_COATED_OSMIUM;9990;14;9988;11;;;10006.0;11;10007.0;15;;;9997.5;0.0
2;23200;INTARIAN_PEPPER_ROOT;16016;11;16015;9;16013;12;16029.0;8;16032.0;9;16034.0;17;16022.0;0.0
2;23300;ASH_COATED_OSMIUM;9994;13;9993;15;;;10010.0;15;10011.0;11;;;10002.5;0.0
2;23300;INTARIAN_PEPPER_ROOT;16018;11;16016;20;16015;8;16032.0;9;16034.0;9;16037.0;12;16025.0;0.0
2;23400;ASH_COATED_OSMIUM;9994;15;9991;15;;;10010.0;10;10013.0;11;;;10002.5;0.0
2;23400;INTARIAN_PEPPER_ROOT;16016;20;16014;9;;;16028.0;11;16029.0;11;;;16021.5;0.0
2;23500;ASH_COATED_OSMIUM;9994;12;9992;10;;;10010.0;11;10012.0;12;;;10002.5;0.0
2;23500;INTARIAN_PEPPER_ROOT;16018;9;16016;25;;;16037.0;10;16040.0;9;;;16028.0;0.0
2;23600;ASH_COATED_OSMIUM;9993;13;9992;13;9990;14;10012.0;30;10015.0;11;10017.0;13;10002.5;0.0
2;23600;INTARIAN_PEPPER_ROOT;16016;19;16013;11;;;16034.0;23;16036.0;10;;;16025.0;0.0
2;23700;ASH_COATED_OSMIUM;9990;12;9989;11;;;10006.0;13;10007.0;14;;;9997.5;0.0
2;23700;INTARIAN_PEPPER_ROOT;16018;9;16015;8;;;16034.0;10;16037.0;10;;;16025.5;0.0
2;23800;ASH_COATED_OSMIUM;9990;12;9989;10;;;10006.0;13;10008.0;13;;;9997.5;0.0
2;23800;INTARIAN_PEPPER_ROOT;16017;19;16015;8;;;16031.0;9;16032.0;10;;;16024.0;0.0
2;23900;ASH_COATED_OSMIUM;9990;13;;;;;10006.0;13;;;;;9997.5;0.0
2;23900;INTARIAN_PEPPER_ROOT;16011;10;16008;11;;;16028.0;25;16031.0;12;;;16019.5;0.0
2;24000;ASH_COATED_OSMIUM;9994;13;9992;5;9991;11;10012.0;13;10014.0;30;10016.0;13;10002.5;0.0
2;24000;INTARIAN_PEPPER_ROOT;16015;10;16012;20;;;16029.0;10;16030.0;11;;;16022.0;0.0
2;24100;ASH_COATED_OSMIUM;9994;12;9992;14;9990;14;10010.0;10;10013.0;10;10016.0;15;10002.5;0.0
2;24100;INTARIAN_PEPPER_ROOT;16020;10;16019;12;16016;8;16032.0;21;16034.0;8;16036.0;11;16026.5;0.0
2;24200;ASH_COATED_OSMIUM;9994;10;;;;;10010.0;10;;;;;10002.5;0.0
2;24200;INTARIAN_PEPPER_ROOT;16020;11;;;;;16033.0;8;;;;;16026.0;0.0
2;24300;ASH_COATED_OSMIUM;9990;23;;;;;10006.0;10;;;;;9997.5;0.0
2;24300;INTARIAN_PEPPER_ROOT;16014;10;16013;24;;;16032.0;11;16034.0;12;;;16023.0;0.0
2;24400;ASH_COATED_OSMIUM;9999;15;9997;11;;;10006.0;12;10007.0;12;;;10002.5;0.0
2;24400;INTARIAN_PEPPER_ROOT;16018;12;16016;12;;;16030.0;7;16031.0;9;;;16023.5;0.0
2;24500;ASH_COATED_OSMIUM;9992;15;9991;12;;;10013.0;23;10016.0;10;;;10002.5;0.0
2;24500;INTARIAN_PEPPER_ROOT;16013;24;16012;10;16009;8;16031.0;12;16033.0;23;16035.0;3;16022.0;0.0
2;24600;ASH_COATED_OSMIUM;9994;10;9992;23;9989;15;10010.0;14;10012.0;12;10015.0;11;10002.5;0.0
2;24600;INTARIAN_PEPPER_ROOT;16019;10;16016;12;;;16032.0;12;16034.0;22;;;16025.5;0.0
2;24700;ASH_COATED_OSMIUM;9990;12;9989;12;9987;3;10006.0;23;10009.0;11;10010.0;15;9997.5;0.0
2;24700;INTARIAN_PEPPER_ROOT;16016;12;;;;;16029.0;9;;;;;16023.0;0.0
2;24800;ASH_COATED_OSMIUM;9990;28;9988;14;;;10006.0;14;10009.0;2;;;9997.5;0.0
2;24800;INTARIAN_PEPPER_ROOT;16021;8;16020;9;;;16033.0;16;16034.0;22;;;16027.0;0.0
2;24900;ASH_COATED_OSMIUM;9999;11;9998;29;;;10006.0;13;10009.0;11;;;10002.5;0.0
2;24900;INTARIAN_PEPPER_ROOT;16019;8;16018;22;;;16032.0;12;16033.0;8;;;16025.5;0.0
2;25000;ASH_COATED_OSMIUM;9998;10;9996;13;;;10008.0;15;10010.0;4;;;10002.5;0.0
2;25000;INTARIAN_PEPPER_ROOT;16014;8;16013;18;;;16029.0;16;16032.0;21;;;16021.0;0.0
2;25100;ASH_COATED_OSMIUM;9990;14;9989;5;9988;3;10006.0;25;10008.0;15;10009.0;12;9997.5;0.0
2;25100;INTARIAN_PEPPER_ROOT;16022;9;16019;9;16018;9;16037.0;9;16039.0;11;16042.0;15;16029.0;0.0
2;25200;ASH_COATED_OSMIUM;9990;12;9987;20;;;10006.0;15;10009.0;11;;;9997.5;0.0
2;25200;INTARIAN_PEPPER_ROOT;16012;9;;;;;16028.0;11;;;;;16020.0;0.0
2;25300;ASH_COATED_OSMIUM;9988;13;9987;10;;;10007.0;14;10009.0;15;;;9997.5;0.0
2;25300;INTARIAN_PEPPER_ROOT;16018;8;16016;8;;;16031.0;8;16032.0;11;;;16024.0;0.0
2;25400;ASH_COATED_OSMIUM;9990;13;9989;20;;;10006.0;23;10009.0;10;;;9997.5;0.0
2;25400;INTARIAN_PEPPER_ROOT;16016;10;16015;10;;;16034.0;11;16035.0;17;;;16024.5;0.0
2;25500;ASH_COATED_OSMIUM;9993;28;9992;14;9989;10;10012.0;14;10014.0;5;10015.0;15;10002.5;0.0
2;25500;INTARIAN_PEPPER_ROOT;16018;12;16017;9;;;16035.0;8;16037.0;11;;;16027.0;0.0
2;25600;ASH_COATED_OSMIUM;9990;24;;;;;10006.0;10;;;;;9997.5;0.0
2;25600;INTARIAN_PEPPER_ROOT;16020;8;16019;20;;;16033.0;9;16035.0;10;;;16026.5;0.0
2;25700;ASH_COATED_OSMIUM;9990;13;;;;;10006.0;11;;;;;9997.5;0.0
2;25700;INTARIAN_PEPPER_ROOT;16020;12;16017;12;;;16034.0;8;16036.0;8;;;16027.0;0.0
2;25800;ASH_COATED_OSMIUM;9988;13;9986;11;9983;10;10007.0;15;10009.0;12;10012.0;11;9997.5;0.0
2;25800;INTARIAN_PEPPER_ROOT;16018;9;16015;12;16014;15;16037.0;12;16040.0;11;16043.0;10;16027.5;0.0
2;25900;ASH_COATED_OSMIUM;9990;12;9988;5;;;10006.0;24;10009.0;24;;;9997.5;0.0
2;25900;INTARIAN_PEPPER_ROOT;16026;9;;;;;16040.0;9;;;;;16033.5;0.0
2;26000;ASH_COATED_OSMIUM;9993;11;;;;;10012.0;14;;;;;10002.5;0.0
2;26000;INTARIAN_PEPPER_ROOT;16019;18;16018;12;;;16031.0;5;16034.0;25;;;16025.0;0.0
2;26100;ASH_COATED_OSMIUM;9990;12;9989;10;9986;15;10006.0;3;10007.0;10;10009.0;20;9997.5;0.0
2;26100;INTARIAN_PEPPER_ROOT;16022;10;16020;11;16018;11;16034.0;12;16037.0;9;16040.0;9;16027.5;0.0
2;26200;ASH_COATED_OSMIUM;9992;20;;;;;10013.0;10;;;;;10002.5;0.0
2;26200;INTARIAN_PEPPER_ROOT;16018;9;16016;11;;;16034.0;9;16035.0;10;;;16026.0;0.0
2;26300;ASH_COATED_OSMIUM;9990;12;;;;;10006.0;14;;;;;9997.5;0.0
2;26300;INTARIAN_PEPPER_ROOT;16022;10;16020;11;16017;11;16034.0;11;16035.0;15;16036.0;12;16027.5;0.0
2;26400;ASH_COATED_OSMIUM;9999;13;;;;;10006.0;14;;;;;10002.5;0.0
2;26400;INTARIAN_PEPPER_ROOT;16018;10;;;;;16032.0;11;;;;;16025.5;0.0
2;26500;ASH_COATED_OSMIUM;9997;14;9995;12;;;10008.0;2;10010.0;29;;;10002.5;0.0
2;26500;INTARIAN_PEPPER_ROOT;16016;10;16013;8;16011;8;16029.0;9;16032.0;10;16035.0;9;16022.5;0.0
2;26600;ASH_COATED_OSMIUM;9994;14;9993;14;;;10010.0;11;10011.0;14;;;10002.5;0.0
2;26600;INTARIAN_PEPPER_ROOT;16022;10;16021;10;16020;9;16037.0;11;16039.0;8;16042.0;9;16029.0;0.0
2;26700;ASH_COATED_OSMIUM;9994;21;;;;;10010.0;13;;;;;10002.5;0.0
2;26700;INTARIAN_PEPPER_ROOT;16020;21;16018;11;;;16037.0;11;16040.0;4;;;16028.0;0.0
2;26800;ASH_COATED_OSMIUM;9990;14;;;;;10006.0;10;;;;;9997.5;0.0
2;26800;INTARIAN_PEPPER_ROOT;16020;11;16018;8;16017;9;16035.0;10;16037.0;8;16038.0;9;16027.5;0.0
2;26900;ASH_COATED_OSMIUM;9994;14;9991;15;9989;14;10010.0;14;10011.0;15;10014.0;30;10002.5;0.0
2;26900;INTARIAN_PEPPER_ROOT;16015;10;;;;;16030.0;11;;;;;16022.5;0.0
2;27000;ASH_COATED_OSMIUM;9993;10;;;;;10012.0;21;;;;;10002.5;0.0
2;27000;INTARIAN_PEPPER_ROOT;16023;12;16022;12;16020;9;16037.0;20;16039.0;10;16040.0;8;16030.0;0.0
2;27100;ASH_COATED_OSMIUM;9988;13;9986;21;9985;28;10006.0;12;10008.0;11;10009.0;2;9997.5;0.0
2;27100;INTARIAN_PEPPER_ROOT;16020;24;16017;21;16014;11;16033.0;7;16035.0;11;16038.0;10;16026.0;0.0
2;27200;ASH_COATED_OSMIUM;9994;15;9991;11;9988;11;10010.0;12;10012.0;15;10014.0;10;10002.5;0.0
2;27200;INTARIAN_PEPPER_ROOT;16024;12;16023;12;;;16036.0;9;16038.0;10;;;16030.5;0.0
2;27300;ASH_COATED_OSMIUM;9994;10;9991;14;9988;14;10002.0;14;10003.0;13;10006.0;11;9997.5;0.0
2;27300;INTARIAN_PEPPER_ROOT;16020;8;16019;9;;;16033.0;10;16036.0;11;;;16026.5;0.0
2;27400;ASH_COATED_OSMIUM;9994;10;9993;29;9990;27;10010.0;10;10011.0;12;10012.0;9;10002.5;0.0
2;27400;INTARIAN_PEPPER_ROOT;16018;24;16017;11;;;16034.0;10;16037.0;12;;;16026.5;0.0
2;27500;ASH_COATED_OSMIUM;10000;11;9999;10;;;10006.0;23;10008.0;14;;;10002.5;0.0
2;27500;INTARIAN_PEPPER_ROOT;16019;11;16017;12;;;16034.0;9;16036.0;12;;;16026.5;0.0
2;27600;ASH_COATED_OSMIUM;9990;15;9989;14;9988;14;10006.0;14;10009.0;12;10012.0;10;9997.5;0.0
2;27600;INTARIAN_PEPPER_ROOT;16020;11;;;;;16036.0;9;;;;;16028.5;0.0
2;27700;ASH_COATED_OSMIUM;9994;23;9993;15;;;10010.0;23;10011.0;15;;;10002.5;0.0
2;27700;INTARIAN_PEPPER_ROOT;16015;8;16013;10;;;16029.0;12;16030.0;22;;;16022.0;0.0
2;27800;ASH_COATED_OSMIUM;9990;15;;;;;10006.0;11;;;;;9997.5;0.0
2;27800;INTARIAN_PEPPER_ROOT;16021;9;;;;;16035.0;23;;;;;16028.0;0.0
2;27900;ASH_COATED_OSMIUM;9988;10;9987;23;;;10006.0;14;10009.0;15;;;9997.5;0.0
2;27900;INTARIAN_PEPPER_ROOT;16019;8;;;;;16034.0;11;;;;;16026.5;0.0
2;28000;ASH_COATED_OSMIUM;9990;5;9988;26;;;10006.0;11;10009.0;11;;;9997.5;0.0
2;28000;INTARIAN_PEPPER_ROOT;16023;11;;;;;16037.0;10;;;;;16030.0;0.0
2;28100;ASH_COATED_OSMIUM;9990;14;9989;12;;;10006.0;13;10007.0;13;;;9997.5;0.0
2;28100;INTARIAN_PEPPER_ROOT;16020;12;16017;10;;;16033.0;11;16034.0;12;;;16026.0;0.0
2;28200;ASH_COATED_OSMIUM;9993;12;9990;13;9988;26;10012.0;15;10015.0;30;10018.0;15;10002.5;0.0
2;28200;INTARIAN_PEPPER_ROOT;16017;12;;;;;16032.0;11;;;;;16024.5;0.0
2;28300;ASH_COATED_OSMIUM;9994;25;9991;13;;;10010.0;10;10012.0;12;;;10002.5;0.0
2;28300;INTARIAN_PEPPER_ROOT;16020;9;16018;21;16015;24;16034.0;9;16037.0;11;16040.0;11;16026.5;0.0
2;28400;ASH_COATED_OSMIUM;9994;13;9991;14;;;10010.0;11;10013.0;14;;;10002.5;0.0
2;28400;INTARIAN_PEPPER_ROOT;16025;24;16024;10;;;16035.0;10;16038.0;22;;;16030.0;0.0
2;28500;ASH_COATED_OSMIUM;9990;15;;;;;10006.0;22;;;;;9997.5;0.0
2;28500;INTARIAN_PEPPER_ROOT;16023;11;16022;24;;;16039.0;11;16041.0;8;;;16031.0;0.0
2;28600;ASH_COATED_OSMIUM;9994;14;9993;10;;;10010.0;13;10013.0;12;;;10002.5;0.0
2;28600;INTARIAN_PEPPER_ROOT;16023;10;16021;10;;;16035.0;18;16037.0;8;;;16029.0;0.0
2;28700;ASH_COATED_OSMIUM;9994;13;9992;10;;;10010.0;12;10012.0;13;;;10002.5;0.0
2;28700;INTARIAN_PEPPER_ROOT;16028;9;;;;;16041.0;9;;;;;16034.0;0.0
2;28800;ASH_COATED_OSMIUM;9990;12;9988;11;9986;11;10006.0;12;10008.0;11;10010.0;12;9997.5;0.0
2;28800;INTARIAN_PEPPER_ROOT;16025;25;16024;11;;;16038.0;10;16040.0;12;;;16031.5;0.0
2;28900;ASH_COATED_OSMIUM;9990;10;9987;26;;;10006.0;11;10008.0;5;;;9997.5;0.0
2;28900;INTARIAN_PEPPER_ROOT;16020;9;16017;9;16014;19;16035.0;11;16037.0;8;16039.0;10;16027.5;0.0
2;29000;ASH_COATED_OSMIUM;9990;13;9989;13;9988;12;10006.0;6;10007.0;15;10008.0;29;9997.5;0.0
2;29000;INTARIAN_PEPPER_ROOT;16022;9;16021;16;16018;12;16040.0;9;16041.0;8;16042.0;8;16030.5;0.0
2;29100;ASH_COATED_OSMIUM;9990;12;9987;10;;;10006.0;15;10008.0;28;;;9997.5;0.0
2;29100;INTARIAN_PEPPER_ROOT;16024;10;16022;9;;;16037.0;9;16040.0;10;;;16030.5;0.0
2;29200;ASH_COATED_OSMIUM;9990;13;;;;;10006.0;13;;;;;9997.5;0.0
2;29200;INTARIAN_PEPPER_ROOT;16024;23;16023;10;;;16039.0;11;16041.0;12;;;16031.5;0.0
2;29300;ASH_COATED_OSMIUM;9988;11;;;;;10006.0;12;;;;;9997.5;0.0
2;29300;INTARIAN_PEPPER_ROOT;16022;17;16020;12;;;16035.0;8;16036.0;24;;;16028.5;0.0
2;29400;ASH_COATED_OSMIUM;9990;13;9987;15;9985;10;10006.0;9;10009.0;24;10012.0;15;9997.5;0.0
2;29400;INTARIAN_PEPPER_ROOT;16020;9;;;;;16033.0;12;;;;;16026.5;0.0
2;29500;ASH_COATED_OSMIUM;9994;12;;;;;10010.0;13;;;;;10002.5;0.0
2;29500;INTARIAN_PEPPER_ROOT;16024;10;;;;;16038.0;9;;;;;16031.0;0.0
2;29600;ASH_COATED_OSMIUM;9988;15;;;;;10006.0;15;;;;;9997.5;0.0
2;29600;INTARIAN_PEPPER_ROOT;16025;8;16022;9;;;16029.0;12;16031.0;10;;;16027.0;0.0
2;29700;ASH_COATED_OSMIUM;9990;13;9989;2;;;10006.0;11;10008.0;10;;;9997.5;0.0
2;29700;INTARIAN_PEPPER_ROOT;16021;15;16020;9;;;16039.0;12;16042.0;9;;;16030.0;0.0
2;29800;ASH_COATED_OSMIUM;9992;12;9991;20;9989;12;10003.0;11;10005.0;12;10008.0;13;9997.5;0.0
2;29800;INTARIAN_PEPPER_ROOT;16026;10;16023;12;16022;17;16038.0;10;16041.0;21;16042.0;11;16031.5;0.0
2;29900;ASH_COATED_OSMIUM;9994;30;9992;12;9990;15;10010.0;13;10013.0;12;10016.0;12;10002.5;0.0
2;29900;INTARIAN_PEPPER_ROOT;16028;10;;;;;16031.0;10;;;;;16030.0;0.0
2;30000;ASH_COATED_OSMIUM;9988;27;9985;13;9982;14;10007.0;14;10008.0;21;10009.0;10;9997.5;0.0
2;30000;INTARIAN_PEPPER_ROOT;16022;11;16021;25;16019;12;16041.0;8;16044.0;8;16047.0;12;16032.0;0.0
2;30100;ASH_COATED_OSMIUM;9994;10;9991;11;9988;15;10010.0;12;10011.0;15;10012.0;13;10002.5;0.0
2;30100;INTARIAN_PEPPER_ROOT;16022;8;16021;11;;;16035.0;11;16036.0;4;;;16029.0;0.0
2;30200;ASH_COATED_OSMIUM;9990;12;9988;15;;;10006.0;11;10008.0;14;;;9997.5;0.0
2;30200;INTARIAN_PEPPER_ROOT;16024;22;16023;11;16020;22;16037.0;9;16038.0;10;16040.0;12;16030.5;0.0
2;30300;ASH_COATED_OSMIUM;9993;12;9992;30;;;10012.0;13;10013.0;10;;;10002.5;0.0
2;30300;INTARIAN_PEPPER_ROOT;16028;11;16026;12;;;16036.0;9;16037.0;8;;;16032.0;0.0
2;30400;ASH_COATED_OSMIUM;9990;12;9988;10;9985;15;10006.0;14;10007.0;29;10008.0;14;9997.5;0.0
2;30400;INTARIAN_PEPPER_ROOT;16023;12;16022;9;16019;8;16036.0;16;16037.0;9;16039.0;10;16029.5;0.0
2;30500;ASH_COATED_OSMIUM;9994;15;;;;;10010.0;15;;;;;10002.5;0.0
2;30500;INTARIAN_PEPPER_ROOT;16017;7;16016;11;16014;11;16030.0;10;16031.0;9;16033.0;12;16023.5;0.0
2;30600;ASH_COATED_OSMIUM;9988;15;9987;12;;;10006.0;10;10009.0;10;;;9997.5;0.0
2;30600;INTARIAN_PEPPER_ROOT;16020;10;;;;;16035.0;10;;;;;16028.0;0.0
2;30700;ASH_COATED_OSMIUM;9994;14;9992;3;;;10010.0;13;10011.0;12;;;10002.5;0.0
2;30700;INTARIAN_PEPPER_ROOT;16025;8;16023;17;;;16038.0;8;16039.0;10;;;16031.5;0.0
2;30800;ASH_COATED_OSMIUM;9994;14;;;;;10010.0;13;;;;;10002.5;0.0
2;30800;INTARIAN_PEPPER_ROOT;16022;8;;;;;16043.0;9;;;;;16032.5;0.0
2;30900;ASH_COATED_OSMIUM;9988;13;9985;15;9982;30;10007.0;10;10009.0;10;10012.0;12;9997.5;0.0
2;30900;INTARIAN_PEPPER_ROOT;16026;11;16023;8;16021;12;16042.0;9;16043.0;12;16045.0;12;16034.0;0.0
2;31000;ASH_COATED_OSMIUM;9993;13;;;;;10012.0;25;;;;;10002.5;0.0
2;31000;INTARIAN_PEPPER_ROOT;16028;12;16027;11;16026;12;16044.0;8;16046.0;8;16047.0;17;16036.5;0.0
2;31100;ASH_COATED_OSMIUM;9990;30;9988;12;;;10006.0;15;10009.0;24;;;9997.5;0.0
2;31100;INTARIAN_PEPPER_ROOT;16027;24;16025;11;;;16040.0;9;16041.0;12;;;16033.5;0.0
2;31200;ASH_COATED_OSMIUM;9994;10;;;;;10012.0;22;;;;;10002.5;0.0
2;31200;INTARIAN_PEPPER_ROOT;16024;8;16022;25;16019;12;16037.0;8;16040.0;8;16041.0;9;16030.5;0.0
2;31300;ASH_COATED_OSMIUM;9993;13;9992;11;;;10012.0;13;10014.0;10;;;10002.5;0.0
2;31300;INTARIAN_PEPPER_ROOT;16024;9;16022;9;16019;8;16043.0;8;16044.0;11;16046.0;25;16033.0;0.0
2;31400;ASH_COATED_OSMIUM;9990;12;;;;;10006.0;13;;;;;9997.5;0.0
2;31400;INTARIAN_PEPPER_ROOT;16030;12;16028;12;;;16042.0;12;16045.0;11;;;16036.0;0.0
2;31500;ASH_COATED_OSMIUM;9990;14;;;;;10006.0;5;;;;;9997.5;0.0
2;31500;INTARIAN_PEPPER_ROOT;16027;8;;;;;16039.0;11;;;;;16033.0;0.0
2;31600;ASH_COATED_OSMIUM;9988;14;;;;;10007.0;10;;;;;9997.5;0.0
2;31600;INTARIAN_PEPPER_ROOT;16024;9;16022;10;;;16037.0;12;16038.0;8;;;16031.0;0.0
2;31700;ASH_COATED_OSMIUM;9988;14;9987;10;;;10007.0;14;10008.0;15;;;9997.5;0.0
2;31700;INTARIAN_PEPPER_ROOT;16026;11;16025;7;16023;25;16038.0;8;16039.0;9;16040.0;10;16032.5;0.0
2;31800;ASH_COATED_OSMIUM;9990;14;9989;11;9986;25;10006.0;13;10007.0;13;10008.0;12;9997.5;0.0
2;31800;INTARIAN_PEPPER_ROOT;16024;22;16022;20;;;16037.0;8;16038.0;25;;;16030.5;0.0
2;31900;ASH_COATED_OSMIUM;9990;25;;;;;10006.0;30;;;;;9997.5;0.0
2;31900;INTARIAN_PEPPER_ROOT;16025;9;16023;8;;;16040.0;12;16042.0;9;;;16032.5;0.0
2;32000;ASH_COATED_OSMIUM;9990;11;;;;;10006.0;10;;;;;9997.5;0.0
2;32000;INTARIAN_PEPPER_ROOT;16026;9;16024;11;;;16040.0;8;16042.0;8;;;16033.0;0.0
2;32100;ASH_COATED_OSMIUM;9990;11;9988;11;;;10006.0;12;10007.0;3;;;9997.5;0.0
2;32100;INTARIAN_PEPPER_ROOT;16024;9;;;;;16039.0;11;;;;;16032.0;0.0
2;32200;ASH_COATED_OSMIUM;10000;27;9998;13;9997;20;10006.0;5;10007.0;13;10009.0;22;10002.5;0.0
2;32200;INTARIAN_PEPPER_ROOT;16026;10;;;;;16039.0;12;;;;;16033.0;0.0
2;32300;ASH_COATED_OSMIUM;9994;11;9993;13;;;10010.0;15;10013.0;15;;;10002.5;0.0
2;32300;INTARIAN_PEPPER_ROOT;16026;11;;;;;16042.0;10;;;;;16033.5;0.0
2;32400;ASH_COATED_OSMIUM;9990;15;;;;;10006.0;13;;;;;9997.5;0.0
2;32400;INTARIAN_PEPPER_ROOT;16026;12;;;;;16036.0;25;;;;;16030.5;0.0
2;32500;ASH_COATED_OSMIUM;9994;15;9993;20;;;10010.0;12;10013.0;24;;;10002.5;0.0
2;32500;INTARIAN_PEPPER_ROOT;16026;11;16024;9;;;16039.0;9;16042.0;9;;;16032.5;0.0
2;32600;ASH_COATED_OSMIUM;9990;14;9987;13;;;10006.0;10;10008.0;14;;;9997.5;0.0
2;32600;INTARIAN_PEPPER_ROOT;16019;9;;;;;16034.0;10;;;;;16026.5;0.0
2;32700;ASH_COATED_OSMIUM;9988;14;9987;13;;;10006.0;13;10009.0;12;;;9997.5;0.0
2;32700;INTARIAN_PEPPER_ROOT;16020;10;16017;11;;;16037.0;11;16040.0;11;;;16029.0;0.0
2;32800;ASH_COATED_OSMIUM;9994;14;;;;;10012.0;13;;;;;10002.5;0.0
2;32800;INTARIAN_PEPPER_ROOT;16030;11;;;;;16047.0;10;;;;;16039.0;0.0
2;32900;ASH_COATED_OSMIUM;9994;15;;;;;10010.0;13;;;;;10002.5;0.0
2;32900;INTARIAN_PEPPER_ROOT;16034;10;;;;;16037.0;8;;;;;16036.0;0.0
2;33000;ASH_COATED_OSMIUM;9988;10;;;;;10006.0;10;;;;;9997.5;0.0
2;33000;INTARIAN_PEPPER_ROOT;16026;10;16025;11;;;16039.0;25;16040.0;12;;;16032.5;0.0
2;33100;ASH_COATED_OSMIUM;9990;14;9989;15;;;10006.0;11;10007.0;15;;;9997.5;0.0
2;33100;INTARIAN_PEPPER_ROOT;16026;25;16024;11;16023;8;16039.0;11;16040.0;8;16043.0;11;16033.0;0.0
2;33200;ASH_COATED_OSMIUM;9990;12;9989;15;;;10006.0;11;10008.0;15;;;9997.5;0.0
2;33200;INTARIAN_PEPPER_ROOT;16018;9;;;;;16037.0;9;;;;;16028.0;0.0
2;33300;ASH_COATED_OSMIUM;9994;15;9993;3;9991;12;10000.0;14;10002.0;12;10005.0;14;9997.5;0.0
2;33300;INTARIAN_PEPPER_ROOT;16026;12;16024;10;;;16042.0;9;16044.0;19;;;16033.5;0.0
2;33400;ASH_COATED_OSMIUM;9994;10;9993;10;9991;12;10010.0;15;10012.0;10;10013.0;10;10002.5;0.0
2;33400;INTARIAN_PEPPER_ROOT;16030;9;;;;;16042.0;10;;;;;16035.5;0.0
2;33500;ASH_COATED_OSMIUM;9988;12;;;;;10006.0;11;;;;;9997.5;0.0
2;33500;INTARIAN_PEPPER_ROOT;16022;23;16019;9;;;16035.0;11;16037.0;8;;;16029.0;0.0
2;33600;ASH_COATED_OSMIUM;9990;12;;;;;10006.0;4;;;;;9997.5;0.0
2;33600;INTARIAN_PEPPER_ROOT;16025;21;16023;10;;;16040.0;9;16042.0;8;;;16032.5;0.0
2;33700;ASH_COATED_OSMIUM;9994;13;;;;;10010.0;12;;;;;10002.5;0.0
2;33700;INTARIAN_PEPPER_ROOT;16024;19;16021;9;16020;12;16043.0;12;16044.0;11;16045.0;9;16034.0;0.0
2;33800;ASH_COATED_OSMIUM;9994;3;9991;14;9988;12;10010.0;11;10012.0;12;10014.0;13;10002.5;0.0
2;33800;INTARIAN_PEPPER_ROOT;16035;5;16033;8;;;16049.0;12;16050.0;10;;;16042.0;0.0
2;33900;ASH_COATED_OSMIUM;9994;11;9991;11;;;10010.0;15;10011.0;14;;;10002.5;0.0
2;33900;INTARIAN_PEPPER_ROOT;16029;12;;;;;16042.0;11;;;;;16035.5;0.0
2;34000;ASH_COATED_OSMIUM;9990;14;9989;14;;;10006.0;13;10008.0;23;;;9997.5;0.0
2;34000;INTARIAN_PEPPER_ROOT;16029;8;16027;8;;;16041.0;11;16044.0;11;;;16035.0;0.0
2;34100;ASH_COATED_OSMIUM;9994;12;9992;11;;;10010.0;11;10011.0;13;;;10002.5;0.0
2;34100;INTARIAN_PEPPER_ROOT;16026;11;16023;9;16022;8;16039.0;10;16040.0;12;16041.0;9;16033.0;0.0
2;34200;ASH_COATED_OSMIUM;9994;12;9992;10;;;10010.0;14;10013.0;13;;;10002.5;0.0
2;34200;INTARIAN_PEPPER_ROOT;16028;8;16026;11;;;16040.0;8;16042.0;12;;;16034.5;0.0
2;34300;ASH_COATED_OSMIUM;9994;15;;;;;10010.0;2;;;;;10002.5;0.0
2;34300;INTARIAN_PEPPER_ROOT;16030;8;;;;;16045.0;15;;;;;16038.0;0.0
2;34400;ASH_COATED_OSMIUM;9994;29;;;;;10010.0;28;;;;;10002.5;0.0
2;34400;INTARIAN_PEPPER_ROOT;16034;12;16033;8;16032;9;16049.0;9;16052.0;9;16053.0;12;16041.5;0.0
2;34500;ASH_COATED_OSMIUM;9994;27;9993;15;9992;15;10010.0;12;10012.0;12;10015.0;12;10002.5;0.0
2;34500;INTARIAN_PEPPER_ROOT;16022;11;16019;11;16018;9;16035.0;11;16037.0;12;16038.0;11;16028.0;0.0
2;34600;ASH_COATED_OSMIUM;9994;14;9991;14;9990;22;10010.0;15;10011.0;10;10014.0;14;10002.5;0.0
2;34600;INTARIAN_PEPPER_ROOT;16026;11;;;;;16043.0;8;;;;;16035.0;0.0
2;34700;ASH_COATED_OSMIUM;9990;12;;;;;10006.0;27;;;;;9997.5;0.0
2;34700;INTARIAN_PEPPER_ROOT;16027;12;16024;11;16022;10;16039.0;9;16040.0;8;16041.0;22;16033.0;0.0
2;34800;ASH_COATED_OSMIUM;9990;14;9988;13;9987;14;10006.0;15;10008.0;14;10011.0;26;9997.5;0.0
2;34800;INTARIAN_PEPPER_ROOT;16026;10;;;;;16040.0;10;;;;;16032.5;0.0
2;34900;ASH_COATED_OSMIUM;9990;11;9987;13;9985;13;10006.0;11;10008.0;10;10009.0;22;9997.5;0.0
2;34900;INTARIAN_PEPPER_ROOT;16030;11;;;;;16042.0;9;;;;;16035.5;0.0
2;35000;ASH_COATED_OSMIUM;9990;11;;;;;10006.0;29;;;;;9997.5;0.0
2;35000;INTARIAN_PEPPER_ROOT;16034;11;16032;8;16031;9;16040.0;8;16041.0;10;16042.0;22;16037.0;0.0
2;35100;ASH_COATED_OSMIUM;9990;10;9989;24;;;10006.0;14;10008.0;10;;;9997.5;0.0
2;35100;INTARIAN_PEPPER_ROOT;16028;25;16027;21;;;16045.0;10;16048.0;12;;;16037.0;0.0
2;35200;ASH_COATED_OSMIUM;9994;10;9993;13;;;10010.0;15;10011.0;10;;;10002.5;0.0
2;35200;INTARIAN_PEPPER_ROOT;16032;19;16030;8;16029;8;16047.0;8;16048.0;10;16051.0;10;16040.0;0.0
2;35300;ASH_COATED_OSMIUM;9987;12;9985;14;;;10008.0;13;10011.0;13;;;9997.5;0.0
2;35300;INTARIAN_PEPPER_ROOT;16025;9;;;;;16039.0;9;;;;;16032.0;0.0
2;35400;ASH_COATED_OSMIUM;9994;10;;;;;10012.0;10;;;;;10002.5;0.0
2;35400;INTARIAN_PEPPER_ROOT;16030;12;16027;18;;;16043.0;12;16044.0;9;;;16036.5;0.0
2;35500;ASH_COATED_OSMIUM;9988;14;9987;10;;;10007.0;15;10009.0;15;;;9997.5;0.0
2;35500;INTARIAN_PEPPER_ROOT;16028;9;16026;11;;;16042.0;11;16045.0;12;;;16035.0;0.0
2;35600;ASH_COATED_OSMIUM;9994;29;9992;12;;;10000.0;14;10001.0;11;;;9997.5;0.0
2;35600;INTARIAN_PEPPER_ROOT;16028;11;16025;20;;;16044.0;11;16046.0;10;;;16036.0;0.0
2;35700;ASH_COATED_OSMIUM;9990;15;;;;;10006.0;13;;;;;9997.5;0.0
2;35700;INTARIAN_PEPPER_ROOT;16030;10;16029;11;;;16043.0;11;16046.0;10;;;16036.0;0.0
2;35800;ASH_COATED_OSMIUM;9988;15;;;;;10007.0;28;;;;;9997.5;0.0
2;35800;INTARIAN_PEPPER_ROOT;16033;8;16030;12;;;16047.0;8;16049.0;10;;;16040.0;0.0
2;35900;ASH_COATED_OSMIUM;9994;13;9992;14;9991;14;10010.0;15;10012.0;13;10013.0;12;10002.5;0.0
2;35900;INTARIAN_PEPPER_ROOT;16028;16;16026;8;;;16041.0;12;16044.0;10;;;16034.0;0.0
2;36000;ASH_COATED_OSMIUM;9988;15;9987;11;;;10007.0;15;10010.0;14;;;9997.5;0.0
2;36000;INTARIAN_PEPPER_ROOT;16024;12;16021;11;;;16037.0;10;16040.0;4;;;16030.0;0.0
2;36100;ASH_COATED_OSMIUM;9994;12;9992;15;;;10012.0;2;10015.0;12;;;10002.5;0.0
2;36100;INTARIAN_PEPPER_ROOT;16024;9;16021;12;;;16040.0;8;16041.0;8;;;16032.5;0.0
2;36200;ASH_COATED_OSMIUM;9988;12;;;;;10006.0;25;;;;;9997.5;0.0
2;36200;INTARIAN_PEPPER_ROOT;16030;23;16028;7;16026;8;16042.0;15;16044.0;20;16045.0;9;16036.5;0.0
2;36300;ASH_COATED_OSMIUM;9990;28;;;;;10006.0;9;;;;;9997.5;0.0
2;36300;INTARIAN_PEPPER_ROOT;16034;12;16032;9;16031;11;16047.0;16;16050.0;8;16051.0;10;16040.5;0.0
2;36400;ASH_COATED_OSMIUM;9990;28;9989;14;9987;10;10006.0;10;10007.0;15;10010.0;14;9997.5;0.0
2;36400;INTARIAN_PEPPER_ROOT;16028;8;16026;11;;;16041.0;12;16043.0;10;;;16035.0;0.0
2;36500;ASH_COATED_OSMIUM;9990;12;9988;20;9985;13;10006.0;14;10007.0;11;10010.0;23;9997.5;0.0
2;36500;INTARIAN_PEPPER_ROOT;16026;11;16025;12;;;16041.0;12;16043.0;12;;;16033.0;0.0
2;36600;ASH_COATED_OSMIUM;9998;13;9995;10;;;10008.0;10;10009.0;13;;;10002.5;0.0
2;36600;INTARIAN_PEPPER_ROOT;16023;10;16021;11;;;16041.0;12;16043.0;10;;;16032.0;0.0
2;36700;ASH_COATED_OSMIUM;9988;10;9987;12;9986;11;10006.0;13;10008.0;10;10010.0;25;9997.5;0.0
2;36700;INTARIAN_PEPPER_ROOT;16030;9;16028;8;16025;11;16042.0;10;16044.0;11;16047.0;19;16036.5;0.0
2;36800;ASH_COATED_OSMIUM;9990;15;;;;;10006.0;10;;;;;9997.5;0.0
2;36800;INTARIAN_PEPPER_ROOT;16028;8;16025;10;16024;11;16041.0;9;16043.0;8;16045.0;9;16035.0;0.0
2;36900;ASH_COATED_OSMIUM;9994;13;9992;14;9990;15;10010.0;27;10011.0;15;10014.0;15;10002.5;0.0
2;36900;INTARIAN_PEPPER_ROOT;16031;12;16030;9;16028;8;16043.0;11;16044.0;10;16046.0;11;16037.0;0.0
2;37000;ASH_COATED_OSMIUM;9994;12;;;;;10010.0;14;;;;;10002.5;0.0
2;37000;INTARIAN_PEPPER_ROOT;16025;9;16023;10;16020;9;16041.0;11;16043.0;12;16045.0;9;16033.0;0.0
2;37100;ASH_COATED_OSMIUM;9990;11;9989;12;;;10006.0;30;10009.0;28;;;9997.5;0.0
2;37100;INTARIAN_PEPPER_ROOT;16028;10;;;;;16044.0;15;;;;;16035.5;0.0
2;37200;ASH_COATED_OSMIUM;9988;14;9985;11;;;10006.0;10;10007.0;11;;;9997.5;0.0
2;37200;INTARIAN_PEPPER_ROOT;16027;11;;;;;16037.0;12;;;;;16032.0;0.0
2;37300;ASH_COATED_OSMIUM;9994;11;9991;11;;;10010.0;15;10011.0;11;;;10002.5;0.0
2;37300;INTARIAN_PEPPER_ROOT;16036;11;16035;12;;;16040.0;12;16042.0;9;;;16037.5;0.0
2;37400;ASH_COATED_OSMIUM;9993;12;;;;;10012.0;14;;;;;10002.5;0.0
2;37400;INTARIAN_PEPPER_ROOT;16029;10;16028;9;;;16042.0;12;16045.0;12;;;16035.5;0.0
2;37500;ASH_COATED_OSMIUM;9994;23;9991;13;9989;14;10010.0;2;10011.0;2;10013.0;12;10002.5;0.0
2;37500;INTARIAN_PEPPER_ROOT;16036;12;16034;11;16031;8;16045.0;8;16048.0;10;16050.0;10;16040.0;0.0
2;37600;ASH_COATED_OSMIUM;9994;14;9991;14;9988;28;10010.0;13;10011.0;10;10012.0;14;10002.5;0.0
2;37600;INTARIAN_PEPPER_ROOT;16030;18;;;;;16045.0;10;;;;;16038.0;0.0
2;37700;ASH_COATED_OSMIUM;9990;12;;;;;10006.0;12;;;;;9997.5;0.0
2;37700;INTARIAN_PEPPER_ROOT;16030;12;;;;;16043.0;8;;;;;16036.5;0.0
2;37800;ASH_COATED_OSMIUM;9990;11;9989;11;;;10006.0;20;10008.0;15;;;9997.5;0.0
2;37800;INTARIAN_PEPPER_ROOT;16028;16;16027;22;;;16043.0;12;16044.0;20;;;16036.0;0.0
2;37900;ASH_COATED_OSMIUM;9994;29;9991;12;;;10010.0;4;10011.0;10;;;10002.5;0.0
2;37900;INTARIAN_PEPPER_ROOT;16031;24;;;;;16044.0;15;;;;;16037.5;0.0
2;38000;ASH_COATED_OSMIUM;9990;15;;;;;10006.0;12;;;;;9997.5;0.0
2;38000;INTARIAN_PEPPER_ROOT;16032;8;16029;11;16026;8;16045.0;9;16047.0;10;16050.0;10;16039.0;0.0
2;38100;ASH_COATED_OSMIUM;9994;23;9993;12;9991;12;10012.0;14;10013.0;9;10016.0;11;10002.5;0.0
2;38100;INTARIAN_PEPPER_ROOT;16029;9;;;;;16043.0;8;;;;;16036.0;0.0
2;38200;ASH_COATED_OSMIUM;9994;11;9992;10;9991;11;10010.0;11;10011.0;15;10012.0;13;10002.5;0.0
2;38200;INTARIAN_PEPPER_ROOT;16032;16;16030;11;16029;9;16042.0;17;16043.0;9;16044.0;11;16037.5;0.0
2;38300;ASH_COATED_OSMIUM;9994;13;9993;11;;;10010.0;15;10011.0;12;;;10002.5;0.0
2;38300;INTARIAN_PEPPER_ROOT;16032;23;16029;9;16027;12;16045.0;11;16046.0;24;16049.0;12;16038.5;0.0
2;38400;ASH_COATED_OSMIUM;9994;11;;;;;10010.0;20;;;;;10002.5;0.0
2;38400;INTARIAN_PEPPER_ROOT;16032;10;;;;;16045.0;10;;;;;16039.0;0.0
2;38500;ASH_COATED_OSMIUM;9994;23;;;;;10010.0;4;;;;;10002.5;0.0
2;38500;INTARIAN_PEPPER_ROOT;16030;9;16027;10;;;16045.0;8;16046.0;8;;;16037.0;0.0
2;38600;ASH_COATED_OSMIUM;9992;14;9990;10;;;10002.0;12;10005.0;14;;;9997.5;0.0
2;38600;INTARIAN_PEPPER_ROOT;16031;9;;;;;16045.0;10;;;;;16038.0;0.0
2;38700;ASH_COATED_OSMIUM;9990;14;9988;10;;;10006.0;14;10007.0;15;;;9997.5;0.0
2;38700;INTARIAN_PEPPER_ROOT;16029;22;16027;11;;;16047.0;15;16049.0;12;;;16038.0;0.0
2;38800;ASH_COATED_OSMIUM;9988;8;;;;;10007.0;2;;;;;9997.5;0.0
2;38800;INTARIAN_PEPPER_ROOT;16027;22;16025;12;;;16044.0;10;16045.0;8;;;16035.5;0.0
2;38900;ASH_COATED_OSMIUM;9994;29;9991;10;;;10010.0;10;10012.0;15;;;10002.5;0.0
2;38900;INTARIAN_PEPPER_ROOT;16030;11;16029;25;;;16045.0;12;16046.0;9;;;16038.0;0.0
2;39000;ASH_COATED_OSMIUM;9992;27;9991;14;;;10002.0;21;10005.0;13;;;9997.5;0.0
2;39000;INTARIAN_PEPPER_ROOT;16034;8;16032;17;;;16047.0;12;16049.0;9;;;16040.5;0.0
2;39100;ASH_COATED_OSMIUM;9988;27;;;;;10006.0;14;;;;;9997.5;0.0
2;39100;INTARIAN_PEPPER_ROOT;16034;8;16031;11;;;16051.0;20;16052.0;12;;;16043.0;0.0
2;39200;ASH_COATED_OSMIUM;9994;10;9992;15;9990;10;10010.0;10;10013.0;30;10015.0;10;10002.5;0.0
2;39200;INTARIAN_PEPPER_ROOT;16035;9;16034;12;16032;8;16051.0;7;16053.0;8;16054.0;9;16043.0;0.0
2;39300;ASH_COATED_OSMIUM;10000;12;;;;;10006.0;10;;;;;10002.5;0.0
2;39300;INTARIAN_PEPPER_ROOT;16031;12;;;;;16045.0;11;;;;;16038.0;0.0
2;39400;ASH_COATED_OSMIUM;9988;11;9985;13;9984;14;10006.0;11;10008.0;22;10010.0;11;9997.5;0.0
2;39400;INTARIAN_PEPPER_ROOT;16030;11;16027;8;16025;8;16045.0;8;16047.0;11;16050.0;16;16038.0;0.0
2;39500;ASH_COATED_OSMIUM;9996;15;;;;;10009.0;13;;;;;10002.5;0.0
2;39500;INTARIAN_PEPPER_ROOT;16032;5;16031;10;;;16044.0;18;16047.0;8;;;16037.5;0.0
2;39600;ASH_COATED_OSMIUM;9993;12;9992;10;;;10012.0;14;10014.0;23;;;10002.5;0.0
2;39600;INTARIAN_PEPPER_ROOT;16040;12;16037;10;;;16052.0;11;16055.0;8;;;16046.5;0.0
2;39700;ASH_COATED_OSMIUM;9994;22;9992;11;9990;24;10010.0;24;10012.0;22;10015.0;11;10002.5;0.0
2;39700;INTARIAN_PEPPER_ROOT;16032;9;16030;8;;;16046.0;8;16048.0;10;;;16039.5;0.0
2;39800;ASH_COATED_OSMIUM;9994;10;9991;15;;;10010.0;10;10012.0;11;;;10002.5;0.0
2;39800;INTARIAN_PEPPER_ROOT;16032;12;16030;23;;;16046.0;12;16047.0;9;;;16038.5;0.0
2;39900;ASH_COATED_OSMIUM;9994;11;9993;14;;;10010.0;10;10012.0;27;;;10002.5;0.0
2;39900;INTARIAN_PEPPER_ROOT;16034;15;;;;;16047.0;8;;;;;16040.0;0.0
2;40000;ASH_COATED_OSMIUM;9994;30;;;;;10010.0;13;;;;;10002.5;0.0
2;40000;INTARIAN_PEPPER_ROOT;16031;9;16030;8;;;16048.0;11;16051.0;20;;;16039.5;0.0
2;40100;ASH_COATED_OSMIUM;9990;10;9987;14;9985;27;10006.0;12;10008.0;24;10010.0;5;9997.5;0.0
2;40100;INTARIAN_PEPPER_ROOT;16033;22;16031;9;16029;10;16048.0;9;16049.0;19;16051.0;9;16040.5;0.0
2;40200;ASH_COATED_OSMIUM;9988;14;9986;23;;;10007.0;11;10009.0;24;;;9997.5;0.0
2;40200;INTARIAN_PEPPER_ROOT;16036;9;;;;;16051.0;11;;;;;16044.0;0.0
2;40300;ASH_COATED_OSMIUM;9990;10;;;;;10006.0;10;;;;;9997.5;0.0
2;40300;INTARIAN_PEPPER_ROOT;16034;17;16031;9;16028;11;16048.0;11;16051.0;9;16052.0;9;16041.0;0.0
2;40400;ASH_COATED_OSMIUM;9990;14;9989;13;;;10006.0;11;10007.0;15;;;9997.5;0.0
2;40400;INTARIAN_PEPPER_ROOT;16025;22;;;;;16041.0;11;;;;;16033.0;0.0
2;40500;ASH_COATED_OSMIUM;9990;13;;;;;10006.0;12;;;;;9997.5;0.0
2;40500;INTARIAN_PEPPER_ROOT;16037;12;;;;;16049.0;10;;;;;16043.0;0.0
2;40600;ASH_COATED_OSMIUM;9994;27;9992;10;9990;22;10010.0;10;10012.0;14;10014.0;11;10002.5;0.0
2;40600;INTARIAN_PEPPER_ROOT;16031;9;16028;12;;;16045.0;8;16047.0;12;;;16038.0;0.0
2;40700;ASH_COATED_OSMIUM;9988;25;9985;20;9982;12;10006.0;14;10008.0;10;10011.0;3;9997.5;0.0
2;40700;INTARIAN_PEPPER_ROOT;16030;9;16027;17;;;16046.0;12;16048.0;25;;;16038.0;0.0
2;40800;ASH_COATED_OSMIUM;9988;12;9987;11;9984;14;10006.0;10;10009.0;11;10012.0;12;9997.5;0.0
2;40800;INTARIAN_PEPPER_ROOT;16030;12;;;;;16044.0;16;;;;;16037.5;0.0
2;40900;ASH_COATED_OSMIUM;9994;13;9993;25;;;10010.0;15;10011.0;25;;;10002.5;0.0
2;40900;INTARIAN_PEPPER_ROOT;16034;9;16031;11;16030;25;16047.0;12;16050.0;9;16052.0;10;16041.0;0.0
2;41000;ASH_COATED_OSMIUM;9994;11;9992;30;9989;27;10001.0;13;10003.0;12;10004.0;15;9997.5;0.0
2;41000;INTARIAN_PEPPER_ROOT;16032;9;16030;15;16027;8;16046.0;15;16048.0;25;16049.0;22;16039.5;0.0
2;41100;ASH_COATED_OSMIUM;9988;13;9987;27;;;10006.0;11;10007.0;15;;;9997.5;0.0
2;41100;INTARIAN_PEPPER_ROOT;16037;11;16035;24;;;16051.0;8;16054.0;18;;;16044.0;0.0
2;41200;ASH_COATED_OSMIUM;9988;23;;;;;10007.0;4;;;;;9997.5;0.0
2;41200;INTARIAN_PEPPER_ROOT;16036;20;;;;;16049.0;11;;;;;16043.0;0.0
2;41300;ASH_COATED_OSMIUM;9990;23;9989;14;9988;13;10006.0;12;10007.0;15;10008.0;14;9997.5;0.0
2;41300;INTARIAN_PEPPER_ROOT;16039;10;16037;11;;;16055.0;11;16057.0;10;;;16047.0;0.0
2;41400;ASH_COATED_OSMIUM;9990;24;;;;;10006.0;26;;;;;9997.5;0.0
2;41400;INTARIAN_PEPPER_ROOT;16036;8;;;;;16054.0;10;;;;;16045.5;0.0
2;41500;ASH_COATED_OSMIUM;9988;14;9987;12;9986;13;10007.0;14;10008.0;26;10011.0;10;9997.5;0.0
2;41500;INTARIAN_PEPPER_ROOT;16033;8;16031;12;;;16047.0;11;16048.0;17;;;16040.0;0.0
2;41600;ASH_COATED_OSMIUM;9988;14;9987;12;9985;10;10006.0;10;10009.0;12;10010.0;21;9997.5;0.0
2;41600;INTARIAN_PEPPER_ROOT;16035;12;16032;8;16031;9;16052.0;16;16054.0;18;16055.0;9;16043.5;0.0
2;41700;ASH_COATED_OSMIUM;9990;11;9988;10;;;10006.0;10;10009.0;12;;;9997.5;0.0
2;41700;INTARIAN_PEPPER_ROOT;16034;12;16032;8;;;16047.0;23;16049.0;12;;;16041.0;0.0
2;41800;ASH_COATED_OSMIUM;9990;27;;;;;10006.0;15;;;;;9997.5;0.0
2;41800;INTARIAN_PEPPER_ROOT;16037;11;;;;;16051.0;10;;;;;16044.0;0.0
2;41900;ASH_COATED_OSMIUM;9988;15;9986;3;;;10006.0;13;10007.0;11;;;9997.5;0.0
2;41900;INTARIAN_PEPPER_ROOT;16035;12;16032;11;16030;18;16048.0;9;16051.0;9;16053.0;8;16041.5;0.0
2;42000;ASH_COATED_OSMIUM;9998;12;9997;14;9996;14;10007.0;13;10008.0;12;10009.0;15;10002.5;0.0
2;42000;INTARIAN_PEPPER_ROOT;16036;10;16035;10;16034;8;16048.0;9;16049.0;8;16052.0;7;16042.5;0.0
2;42100;ASH_COATED_OSMIUM;9994;13;9991;10;;;10010.0;12;10011.0;12;;;10002.5;0.0
2;42100;INTARIAN_PEPPER_ROOT;16030;12;;;;;16044.0;23;;;;;16037.5;0.0
2;42200;ASH_COATED_OSMIUM;9987;10;9984;12;;;10008.0;5;10009.0;15;;;9997.5;0.0
2;42200;INTARIAN_PEPPER_ROOT;16038;8;;;;;16052.0;17;;;;;16045.5;0.0
2;42300;ASH_COATED_OSMIUM;9993;11;9990;3;;;10012.0;11;10015.0;10;;;10002.5;0.0
2;42300;INTARIAN_PEPPER_ROOT;16034;9;16032;10;;;16048.0;9;16050.0;8;;;16041.5;0.0
2;42400;ASH_COATED_OSMIUM;9994;14;9991;14;;;10012.0;30;10013.0;30;;;10002.5;0.0
2;42400;INTARIAN_PEPPER_ROOT;16036;24;16034;8;16033;10;16050.0;9;16051.0;12;16052.0;12;16043.0;0.0
2;42500;ASH_COATED_OSMIUM;9994;14;;;;;10010.0;11;;;;;10002.5;0.0
2;42500;INTARIAN_PEPPER_ROOT;16036;23;16033;12;16031;11;16050.0;8;16051.0;10;16053.0;10;16043.5;0.0
2;42600;ASH_COATED_OSMIUM;9988;10;;;;;10006.0;10;;;;;9997.5;0.0
2;42600;INTARIAN_PEPPER_ROOT;16032;8;16031;9;16029;9;16047.0;9;16050.0;8;16051.0;10;16040.0;0.0
2;42700;ASH_COATED_OSMIUM;9994;20;9991;12;9990;11;10010.0;14;10011.0;15;10013.0;10;10002.5;0.0
2;42700;INTARIAN_PEPPER_ROOT;16038;10;16037;10;16034;19;16052.0;11;16054.0;9;16055.0;25;16045.0;0.0
2;42800;ASH_COATED_OSMIUM;9994;10;9992;14;9989;13;10012.0;11;10015.0;12;10018.0;12;10002.5;0.0
2;42800;INTARIAN_PEPPER_ROOT;16036;9;16034;16;16032;8;16048.0;10;16051.0;10;16053.0;11;16041.5;0.0
2;42900;ASH_COATED_OSMIUM;9994;11;;;;;10012.0;29;;;;;10002.5;0.0
2;42900;INTARIAN_PEPPER_ROOT;16037;8;16036;10;16034;11;16051.0;9;16054.0;3;16056.0;9;16044.0;0.0
2;43000;ASH_COATED_OSMIUM;9994;13;9993;14;;;10010.0;21;10012.0;11;;;10002.5;0.0
2;43000;INTARIAN_PEPPER_ROOT;16036;11;16033;5;16032;8;16050.0;17;16051.0;9;16052.0;11;16043.5;0.0
2;43100;ASH_COATED_OSMIUM;9994;13;;;;;10010.0;13;;;;;10002.5;0.0
2;43100;INTARIAN_PEPPER_ROOT;16034;9;16033;9;16031;19;16049.0;9;16052.0;23;16054.0;9;16041.5;0.0
2;43200;ASH_COATED_OSMIUM;9990;15;9989;12;;;10006.0;14;10009.0;13;;;9997.5;0.0
2;43200;INTARIAN_PEPPER_ROOT;16038;10;16037;18;;;16051.0;9;16053.0;12;;;16045.0;0.0
2;43300;ASH_COATED_OSMIUM;9993;15;9990;24;9987;11;10012.0;12;10015.0;29;10018.0;13;10002.5;0.0
2;43300;INTARIAN_PEPPER_ROOT;16038;9;;;;;16052.0;10;;;;;16045.0;0.0
2;43400;ASH_COATED_OSMIUM;9994;10;9992;24;;;10010.0;11;10011.0;10;;;10002.5;0.0
2;43400;INTARIAN_PEPPER_ROOT;16035;10;16034;9;;;16050.0;22;16052.0;12;;;16042.5;0.0
2;43500;ASH_COATED_OSMIUM;9987;14;9984;15;;;10008.0;14;10011.0;29;;;9997.5;0.0
2;43500;INTARIAN_PEPPER_ROOT;16028;10;16027;12;16024;12;16043.0;9;16046.0;9;16047.0;24;16035.5;0.0
2;43600;ASH_COATED_OSMIUM;9988;15;9987;15;9984;12;10006.0;11;10009.0;10;10010.0;12;9997.5;0.0
2;43600;INTARIAN_PEPPER_ROOT;16034;8;;;;;16055.0;12;;;;;16044.0;0.0
2;43700;ASH_COATED_OSMIUM;9990;13;9988;10;9986;15;10006.0;12;10007.0;20;10010.0;14;9997.5;0.0
2;43700;INTARIAN_PEPPER_ROOT;16034;18;16033;10;;;16054.0;10;16055.0;11;;;16044.5;0.0
2;43800;ASH_COATED_OSMIUM;9990;15;9987;15;;;10006.0;11;10007.0;15;;;9997.5;0.0
2;43800;INTARIAN_PEPPER_ROOT;16037;11;;;;;16050.0;9;;;;;16043.5;0.0
2;43900;ASH_COATED_OSMIUM;9991;14;9990;15;;;10004.0;13;10006.0;10;;;9997.5;0.0
2;43900;INTARIAN_PEPPER_ROOT;16033;10;16030;10;;;16051.0;10;16053.0;11;;;16042.0;0.0
2;44000;ASH_COATED_OSMIUM;9990;15;9988;30;;;10006.0;15;10009.0;10;;;9997.5;0.0
2;44000;INTARIAN_PEPPER_ROOT;16034;10;16032;11;16031;11;16051.0;15;16052.0;11;16054.0;10;16042.5;0.0
2;44100;ASH_COATED_OSMIUM;9994;12;;;;;10012.0;14;;;;;10002.5;0.0
2;44100;INTARIAN_PEPPER_ROOT;16037;9;16036;11;;;16050.0;11;16052.0;9;;;16043.5;0.0
2;44200;ASH_COATED_OSMIUM;9990;12;;;;;10006.0;20;;;;;9997.5;0.0
2;44200;INTARIAN_PEPPER_ROOT;16036;9;16035;24;;;16054.0;8;16055.0;11;;;16044.5;0.0
2;44300;ASH_COATED_OSMIUM;9990;12;;;;;10006.0;12;;;;;9997.5;0.0
2;44300;INTARIAN_PEPPER_ROOT;16040;19;;;;;16052.0;8;;;;;16046.5;0.0
2;44400;ASH_COATED_OSMIUM;9998;11;9995;11;9993;15;10008.0;29;10010.0;10;10012.0;10;10002.5;0.0
2;44400;INTARIAN_PEPPER_ROOT;16038;10;16035;20;;;16052.0;11;16053.0;18;;;16044.5;0.0
2;44500;ASH_COATED_OSMIUM;9998;14;9995;12;;;10008.0;27;10010.0;12;;;10002.5;0.0
2;44500;INTARIAN_PEPPER_ROOT;16034;12;16033;12;;;16049.0;8;16050.0;9;;;16042.0;0.0
2;44600;ASH_COATED_OSMIUM;9990;11;9988;14;;;10006.0;20;10007.0;10;;;9997.5;0.0
2;44600;INTARIAN_PEPPER_ROOT;16040;10;16037;12;16036;11;16053.0;10;16054.0;18;16057.0;12;16047.0;0.0
2;44700;ASH_COATED_OSMIUM;9994;12;;;;;10010.0;10;;;;;10002.5;0.0
2;44700;INTARIAN_PEPPER_ROOT;16034;8;16031;10;;;16052.0;6;16053.0;11;;;16042.5;0.0
2;44800;ASH_COATED_OSMIUM;9993;26;;;;;10012.0;14;;;;;10002.5;0.0
2;44800;INTARIAN_PEPPER_ROOT;16042;12;;;;;16056.0;12;;;;;16049.5;0.0
2;44900;ASH_COATED_OSMIUM;9990;23;9988;10;;;10006.0;15;10009.0;10;;;9997.5;0.0
2;44900;INTARIAN_PEPPER_ROOT;16039;8;16036;10;;;16053.0;11;16056.0;11;;;16046.0;0.0
2;45000;ASH_COATED_OSMIUM;9994;11;9993;14;;;10010.0;28;10012.0;10;;;10002.5;0.0
2;45000;INTARIAN_PEPPER_ROOT;16040;9;;;;;16053.0;9;;;;;16046.0;0.0
2;45100;ASH_COATED_OSMIUM;9994;28;;;;;10010.0;11;;;;;10002.5;0.0
2;45100;INTARIAN_PEPPER_ROOT;16034;11;16031;9;;;16049.0;9;16051.0;10;;;16041.5;0.0
2;45200;ASH_COATED_OSMIUM;9988;15;;;;;10006.0;15;;;;;9997.5;0.0
2;45200;INTARIAN_PEPPER_ROOT;16036;15;;;;;16058.0;12;;;;;16047.0;0.0
2;45300;ASH_COATED_OSMIUM;9994;14;9992;11;9990;11;10012.0;3;10013.0;13;10014.0;15;10002.5;0.0
2;45300;INTARIAN_PEPPER_ROOT;16042;12;16040;11;;;16056.0;8;16058.0;10;;;16049.5;0.0
2;45400;ASH_COATED_OSMIUM;9992;10;9990;11;9987;11;10013.0;15;10015.0;12;10017.0;22;10002.5;0.0
2;45400;INTARIAN_PEPPER_ROOT;16034;9;;;;;16047.0;10;;;;;16041.0;0.0
2;45500;ASH_COATED_OSMIUM;9993;11;9992;15;9989;12;10012.0;15;10015.0;14;10016.0;12;10002.5;0.0
2;45500;INTARIAN_PEPPER_ROOT;16040;8;;;;;16053.0;9;;;;;16046.0;0.0
2;45600;ASH_COATED_OSMIUM;9990;29;9989;11;;;10006.0;15;10009.0;27;;;9997.5;0.0
2;45600;INTARIAN_PEPPER_ROOT;16037;8;16036;10;16034;12;16050.0;3;16051.0;10;16054.0;10;16043.5;0.0
2;45700;ASH_COATED_OSMIUM;9990;13;9989;10;9986;11;10006.0;14;10009.0;7;10010.0;13;9997.5;0.0
2;45700;INTARIAN_PEPPER_ROOT;16035;10;16034;20;;;16054.0;12;16056.0;10;;;16044.5;0.0
2;45800;ASH_COATED_OSMIUM;9990;14;;;;;10006.0;15;;;;;9997.5;0.0
2;45800;INTARIAN_PEPPER_ROOT;16040;11;16038;10;;;16054.0;11;16055.0;12;;;16047.0;0.0
2;45900;ASH_COATED_OSMIUM;9990;28;;;;;10006.0;5;;;;;9997.5;0.0
2;45900;INTARIAN_PEPPER_ROOT;16034;10;;;;;16048.0;25;;;;;16041.5;0.0
2;46000;ASH_COATED_OSMIUM;9994;12;;;;;10010.0;13;;;;;10002.5;0.0
2;46000;INTARIAN_PEPPER_ROOT;16044;8;16043;11;16042;9;16046.0;10;16047.0;18;16049.0;10;16044.5;0.0
2;46100;ASH_COATED_OSMIUM;9994;12;9993;11;9991;14;10010.0;14;10013.0;15;10016.0;21;10002.5;0.0
2;46100;INTARIAN_PEPPER_ROOT;16040;11;16037;9;;;16053.0;8;16056.0;12;;;16047.0;0.0
2;46200;ASH_COATED_OSMIUM;9994;14;;;;;10010.0;13;;;;;10002.5;0.0
2;46200;INTARIAN_PEPPER_ROOT;16040;11;16038;10;;;16055.0;20;16057.0;8;;;16047.0;0.0
2;46300;ASH_COATED_OSMIUM;9990;11;;;;;10006.0;24;;;;;9997.5;0.0
2;46300;INTARIAN_PEPPER_ROOT;16038;12;16035;10;;;16051.0;8;16052.0;11;;;16044.5;0.0
2;46400;ASH_COATED_OSMIUM;9994;14;9991;11;9988;10;10010.0;10;10012.0;10;10013.0;11;10002.5;0.0
2;46400;INTARIAN_PEPPER_ROOT;16043;24;16041;9;;;16057.0;12;16060.0;9;;;16050.0;0.0
2;46500;ASH_COATED_OSMIUM;9994;11;9993;13;9990;13;10010.0;10;10013.0;12;10015.0;10;10002.5;0.0
2;46500;INTARIAN_PEPPER_ROOT;16037;23;;;;;16054.0;12;;;;;16045.5;0.0
2;46600;ASH_COATED_OSMIUM;9988;15;9986;13;9985;13;10007.0;21;10008.0;21;10009.0;12;9997.5;0.0
2;46600;INTARIAN_PEPPER_ROOT;16037;9;16036;9;16034;8;16054.0;18;16056.0;11;16057.0;9;16045.5;0.0
2;46700;ASH_COATED_OSMIUM;9988;15;9986;15;;;10007.0;21;10009.0;12;;;9997.5;0.0
2;46700;INTARIAN_PEPPER_ROOT;16041;10;16040;11;;;16054.0;11;16056.0;12;;;16047.5;0.0
2;46800;ASH_COATED_OSMIUM;9994;11;9993;14;;;10010.0;12;10012.0;10;;;10002.5;0.0
2;46800;INTARIAN_PEPPER_ROOT;16040;10;16037;9;;;16054.0;11;16055.0;8;;;16047.5;0.0
2;46900;ASH_COATED_OSMIUM;9990;15;9988;6;9985;14;10006.0;12;10007.0;12;10010.0;10;9997.5;0.0
2;46900;INTARIAN_PEPPER_ROOT;16040;8;16038;10;16035;9;16055.0;8;16056.0;8;16059.0;10;16048.0;0.0
2;47000;ASH_COATED_OSMIUM;9994;13;9992;15;;;10010.0;15;10012.0;12;;;10002.5;0.0
2;47000;INTARIAN_PEPPER_ROOT;16046;9;16043;8;16041;10;16048.0;11;16051.0;16;16053.0;12;16047.5;0.0
2;47100;ASH_COATED_OSMIUM;9990;14;9989;5;;;10006.0;13;10007.0;13;;;9997.5;0.0
2;47100;INTARIAN_PEPPER_ROOT;16038;21;16035;16;16032;11;16050.0;10;16051.0;10;16052.0;10;16044.5;0.0
2;47200;ASH_COATED_OSMIUM;9990;12;9988;14;9987;28;10006.0;10;10007.0;13;10010.0;12;9997.5;0.0
2;47200;INTARIAN_PEPPER_ROOT;16040;9;;;;;16052.0;12;;;;;16045.5;0.0
2;47300;ASH_COATED_OSMIUM;9990;12;9987;13;;;10006.0;10;10007.0;15;;;9997.5;0.0
2;47300;INTARIAN_PEPPER_ROOT;16042;12;16039;10;;;16056.0;12;16058.0;12;;;16049.0;0.0
2;47400;ASH_COATED_OSMIUM;9990;27;;;;;10006.0;9;;;;;9997.5;0.0
2;47400;INTARIAN_PEPPER_ROOT;16040;11;16039;9;;;16052.0;9;16055.0;10;;;16046.5;0.0
2;47500;ASH_COATED_OSMIUM;9988;12;;;;;10007.0;22;;;;;9997.5;0.0
2;47500;INTARIAN_PEPPER_ROOT;16042;8;16040;16;16037;10;16059.0;11;16062.0;11;16064.0;11;16050.0;0.0
2;47600;ASH_COATED_OSMIUM;9990;10;9988;15;;;10006.0;11;10008.0;11;;;9997.5;0.0
2;47600;INTARIAN_PEPPER_ROOT;16040;11;16037;11;16036;8;16057.0;20;16060.0;12;16063.0;17;16048.0;0.0
2;47700;ASH_COATED_OSMIUM;9994;15;9993;11;9991;10;10010.0;15;10013.0;10;10016.0;14;10002.5;0.0
2;47700;INTARIAN_PEPPER_ROOT;16037;18;16034;10;16033;8;16054.0;9;16055.0;5;16057.0;11;16045.5;0.0
2;47800;ASH_COATED_OSMIUM;9988;12;;;;;10006.0;25;;;;;9997.5;0.0
2;47800;INTARIAN_PEPPER_ROOT;16039;8;16038;12;16036;12;16053.0;8;16055.0;9;16058.0;11;16046.0;0.0
2;47900;ASH_COATED_OSMIUM;9994;12;9991;11;;;10010.0;23;10013.0;24;;;10002.5;0.0
2;47900;INTARIAN_PEPPER_ROOT;16035;8;;;;;16053.0;10;;;;;16044.0;0.0
2;48000;ASH_COATED_OSMIUM;9990;29;9987;10;9985;30;10006.0;26;10009.0;11;10010.0;14;9997.5;0.0
2;48000;INTARIAN_PEPPER_ROOT;16044;10;16043;12;;;16057.0;20;16058.0;8;;;16050.0;0.0
2;48100;ASH_COATED_OSMIUM;9988;14;9986;13;;;10006.0;15;10009.0;13;;;9997.5;0.0
2;48100;INTARIAN_PEPPER_ROOT;16042;9;16041;10;16040;12;16059.0;18;16060.0;11;16061.0;10;16050.0;0.0
2;48200;ASH_COATED_OSMIUM;9994;21;9991;14;;;10010.0;14;10012.0;11;;;10002.5;0.0
2;48200;INTARIAN_PEPPER_ROOT;16040;11;;;;;16054.0;8;;;;;16047.0;0.0
2;48300;ASH_COATED_OSMIUM;9988;11;;;;;10007.0;30;;;;;9997.5;0.0
2;48300;INTARIAN_PEPPER_ROOT;16040;8;16038;12;;;16058.0;25;16061.0;12;;;16048.5;0.0
2;48400;ASH_COATED_OSMIUM;9988;24;9987;11;9986;11;10007.0;22;10008.0;11;10010.0;13;9997.5;0.0
2;48400;INTARIAN_PEPPER_ROOT;16043;23;;;;;16057.0;9;;;;;16050.0;0.0
2;48500;ASH_COATED_OSMIUM;9993;14;9990;13;;;10012.0;14;10013.0;26;;;10002.5;0.0
2;48500;INTARIAN_PEPPER_ROOT;16042;9;16040;11;;;16059.0;15;16061.0;9;;;16051.0;0.0
2;48600;ASH_COATED_OSMIUM;9994;10;9991;20;9989;11;10010.0;13;10013.0;11;10015.0;12;10002.5;0.0
2;48600;INTARIAN_PEPPER_ROOT;16042;9;;;;;16055.0;19;;;;;16048.0;0.0
2;48700;ASH_COATED_OSMIUM;9990;14;9989;23;;;10006.0;15;10008.0;25;;;9997.5;0.0
2;48700;INTARIAN_PEPPER_ROOT;16040;20;;;;;16054.0;16;;;;;16047.5;0.0
2;48800;ASH_COATED_OSMIUM;9990;11;9989;12;;;10006.0;15;10009.0;12;;;9997.5;0.0
2;48800;INTARIAN_PEPPER_ROOT;16038;12;16037;8;;;16054.0;9;16055.0;11;;;16046.5;0.0
2;48900;ASH_COATED_OSMIUM;9994;13;;;;;10010.0;11;;;;;10002.5;0.0
2;48900;INTARIAN_PEPPER_ROOT;16038;10;16035;10;;;16052.0;10;16055.0;9;;;16045.0;0.0
2;49000;ASH_COATED_OSMIUM;9994;11;9993;11;9990;15;10010.0;22;10011.0;10;10012.0;27;10002.5;0.0
2;49000;INTARIAN_PEPPER_ROOT;16039;12;16037;12;;;16054.0;20;16057.0;11;;;16046.5;0.0
2;49100;ASH_COATED_OSMIUM;9993;12;9990;23;;;10012.0;10;10013.0;14;;;10002.5;0.0
2;49100;INTARIAN_PEPPER_ROOT;16038;8;16036;10;16033;12;16053.0;10;16055.0;11;16058.0;8;16045.5;0.0
2;49200;ASH_COATED_OSMIUM;9994;11;9992;15;9991;12;10012.0;29;10015.0;15;10018.0;15;10002.5;0.0
2;49200;INTARIAN_PEPPER_ROOT;16054;11;16052;23;;;16069.0;8;16072.0;8;;;16061.5;0.0
2;49300;ASH_COATED_OSMIUM;9993;14;9990;12;;;10012.0;15;10013.0;12;;;10002.5;0.0
2;49300;INTARIAN_PEPPER_ROOT;16041;8;;;;;16054.0;12;;;;;16047.5;0.0
2;49400;ASH_COATED_OSMIUM;9990;10;9989;12;;;10006.0;10;10008.0;14;;;9997.5;0.0
2;49400;INTARIAN_PEPPER_ROOT;16042;10;16040;9;;;16057.0;11;16058.0;12;;;16049.5;0.0
2;49500;ASH_COATED_OSMIUM;9990;12;9989;11;;;10006.0;15;10009.0;14;;;9997.5;0.0
2;49500;INTARIAN_PEPPER_ROOT;16043;11;16040;12;;;16057.0;10;16059.0;18;;;16050.0;0.0
2;49600;ASH_COATED_OSMIUM;9990;10;;;;;10006.0;13;;;;;9997.5;0.0
2;49600;INTARIAN_PEPPER_ROOT;16046;11;16045;11;16043;12;16059.0;11;16062.0;8;16064.0;9;16052.0;0.0
2;49700;ASH_COATED_OSMIUM;9994;13;9993;11;;;10010.0;10;10013.0;12;;;10002.5;0.0
2;49700;INTARIAN_PEPPER_ROOT;16042;8;16041;18;16038;8;16055.0;8;16056.0;19;16057.0;12;16049.0;0.0
2;49800;ASH_COATED_OSMIUM;9993;10;9992;25;;;10012.0;14;10015.0;11;;;10002.5;0.0
2;49800;INTARIAN_PEPPER_ROOT;16042;8;16039;8;16036;24;16058.0;10;16060.0;12;16061.0;25;16050.0;0.0
2;49900;ASH_COATED_OSMIUM;9994;15;9993;11;9992;14;10000.0;14;10002.0;2;10005.0;13;9997.5;0.0
2;49900;INTARIAN_PEPPER_ROOT;16046;15;16043;9;;;16058.0;17;16059.0;9;;;16051.5;0.0
2;50000;ASH_COATED_OSMIUM;9988;5;9985;11;;;10006.0;21;10009.0;13;;;9997.5;0.0
2;50000;INTARIAN_PEPPER_ROOT;16046;11;;;;;16058.0;12;;;;;16052.0;0.0
2;50100;ASH_COATED_OSMIUM;9994;11;9992;15;;;10012.0;6;10014.0;11;;;10002.5;0.0
2;50100;INTARIAN_PEPPER_ROOT;16046;9;16044;12;;;16060.0;8;16061.0;21;;;16053.0;0.0
2;50200;ASH_COATED_OSMIUM;10000;11;;;;;10006.0;15;;;;;10002.5;0.0
2;50200;INTARIAN_PEPPER_ROOT;16042;12;16041;8;;;16058.0;10;16061.0;9;;;16049.5;0.0
2;50300;ASH_COATED_OSMIUM;9994;12;;;;;10010.0;10;;;;;10002.5;0.0
2;50300;INTARIAN_PEPPER_ROOT;16046;11;;;;;16058.0;9;;;;;16051.5;0.0
2;50400;ASH_COATED_OSMIUM;9990;15;9989;13;9986;15;10006.0;11;10007.0;13;10009.0;12;9997.5;0.0
2;50400;INTARIAN_PEPPER_ROOT;16041;10;16038;19;16035;21;16054.0;16;16055.0;8;16058.0;12;16047.5;0.0
2;50500;ASH_COATED_OSMIUM;9988;11;9987;5;;;10007.0;10;10009.0;13;;;9997.5;0.0
2;50500;INTARIAN_PEPPER_ROOT;16044;10;16041;11;16040;8;16059.0;8;16060.0;11;16062.0;9;16052.0;0.0
2;50600;ASH_COATED_OSMIUM;9990;11;9989;10;;;10006.0;15;10008.0;14;;;9997.5;0.0
2;50600;INTARIAN_PEPPER_ROOT;16040;11;;;;;16054.0;10;;;;;16047.0;0.0
2;50700;ASH_COATED_OSMIUM;9990;15;9988;15;9987;14;10006.0;14;10009.0;15;10010.0;27;9997.5;0.0
2;50700;INTARIAN_PEPPER_ROOT;16040;8;16038;10;;;16053.0;8;16055.0;9;;;16047.0;0.0
2;50800;ASH_COATED_OSMIUM;9990;11;9987;11;;;10006.0;15;10008.0;13;;;9997.5;0.0
2;50800;INTARIAN_PEPPER_ROOT;16042;9;;;;;16056.0;17;;;;;16049.0;0.0
2;50900;ASH_COATED_OSMIUM;9993;12;9991;11;9990;23;10012.0;11;10013.0;9;10016.0;27;10002.5;0.0
2;50900;INTARIAN_PEPPER_ROOT;16042;9;;;;;16057.0;8;;;;;16049.5;0.0
2;51000;ASH_COATED_OSMIUM;9994;23;9992;11;9991;12;10010.0;11;10013.0;11;10014.0;11;10002.5;0.0
2;51000;INTARIAN_PEPPER_ROOT;16040;8;16037;11;;;16054.0;9;16057.0;12;;;16046.5;0.0
2;51100;ASH_COATED_OSMIUM;9990;15;9988;10;;;10006.0;10;10009.0;23;;;9997.5;0.0
2;51100;INTARIAN_PEPPER_ROOT;16045;8;16043;11;;;16059.0;10;16062.0;9;;;16052.0;0.0
2;51200;ASH_COATED_OSMIUM;9992;13;9990;14;;;10013.0;13;10015.0;15;;;10002.5;0.0
2;51200;INTARIAN_PEPPER_ROOT;16042;10;16041;10;16040;8;16057.0;11;16060.0;9;16062.0;15;16049.5;0.0
2;51300;ASH_COATED_OSMIUM;9994;14;9993;10;;;10011.0;15;10012.0;15;;;10002.5;0.0
2;51300;INTARIAN_PEPPER_ROOT;16044;10;16042;9;16039;12;16061.0;12;16063.0;10;16064.0;8;16053.0;0.0
2;51400;ASH_COATED_OSMIUM;9990;13;;;;;10006.0;7;;;;;9997.5;0.0
2;51400;INTARIAN_PEPPER_ROOT;16048;9;16046;11;16045;11;16063.0;8;16066.0;15;16069.0;16;16056.0;0.0
2;51500;ASH_COATED_OSMIUM;9988;13;9986;10;;;10006.0;13;10008.0;10;;;9997.5;0.0
2;51500;INTARIAN_PEPPER_ROOT;16041;11;16040;8;;;16057.0;22;16060.0;16;;;16049.0;0.0
2;51600;ASH_COATED_OSMIUM;9994;5;9991;10;;;10010.0;27;10011.0;23;;;10002.5;0.0
2;51600;INTARIAN_PEPPER_ROOT;16040;16;16039;10;16036;9;16055.0;8;16058.0;22;16060.0;11;16048.0;0.0
2;51700;ASH_COATED_OSMIUM;9994;3;;;;;10010.0;15;;;;;10002.5;0.0
2;51700;INTARIAN_PEPPER_ROOT;16044;10;16043;9;16040;9;16061.0;12;16063.0;10;16064.0;24;16052.0;0.0
2;51800;ASH_COATED_OSMIUM;10000;12;9999;13;9998;29;10006.0;15;10007.0;11;10010.0;12;10002.5;0.0
2;51800;INTARIAN_PEPPER_ROOT;16045;12;16043;12;;;16062.0;12;16065.0;9;;;16053.5;0.0
2;51900;ASH_COATED_OSMIUM;9997;30;9994;15;9992;15;10008.0;15;10009.0;11;10011.0;24;10002.5;0.0
2;51900;INTARIAN_PEPPER_ROOT;16046;10;;;;;16059.0;11;;;;;16052.0;0.0
2;52000;ASH_COATED_OSMIUM;9990;14;9987;20;9986;10;10006.0;24;10009.0;12;10010.0;15;9997.5;0.0
2;52000;INTARIAN_PEPPER_ROOT;16048;11;;;;;16062.0;9;;;;;16055.0;0.0
2;52100;ASH_COATED_OSMIUM;9990;11;9988;12;;;10006.0;12;10009.0;13;;;9997.5;0.0
2;52100;INTARIAN_PEPPER_ROOT;16044;10;;;;;16058.0;15;;;;;16051.5;0.0
2;52200;ASH_COATED_OSMIUM;9994;15;;;;;10012.0;10;;;;;10002.5;0.0
2;52200;INTARIAN_PEPPER_ROOT;16040;8;;;;;16053.0;21;;;;;16046.0;0.0
2;52300;ASH_COATED_OSMIUM;9994;13;9992;25;;;10012.0;12;10013.0;14;;;10002.5;0.0
2;52300;INTARIAN_PEPPER_ROOT;16046;11;;;;;16060.0;10;;;;;16052.5;0.0
2;52400;ASH_COATED_OSMIUM;9994;13;9993;11;;;10010.0;3;10013.0;26;;;10002.5;0.0
2;52400;INTARIAN_PEPPER_ROOT;16044;8;;;;;16059.0;15;;;;;16051.5;0.0
2;52500;ASH_COATED_OSMIUM;9990;12;;;;;10006.0;10;;;;;9997.5;0.0
2;52500;INTARIAN_PEPPER_ROOT;16043;12;16042;11;;;16061.0;9;16063.0;9;;;16052.0;0.0
2;52600;ASH_COATED_OSMIUM;9988;27;9986;13;;;10006.0;11;10009.0;27;;;9997.5;0.0
2;52600;INTARIAN_PEPPER_ROOT;16044;3;;;;;16057.0;10;;;;;16050.5;0.0
2;52700;ASH_COATED_OSMIUM;9994;10;;;;;10010.0;10;;;;;10002.5;0.0
2;52700;INTARIAN_PEPPER_ROOT;16041;12;16038;12;16037;11;16058.0;25;16060.0;8;16063.0;8;16049.5;0.0
2;52800;ASH_COATED_OSMIUM;9994;12;9993;12;9990;15;10010.0;12;10011.0;14;10014.0;11;10002.5;0.0
2;52800;INTARIAN_PEPPER_ROOT;16045;12;16043;10;16040;12;16058.0;11;16061.0;10;16063.0;10;16051.5;0.0
2;52900;ASH_COATED_OSMIUM;9994;15;9993;24;;;10010.0;10;10012.0;11;;;10002.5;0.0
2;52900;INTARIAN_PEPPER_ROOT;16050;10;16048;11;;;16063.0;21;16066.0;8;;;16056.0;0.0
2;53000;ASH_COATED_OSMIUM;9994;11;;;;;10012.0;14;;;;;10002.5;0.0
2;53000;INTARIAN_PEPPER_ROOT;16046;8;16043;11;;;16062.0;11;16064.0;11;;;16053.5;0.0
2;53100;ASH_COATED_OSMIUM;9988;28;;;;;10007.0;29;;;;;9997.5;0.0
2;53100;INTARIAN_PEPPER_ROOT;16048;20;16046;9;16043;17;16062.0;12;16065.0;11;16068.0;9;16054.5;0.0
2;53200;ASH_COATED_OSMIUM;9994;10;;;;;10010.0;10;;;;;10002.5;0.0
2;53200;INTARIAN_PEPPER_ROOT;16046;8;16045;9;16043;23;16060.0;19;16062.0;8;16063.0;12;16053.0;0.0
2;53300;ASH_COATED_OSMIUM;9994;11;9993;10;;;10010.0;10;10011.0;22;;;10002.5;0.0
2;53300;INTARIAN_PEPPER_ROOT;16049;10;16046;16;16043;20;16061.0;15;16063.0;8;16066.0;8;16055.0;0.0
2;53400;ASH_COATED_OSMIUM;9994;12;9992;12;;;10012.0;13;10013.0;10;;;10002.5;0.0
2;53400;INTARIAN_PEPPER_ROOT;16046;22;;;;;16060.0;15;;;;;16052.5;0.0
2;53500;ASH_COATED_OSMIUM;9994;14;;;;;10010.0;10;;;;;10002.5;0.0
2;53500;INTARIAN_PEPPER_ROOT;16046;8;16043;11;;;16059.0;12;16062.0;12;;;16052.5;0.0
2;53600;ASH_COATED_OSMIUM;9988;10;9987;14;;;10006.0;29;10008.0;27;;;9997.5;0.0
2;53600;INTARIAN_PEPPER_ROOT;16046;9;16045;11;;;16063.0;18;16065.0;9;;;16054.5;0.0
2;53700;ASH_COATED_OSMIUM;9990;12;9987;29;;;10006.0;15;10009.0;14;;;9997.5;0.0
2;53700;INTARIAN_PEPPER_ROOT;16044;8;;;;;16061.0;12;;;;;16053.0;0.0
2;53800;ASH_COATED_OSMIUM;9998;11;9997;13;9994;13;10008.0;14;10011.0;12;10014.0;14;10002.5;0.0
2;53800;INTARIAN_PEPPER_ROOT;16050;10;16047;11;;;16064.0;8;16065.0;9;;;16057.5;0.0
2;53900;ASH_COATED_OSMIUM;9993;11;9992;10;;;10012.0;28;10013.0;13;;;10002.5;0.0
2;53900;INTARIAN_PEPPER_ROOT;16048;20;;;;;16065.0;8;;;;;16056.0;0.0
2;54000;ASH_COATED_OSMIUM;9990;11;9988;14;;;10006.0;13;10008.0;13;;;9997.5;0.0
2;54000;INTARIAN_PEPPER_ROOT;16048;8;16045;10;16042;12;16062.0;10;16064.0;10;16067.0;11;16054.5;0.0
2;54100;ASH_COATED_OSMIUM;9993;10;;;;;10012.0;11;;;;;10002.5;0.0
2;54100;INTARIAN_PEPPER_ROOT;16052;10;16049;9;;;16065.0;19;16067.0;9;;;16058.0;0.0
2;54200;ASH_COATED_OSMIUM;9996;15;9995;10;;;10008.0;12;10010.0;15;;;10002.5;0.0
2;54200;INTARIAN_PEPPER_ROOT;16045;10;;;;;16059.0;9;;;;;16052.0;0.0
2;54300;ASH_COATED_OSMIUM;9990;21;9989;10;;;10006.0;13;10008.0;12;;;9997.5;0.0
2;54300;INTARIAN_PEPPER_ROOT;16053;8;16051;9;16048;12;16059.0;10;16062.0;12;16065.0;10;16056.0;0.0
2;54400;ASH_COATED_OSMIUM;9994;13;;;;;10010.0;10;;;;;10002.5;0.0
2;54400;INTARIAN_PEPPER_ROOT;16048;9;16046;12;;;16063.0;9;16064.0;22;;;16055.5;0.0
2;54500;ASH_COATED_OSMIUM;9994;12;9992;11;;;10010.0;12;10012.0;15;;;10002.5;0.0
2;54500;INTARIAN_PEPPER_ROOT;16046;8;;;;;16059.0;9;;;;;16053.0;0.0
2;54600;ASH_COATED_OSMIUM;9990;3;;;;;10006.0;15;;;;;9997.5;0.0
2;54600;INTARIAN_PEPPER_ROOT;16047;23;16044;10;;;16061.0;11;16063.0;9;;;16054.0;0.0
2;54700;ASH_COATED_OSMIUM;9988;10;;;;;10007.0;15;;;;;9997.5;0.0
2;54700;INTARIAN_PEPPER_ROOT;16048;12;;;;;16061.0;10;;;;;16054.0;0.0
2;54800;ASH_COATED_OSMIUM;9992;12;;;;;10013.0;13;;;;;10002.5;0.0
2;54800;INTARIAN_PEPPER_ROOT;16050;10;16047;11;16044;10;16063.0;12;16065.0;9;16067.0;12;16056.0;0.0
2;54900;ASH_COATED_OSMIUM;9988;10;9985;11;9984;10;10007.0;14;10009.0;14;10010.0;26;9997.5;0.0
2;54900;INTARIAN_PEPPER_ROOT;16042;17;;;;;16060.0;11;;;;;16051.5;0.0
2;55000;ASH_COATED_OSMIUM;9994;11;;;;;10010.0;15;;;;;10002.5;0.0
2;55000;INTARIAN_PEPPER_ROOT;16044;9;16041;8;;;16065.0;23;16067.0;8;;;16054.5;0.0
2;55100;ASH_COATED_OSMIUM;9990;11;;;;;10006.0;26;;;;;9997.5;0.0
2;55100;INTARIAN_PEPPER_ROOT;16047;9;16046;10;;;16061.0;21;16063.0;11;;;16054.0;0.0
2;55200;ASH_COATED_OSMIUM;9994;11;9991;13;9989;11;10010.0;12;10013.0;11;10016.0;12;10002.5;0.0
2;55200;INTARIAN_PEPPER_ROOT;16050;23;16049;12;;;16062.0;11;16064.0;12;;;16056.0;0.0
2;55300;ASH_COATED_OSMIUM;9993;25;9991;13;9988;20;10012.0;11;10015.0;10;10018.0;15;10002.5;0.0
2;55300;INTARIAN_PEPPER_ROOT;16048;16;16045;11;16044;23;16062.0;11;16064.0;11;16066.0;8;16054.5;0.0
2;55400;ASH_COATED_OSMIUM;9992;12;;;;;10013.0;10;;;;;10002.5;0.0
2;55400;INTARIAN_PEPPER_ROOT;16050;11;16048;10;;;16063.0;11;16065.0;10;;;16056.0;0.0
2;55500;ASH_COATED_OSMIUM;9990;27;;;;;10006.0;12;;;;;9997.5;0.0
2;55500;INTARIAN_PEPPER_ROOT;16050;11;16048;10;16045;10;16064.0;11;16066.0;10;16068.0;8;16057.5;0.0
2;55600;ASH_COATED_OSMIUM;9990;11;9989;24;;;10006.0;10;10009.0;27;;;9997.5;0.0
2;55600;INTARIAN_PEPPER_ROOT;16048;15;16046;9;;;16066.0;10;16067.0;9;;;16056.5;0.0
2;55700;ASH_COATED_OSMIUM;10000;12;;;;;10006.0;10;;;;;10002.5;0.0
2;55700;INTARIAN_PEPPER_ROOT;16051;11;;;;;16065.0;10;;;;;16058.0;0.0
2;55800;ASH_COATED_OSMIUM;9994;14;9992;12;;;10010.0;25;10012.0;3;;;10002.5;0.0
2;55800;INTARIAN_PEPPER_ROOT;16054;8;;;;;16067.0;21;;;;;16060.0;0.0
2;55900;ASH_COATED_OSMIUM;9994;10;9991;11;;;10012.0;15;10014.0;13;;;10002.5;0.0
2;55900;INTARIAN_PEPPER_ROOT;16045;15;16043;8;;;16059.0;5;16062.0;19;;;16052.0;0.0
2;56000;ASH_COATED_OSMIUM;9993;7;9991;11;;;10012.0;15;10014.0;11;;;10002.5;0.0
2;56000;INTARIAN_PEPPER_ROOT;16052;9;;;;;16054.0;9;;;;;16052.5;0.0
2;56100;ASH_COATED_OSMIUM;9994;15;9992;12;9989;13;10010.0;12;10012.0;14;10013.0;28;10002.5;0.0
2;56100;INTARIAN_PEPPER_ROOT;16046;19;16044;16;;;16059.0;10;16062.0;8;;;16053.0;0.0
2;56200;ASH_COATED_OSMIUM;9994;10;9991;11;;;10012.0;14;10015.0;13;;;10002.5;0.0
2;56200;INTARIAN_PEPPER_ROOT;16050;11;16049;20;16046;21;16064.0;25;16066.0;9;16068.0;23;16057.5;0.0
2;56300;ASH_COATED_OSMIUM;9990;11;9988;25;9985;13;10006.0;2;10009.0;24;10012.0;14;9997.5;0.0
2;56300;INTARIAN_PEPPER_ROOT;16050;11;;;;;16064.0;10;;;;;16057.0;0.0
2;56400;ASH_COATED_OSMIUM;9990;10;;;;;10006.0;10;;;;;9997.5;0.0
2;56400;INTARIAN_PEPPER_ROOT;16046;12;16043;9;;;16061.0;8;16062.0;11;;;16054.0;0.0
2;56500;ASH_COATED_OSMIUM;9990;10;9989;11;;;10006.0;12;10007.0;15;;;9997.5;0.0
2;56500;INTARIAN_PEPPER_ROOT;16048;9;;;;;16065.0;8;;;;;16056.0;0.0
2;56600;ASH_COATED_OSMIUM;9994;14;9991;10;9990;15;10010.0;10;10013.0;24;10015.0;13;10002.5;0.0
2;56600;INTARIAN_PEPPER_ROOT;16046;10;16044;9;16043;18;16060.0;15;16062.0;25;16065.0;20;16052.5;0.0
2;56700;ASH_COATED_OSMIUM;9994;21;9993;25;;;10010.0;14;10012.0;13;;;10002.5;0.0
2;56700;INTARIAN_PEPPER_ROOT;16049;8;16048;12;16045;10;16062.0;10;16064.0;10;16066.0;15;16055.5;0.0
2;56800;ASH_COATED_OSMIUM;9990;14;;;;;10006.0;11;;;;;9997.5;0.0
2;56800;INTARIAN_PEPPER_ROOT;16056;12;16054;12;;;16069.0;9;16071.0;11;;;16062.0;0.0
2;56900;ASH_COATED_OSMIUM;9994;12;;;;;10010.0;21;;;;;10002.5;0.0
2;56900;INTARIAN_PEPPER_ROOT;16048;10;;;;;16061.0;10;;;;;16054.0;0.0
2;57000;ASH_COATED_OSMIUM;9990;11;9989;12;9988;13;10006.0;12;10007.0;13;10010.0;12;9997.5;0.0
2;57000;INTARIAN_PEPPER_ROOT;16051;11;16050;11;;;16064.0;24;16067.0;10;;;16057.5;0.0
2;57100;ASH_COATED_OSMIUM;9988;14;9986;12;;;10006.0;10;10009.0;12;;;9997.5;0.0
2;57100;INTARIAN_PEPPER_ROOT;16055;12;16054;12;16053;15;16073.0;10;16076.0;10;16079.0;11;16064.0;0.0
2;57200;ASH_COATED_OSMIUM;9990;15;9988;10;9987;30;10006.0;13;10009.0;15;10011.0;12;9997.5;0.0
2;57200;INTARIAN_PEPPER_ROOT;16046;10;16043;23;;;16058.0;9;16061.0;15;;;16052.5;0.0
2;57300;ASH_COATED_OSMIUM;9988;26;;;;;10007.0;2;;;;;9997.5;0.0
2;57300;INTARIAN_PEPPER_ROOT;16050;10;16048;15;;;16064.0;8;16067.0;9;;;16056.5;0.0
2;57400;ASH_COATED_OSMIUM;9988;15;;;;;10006.0;12;;;;;9997.5;0.0
2;57400;INTARIAN_PEPPER_ROOT;16051;10;;;;;16066.0;9;;;;;16058.5;0.0
2;57500;ASH_COATED_OSMIUM;9990;15;9989;12;;;10006.0;10;10009.0;15;;;9997.5;0.0
2;57500;INTARIAN_PEPPER_ROOT;16050;12;16048;12;;;16068.0;9;16071.0;10;;;16059.0;0.0
2;57600;ASH_COATED_OSMIUM;9994;15;9992;27;9990;10;10010.0;28;10012.0;14;10013.0;14;10002.5;0.0
2;57600;INTARIAN_PEPPER_ROOT;16052;9;;;;;16065.0;24;;;;;16058.0;0.0
2;57700;ASH_COATED_OSMIUM;9994;12;9992;11;;;10010.0;14;10013.0;15;;;10002.5;0.0
2;57700;INTARIAN_PEPPER_ROOT;16048;10;16046;11;16045;11;16067.0;8;16070.0;18;16072.0;11;16057.0;0.0
2;57800;ASH_COATED_OSMIUM;9993;15;9992;15;9991;11;10012.0;12;10013.0;13;10015.0;10;10002.5;0.0
2;57800;INTARIAN_PEPPER_ROOT;16044;10;;;;;16062.0;8;;;;;16053.5;0.0
2;57900;ASH_COATED_OSMIUM;9994;15;;;;;10010.0;4;;;;;10002.5;0.0
2;57900;INTARIAN_PEPPER_ROOT;16050;19;16047;9;;;16063.0;11;16064.0;8;;;16056.5;0.0
2;58000;ASH_COATED_OSMIUM;9992;15;9990;12;;;10013.0;15;10016.0;11;;;10002.5;0.0
2;58000;INTARIAN_PEPPER_ROOT;16052;9;16051;9;;;16064.0;8;16065.0;11;;;16058.0;0.0
2;58100;ASH_COATED_OSMIUM;9990;14;9989;13;;;10006.0;26;10008.0;15;;;9997.5;0.0
2;58100;INTARIAN_PEPPER_ROOT;16054;8;16052;23;16049;15;16071.0;12;16073.0;18;16076.0;10;16063.0;0.0
2;58200;ASH_COATED_OSMIUM;9994;13;9991;11;9989;11;10010.0;21;10011.0;10;10014.0;11;10002.5;0.0
2;58200;INTARIAN_PEPPER_ROOT;16052;8;16049;8;;;16065.0;12;16066.0;11;;;16058.0;0.0
2;58300;ASH_COATED_OSMIUM;9988;28;9985;11;;;10006.0;10;10009.0;10;;;9997.5;0.0
2;58300;INTARIAN_PEPPER_ROOT;16050;11;16048;11;;;16062.0;11;16065.0;12;;;16056.5;0.0
2;58400;ASH_COATED_OSMIUM;9994;12;9991;27;9989;11;10010.0;11;10012.0;10;10014.0;25;10002.5;0.0
2;58400;INTARIAN_PEPPER_ROOT;16053;24;;;;;16067.0;8;;;;;16060.0;0.0
2;58500;ASH_COATED_OSMIUM;9994;15;;;;;10010.0;13;;;;;10002.5;0.0
2;58500;INTARIAN_PEPPER_ROOT;16050;11;16049;10;16046;12;16067.0;11;16070.0;8;16071.0;23;16058.5;0.0
2;58600;ASH_COATED_OSMIUM;9994;11;9993;11;9990;15;10010.0;28;10012.0;10;10015.0;10;10002.5;0.0
2;58600;INTARIAN_PEPPER_ROOT;16050;8;16049;19;;;16068.0;9;16069.0;12;;;16059.0;0.0
2;58700;ASH_COATED_OSMIUM;9994;12;9992;12;;;10010.0;10;10013.0;13;;;10002.5;0.0
2;58700;INTARIAN_PEPPER_ROOT;16056;8;16054;9;;;16068.0;8;16071.0;10;;;16062.5;0.0
2;58800;ASH_COATED_OSMIUM;9988;14;9985;12;;;10007.0;15;10008.0;15;;;9997.5;0.0
2;58800;INTARIAN_PEPPER_ROOT;16056;10;16054;8;;;16066.0;20;16067.0;9;;;16061.5;0.0
2;58900;ASH_COATED_OSMIUM;9990;14;9987;12;9984;15;10006.0;30;10007.0;11;10008.0;12;9997.5;0.0
2;58900;INTARIAN_PEPPER_ROOT;16046;10;16044;12;16041;11;16062.0;10;16063.0;9;16066.0;8;16054.0;0.0
2;59000;ASH_COATED_OSMIUM;9993;15;9991;26;;;10012.0;15;10013.0;13;;;10002.5;0.0
2;59000;INTARIAN_PEPPER_ROOT;16056;22;16053;8;;;16069.0;8;16071.0;12;;;16063.0;0.0
2;59100;ASH_COATED_OSMIUM;9990;14;9988;14;9987;15;10006.0;10;10007.0;15;10010.0;10;9997.5;0.0
2;59100;INTARIAN_PEPPER_ROOT;16052;10;16049;19;16048;20;16064.0;12;16067.0;12;16068.0;12;16058.0;0.0
2;59200;ASH_COATED_OSMIUM;9990;11;;;;;10006.0;12;;;;;9997.5;0.0
2;59200;INTARIAN_PEPPER_ROOT;16052;9;16051;15;;;16064.0;11;16066.0;10;;;16058.5;0.0
2;59300;ASH_COATED_OSMIUM;9990;14;;;;;10006.0;30;;;;;9997.5;0.0
2;59300;INTARIAN_PEPPER_ROOT;16052;11;16049;3;;;16069.0;9;16070.0;8;;;16060.5;0.0
2;59400;ASH_COATED_OSMIUM;9990;5;9988;2;;;10006.0;11;10008.0;4;;;9997.5;0.0
2;59400;INTARIAN_PEPPER_ROOT;16051;10;16049;12;;;16067.0;11;16068.0;18;;;16059.0;0.0
2;59500;ASH_COATED_OSMIUM;9990;11;;;;;10006.0;13;;;;;9997.5;0.0
2;59500;INTARIAN_PEPPER_ROOT;16054;8;16053;10;;;16066.0;9;16068.0;11;;;16060.5;0.0
2;59600;ASH_COATED_OSMIUM;9990;11;;;;;10006.0;15;;;;;9997.5;0.0
2;59600;INTARIAN_PEPPER_ROOT;16054;9;;;;;16067.0;10;;;;;16060.5;0.0
2;59700;ASH_COATED_OSMIUM;9994;10;9992;23;9989;11;10010.0;10;10012.0;12;10015.0;11;10002.5;0.0
2;59700;INTARIAN_PEPPER_ROOT;16055;11;16054;10;16052;10;16069.0;17;16071.0;11;16073.0;9;16062.0;0.0
2;59800;ASH_COATED_OSMIUM;9990;14;;;;;10006.0;11;;;;;9997.5;0.0
2;59800;INTARIAN_PEPPER_ROOT;16052;12;;;;;16067.0;8;;;;;16059.0;0.0
2;59900;ASH_COATED_OSMIUM;9993;27;9991;2;;;10012.0;14;10013.0;27;;;10002.5;0.0
2;59900;INTARIAN_PEPPER_ROOT;16048;9;;;;;16065.0;24;;;;;16056.0;0.0
2;60000;ASH_COATED_OSMIUM;9990;13;;;;;10006.0;29;;;;;9997.5;0.0
2;60000;INTARIAN_PEPPER_ROOT;16051;8;;;;;16065.0;7;;;;;16058.0;0.0
2;60100;ASH_COATED_OSMIUM;9994;15;;;;;10010.0;11;;;;;10002.5;0.0
2;60100;INTARIAN_PEPPER_ROOT;16052;19;;;;;16065.0;25;;;;;16058.5;0.0
2;60200;ASH_COATED_OSMIUM;9994;6;;;;;10010.0;14;;;;;10002.5;0.0
2;60200;INTARIAN_PEPPER_ROOT;16051;10;;;;;16065.0;9;;;;;16058.0;0.0
2;60300;ASH_COATED_OSMIUM;9994;14;9993;15;9992;15;10012.0;13;10014.0;13;10017.0;12;10002.5;0.0
2;60300;INTARIAN_PEPPER_ROOT;16050;12;16049;8;;;16064.0;12;16067.0;9;;;16057.0;0.0
2;60400;ASH_COATED_OSMIUM;9987;29;;;;;10008.0;15;;;;;9997.5;0.0
2;60400;INTARIAN_PEPPER_ROOT;16046;10;16043;9;;;16061.0;9;16064.0;8;;;16054.0;0.0
2;60500;ASH_COATED_OSMIUM;9990;14;9989;15;;;10006.0;12;10008.0;29;;;9997.5;0.0
2;60500;INTARIAN_PEPPER_ROOT;16050;9;16049;19;;;16066.0;8;16068.0;10;;;16058.0;0.0
2;60600;ASH_COATED_OSMIUM;9990;12;;;;;10006.0;29;;;;;9997.5;0.0
2;60600;INTARIAN_PEPPER_ROOT;16054;21;;;;;16067.0;8;;;;;16061.0;0.0
2;60700;ASH_COATED_OSMIUM;9990;15;9987;14;9984;24;10006.0;15;10007.0;14;10009.0;29;9997.5;0.0
2;60700;INTARIAN_PEPPER_ROOT;16050;10;16048;12;;;16067.0;9;16068.0;12;;;16058.5;0.0
2;60800;ASH_COATED_OSMIUM;9994;22;;;;;10010.0;15;;;;;10002.5;0.0
2;60800;INTARIAN_PEPPER_ROOT;16055;8;16054;8;16052;9;16068.0;12;16070.0;20;16072.0;25;16061.5;0.0
2;60900;ASH_COATED_OSMIUM;9994;10;9993;13;;;10012.0;14;10013.0;12;;;10002.5;0.0
2;60900;INTARIAN_PEPPER_ROOT;16053;11;16052;10;16049;9;16066.0;10;16069.0;17;16070.0;11;16059.5;0.0
2;61000;ASH_COATED_OSMIUM;9988;10;9987;15;;;10006.0;12;10007.0;14;;;9997.5;0.0
2;61000;INTARIAN_PEPPER_ROOT;16056;10;16055;11;;;16068.0;8;16070.0;12;;;16061.5;0.0
2;61100;ASH_COATED_OSMIUM;9988;15;9986;10;;;10007.0;13;10010.0;15;;;9997.5;0.0
2;61100;INTARIAN_PEPPER_ROOT;16052;12;16049;12;16048;11;16067.0;24;16070.0;23;16072.0;8;16060.0;0.0
