day;timestamp;product;bid_price_1;bid_volume_1;bid_price_2;bid_volume_2;bid_price_3;bid_volume_3;ask_price_1;ask_volume_1;ask_price_2;ask_volume_2;ask_price_3;ask_volume_3;mid_price;profit_and_loss
4;0;ASH_COATED_OSMIUM;9994;11;9992;14;9991;15;10010.0;15;10013.0;24;10014.0;14;10002.5;0.0
4;0;INTARIAN_PEPPER_ROOT;17996;9;17994;10;;;18011.0;11;18013.0;15;;;18003.0;0.0
4;100;ASH_COATED_OSMIUM;9994;10;9992;11;9989;12;10012.0;30;10014.0;15;10017.0;13;10002.5;0.0
4;100;INTARIAN_PEPPER_ROOT;17992;10;;;;;18006.0;8;;;;;17998.5;0.0
4;200;ASH_COATED_OSMIUM;9990;14;9987;14;9984;11;10006.0;12;10007.0;15;10009.0;14;9997.5;0.0
4;200;INTARIAN_PEPPER_ROOT;17993;11;17991;9;17990;11;18008.0;17;18010.0;11;18012.0;11;18000.5;0.0
4;300;ASH_COATED_OSMIUM;9994;4;;;;;10010.0;14;;;;;10002.5;0.0
4;300;INTARIAN_PEPPER_ROOT;17992;10;17991;11;;;18008.0;11;18010.0;12;;;18000.0;0.0
4;400;ASH_COATED_OSMIUM;9994;15;;;;;10000.0;13;;;;;9997.5;0.0
4;400;INTARIAN_PEPPER_ROOT;17991;11;17990;22;17987;10;18005.0;12;18007.0;8;18010.0;12;17998.0;0.0
4;500;ASH_COATED_OSMIUM;9993;11;9991;15;9989;13;10012.0;15;10014.0;10;10015.0;11;10002.5;0.0
4;500;INTARIAN_PEPPER_ROOT;17994;18;17992;12;17991;9;18004.0;10;18007.0;10;18008.0;9;17999.5;0.0
4;600;ASH_COATED_OSMIUM;9990;15;9988;15;9985;10;10006.0;12;10009.0;14;10010.0;29;9997.5;0.0
4;600;INTARIAN_PEPPER_ROOT;17994;20;17993;10;17991;9;18007.0;12;18008.0;8;18011.0;11;18000.0;0.0
4;700;ASH_COATED_OSMIUM;9993;30;;;;;10012.0;13;;;;;10002.5;0.0
4;700;INTARIAN_PEPPER_ROOT;17992;25;17991;9;;;18007.0;12;18010.0;10;;;17999.5;0.0
4;800;ASH_COATED_OSMIUM;9994;15;;;;;10010.0;11;;;;;10002.5;0.0
4;800;INTARIAN_PEPPER_ROOT;17994;11;;;;;18009.0;10;;;;;18002.0;0.0
4;900;ASH_COATED_OSMIUM;9993;14;9991;11;9990;13;10012.0;5;10014.0;14;10017.0;15;10002.5;0.0
4;900;INTARIAN_PEPPER_ROOT;17994;20;;;;;18009.0;9;;;;;18001.5;0.0
4;1000;ASH_COATED_OSMIUM;9988;11;9985;28;;;10007.0;13;10008.0;26;;;9997.5;0.0
4;1000;INTARIAN_PEPPER_ROOT;17990;12;17987;10;17986;8;18002.0;12;18003.0;12;18004.0;11;17996.0;0.0
4;1100;ASH_COATED_OSMIUM;9994;12;9991;14;9989;10;10010.0;11;10012.0;13;10013.0;15;10002.5;0.0
4;1100;INTARIAN_PEPPER_ROOT;17990;12;17988;11;;;18003.0;11;18006.0;10;;;17996.5;0.0
4;1200;ASH_COATED_OSMIUM;9988;4;9986;11;;;10007.0;29;10009.0;11;;;9997.5;0.0
4;1200;INTARIAN_PEPPER_ROOT;17992;9;17989;10;17986;11;18005.0;11;18006.0;9;18009.0;10;17998.5;0.0
4;1300;ASH_COATED_OSMIUM;9994;14;;;;;10010.0;13;;;;;10002.5;0.0
4;1300;INTARIAN_PEPPER_ROOT;17989;9;;;;;18006.0;12;;;;;17997.5;0.0
4;1400;ASH_COATED_OSMIUM;9990;13;9989;5;;;10006.0;10;10008.0;15;;;9997.5;0.0
4;1400;INTARIAN_PEPPER_ROOT;17994;10;17993;12;17990;11;18009.0;10;18010.0;9;18012.0;15;18001.5;0.0
4;1500;ASH_COATED_OSMIUM;9988;13;9985;10;;;10006.0;14;10009.0;12;;;9997.5;0.0
4;1500;INTARIAN_PEPPER_ROOT;17994;8;;;;;18007.0;12;;;;;18000.0;0.0
4;1600;ASH_COATED_OSMIUM;9990;11;9989;12;9986;10;10006.0;10;10007.0;10;10010.0;10;9997.5;0.0
4;1600;INTARIAN_PEPPER_ROOT;17994;12;17993;10;17991;17;18007.0;8;18010.0;9;18013.0;11;18001.0;0.0
4;1700;ASH_COATED_OSMIUM;9988;14;;;;;10007.0;11;;;;;9997.5;0.0
4;1700;INTARIAN_PEPPER_ROOT;17992;8;;;;;18009.0;15;;;;;18001.0;0.0
4;1800;ASH_COATED_OSMIUM;9994;25;9992;11;;;10010.0;11;10013.0;15;;;10002.5;0.0
4;1800;INTARIAN_PEPPER_ROOT;17994;9;17993;12;;;18008.0;10;18009.0;10;;;18001.5;0.0
4;1900;ASH_COATED_OSMIUM;9993;12;9991;28;;;10012.0;5;10015.0;15;;;10002.5;0.0
4;1900;INTARIAN_PEPPER_ROOT;17994;9;;;;;18009.0;8;;;;;18001.0;0.0
4;2000;ASH_COATED_OSMIUM;9988;15;9986;27;9985;11;10007.0;12;10010.0;10;10011.0;13;9997.5;0.0
4;2000;INTARIAN_PEPPER_ROOT;17993;10;17990;8;;;18008.0;8;18009.0;10;;;18000.5;0.0
4;2100;ASH_COATED_OSMIUM;9994;10;9992;28;;;10010.0;11;10013.0;11;;;10002.5;0.0
4;2100;INTARIAN_PEPPER_ROOT;17987;11;17984;23;;;18002.0;25;18005.0;12;;;17994.5;0.0
4;2200;ASH_COATED_OSMIUM;9994;15;9991;14;;;10012.0;13;10015.0;15;;;10002.5;0.0
4;2200;INTARIAN_PEPPER_ROOT;17994;9;;;;;18009.0;11;;;;;18001.5;0.0
4;2300;ASH_COATED_OSMIUM;9990;14;;;;;10006.0;5;;;;;9997.5;0.0
4;2300;INTARIAN_PEPPER_ROOT;17994;12;17992;10;;;18006.0;12;18007.0;9;;;17999.5;0.0
4;2400;ASH_COATED_OSMIUM;9990;5;9987;10;9986;12;10006.0;26;10007.0;15;10008.0;11;9997.5;0.0
4;2400;INTARIAN_PEPPER_ROOT;17999;11;17998;11;17995;9;18014.0;12;18016.0;25;18018.0;8;18006.5;0.0
4;2500;ASH_COATED_OSMIUM;9994;12;9993;12;;;10010.0;22;10012.0;14;;;10002.5;0.0
4;2500;INTARIAN_PEPPER_ROOT;17997;8;;;;;18015.0;9;;;;;18006.0;0.0
4;2600;ASH_COATED_OSMIUM;9994;12;9992;12;;;10010.0;13;10011.0;13;;;10002.5;0.0
4;2600;INTARIAN_PEPPER_ROOT;18000;12;17999;22;17996;20;18014.0;12;18016.0;10;18017.0;9;18006.5;0.0
4;2700;ASH_COATED_OSMIUM;9990;11;;;;;10006.0;12;;;;;9997.5;0.0
4;2700;INTARIAN_PEPPER_ROOT;17998;10;;;;;18012.0;10;;;;;18004.5;0.0
4;2800;ASH_COATED_OSMIUM;9998;13;9997;13;9994;13;10007.0;14;10008.0;11;10011.0;13;10002.5;0.0
4;2800;INTARIAN_PEPPER_ROOT;17994;11;;;;;18012.0;10;;;;;18002.5;0.0
4;2900;ASH_COATED_OSMIUM;9994;14;9992;10;;;10012.0;12;10013.0;11;;;10002.5;0.0
4;2900;INTARIAN_PEPPER_ROOT;17990;8;17989;10;;;18005.0;11;18006.0;11;;;17997.0;0.0
4;3000;ASH_COATED_OSMIUM;9988;13;9987;10;;;10007.0;13;10008.0;10;;;9997.5;0.0
4;3000;INTARIAN_PEPPER_ROOT;17996;12;;;;;18010.0;16;;;;;18002.5;0.0
4;3100;ASH_COATED_OSMIUM;9990;12;;;;;10006.0;4;;;;;9997.5;0.0
4;3100;INTARIAN_PEPPER_ROOT;17996;8;17993;8;;;18010.0;11;18011.0;16;;;18003.0;0.0
4;3200;ASH_COATED_OSMIUM;9988;10;9985;11;9983;13;10007.0;15;10010.0;13;10013.0;12;9997.5;0.0
4;3200;INTARIAN_PEPPER_ROOT;17992;8;17989;8;;;18009.0;8;18012.0;11;;;18001.0;0.0
4;3300;ASH_COATED_OSMIUM;9994;25;;;;;10010.0;25;;;;;10002.5;0.0
4;3300;INTARIAN_PEPPER_ROOT;17995;12;17994;25;17992;23;18012.0;10;18014.0;9;18016.0;10;18003.5;0.0
4;3400;ASH_COATED_OSMIUM;9993;12;9990;13;;;10012.0;28;10014.0;26;;;10002.5;0.0
4;3400;INTARIAN_PEPPER_ROOT;17997;12;17995;19;;;18010.0;9;18012.0;21;;;18003.5;0.0
4;3500;ASH_COATED_OSMIUM;9990;15;9987;12;;;10006.0;2;10007.0;14;;;9997.5;0.0
4;3500;INTARIAN_PEPPER_ROOT;17998;9;17995;16;;;18011.0;11;18012.0;9;;;18004.5;0.0
4;3600;ASH_COATED_OSMIUM;9994;11;;;;;10012.0;2;;;;;10002.5;0.0
4;3600;INTARIAN_PEPPER_ROOT;17995;21;17994;11;17993;12;18008.0;11;18009.0;9;18012.0;8;18001.5;0.0
4;3700;ASH_COATED_OSMIUM;9993;21;9991;10;;;10012.0;14;10014.0;15;;;10002.5;0.0
4;3700;INTARIAN_PEPPER_ROOT;17994;10;17991;12;17988;22;18008.0;12;18011.0;9;18013.0;12;18001.5;0.0
4;3800;ASH_COATED_OSMIUM;9994;10;9991;11;;;10010.0;14;10011.0;12;;;10002.5;0.0
4;3800;INTARIAN_PEPPER_ROOT;17998;8;;;;;18012.0;11;;;;;18005.0;0.0
4;3900;ASH_COATED_OSMIUM;9990;23;9987;28;9985;26;10006.0;15;10008.0;13;10010.0;15;9997.5;0.0
4;3900;INTARIAN_PEPPER_ROOT;17993;9;;;;;18010.0;8;;;;;18001.5;0.0
4;4000;ASH_COATED_OSMIUM;9998;15;9996;28;;;10007.0;12;10010.0;13;;;10002.5;0.0
4;4000;INTARIAN_PEPPER_ROOT;17992;10;17989;8;;;18010.0;11;18013.0;11;;;18001.5;0.0
4;4100;ASH_COATED_OSMIUM;9993;12;9991;24;9990;12;10012.0;13;10015.0;12;10017.0;12;10002.5;0.0
4;4100;INTARIAN_PEPPER_ROOT;18000;9;17997;9;17996;23;18016.0;12;18019.0;12;18021.0;9;18008.0;0.0
4;4200;ASH_COATED_OSMIUM;9988;25;;;;;10006.0;24;;;;;9997.5;0.0
4;4200;INTARIAN_PEPPER_ROOT;18000;11;17998;10;;;18014.0;8;18015.0;10;;;18006.5;0.0
4;4300;ASH_COATED_OSMIUM;9990;15;9987;12;9984;13;10006.0;10;10007.0;14;10010.0;13;9997.5;0.0
4;4300;INTARIAN_PEPPER_ROOT;18000;12;17997;12;17994;11;18014.0;8;18017.0;12;18018.0;25;18007.0;0.0
4;4400;ASH_COATED_OSMIUM;9998;11;9996;25;9993;15;10008.0;24;10009.0;5;10011.0;12;10002.5;0.0
4;4400;INTARIAN_PEPPER_ROOT;17998;16;17995;9;;;18011.0;8;18014.0;12;;;18005.0;0.0
4;4500;ASH_COATED_OSMIUM;9994;14;9992;11;9991;11;10010.0;10;10011.0;14;10012.0;11;10002.5;0.0
4;4500;INTARIAN_PEPPER_ROOT;18000;22;17998;8;17995;9;18018.0;11;18021.0;11;18024.0;9;18009.5;0.0
4;4600;ASH_COATED_OSMIUM;9994;21;9993;11;9991;12;10010.0;10;10011.0;14;10012.0;15;10002.5;0.0
4;4600;INTARIAN_PEPPER_ROOT;17996;19;17993;8;;;18012.0;15;18015.0;9;;;18004.5;0.0
4;4700;ASH_COATED_OSMIUM;9994;14;9991;11;;;10010.0;14;10013.0;14;;;10002.5;0.0
4;4700;INTARIAN_PEPPER_ROOT;17997;11;;;;;18010.0;10;;;;;18003.5;0.0
4;4800;ASH_COATED_OSMIUM;9990;11;9987;15;9985;14;10006.0;11;10009.0;11;10010.0;28;9997.5;0.0
4;4800;INTARIAN_PEPPER_ROOT;18000;10;;;;;18014.0;23;;;;;18007.0;0.0
4;4900;ASH_COATED_OSMIUM;9990;14;;;;;10006.0;15;;;;;9997.5;0.0
4;4900;INTARIAN_PEPPER_ROOT;18000;19;17997;8;;;18013.0;8;18016.0;11;;;18006.0;0.0
4;5000;ASH_COATED_OSMIUM;9990;14;;;;;10006.0;6;;;;;9997.5;0.0
4;5000;INTARIAN_PEPPER_ROOT;17997;12;;;;;18009.0;10;;;;;18003.0;0.0
4;5100;ASH_COATED_OSMIUM;9998;23;;;;;10008.0;20;;;;;10002.5;0.0
4;5100;INTARIAN_PEPPER_ROOT;18002;9;18000;15;;;18015.0;9;18018.0;12;;;18008.0;0.0
4;5200;ASH_COATED_OSMIUM;9994;10;;;;;10012.0;12;;;;;10002.5;0.0
4;5200;INTARIAN_PEPPER_ROOT;17998;9;;;;;18015.0;17;;;;;18007.0;0.0
4;5300;ASH_COATED_OSMIUM;9994;14;;;;;10010.0;27;;;;;10002.5;0.0
4;5300;INTARIAN_PEPPER_ROOT;18000;9;;;;;18012.0;5;;;;;18005.5;0.0
4;5400;ASH_COATED_OSMIUM;9990;14;9988;15;9985;14;10006.0;11;10009.0;28;10011.0;14;9997.5;0.0
4;5400;INTARIAN_PEPPER_ROOT;17998;9;;;;;18010.0;9;;;;;18004.5;0.0
4;5500;ASH_COATED_OSMIUM;9993;6;;;;;10012.0;14;;;;;10002.5;0.0
4;5500;INTARIAN_PEPPER_ROOT;17996;10;17995;18;;;18010.0;10;18012.0;9;;;18003.0;0.0
4;5600;ASH_COATED_OSMIUM;9988;11;9986;14;9985;12;10007.0;29;10010.0;10;10011.0;15;9997.5;0.0
4;5600;INTARIAN_PEPPER_ROOT;18006;12;18004;8;;;18009.0;8;18011.0;8;;;18007.5;0.0
4;5700;ASH_COATED_OSMIUM;9994;27;9992;14;;;10010.0;13;10012.0;12;;;10002.5;0.0
4;5700;INTARIAN_PEPPER_ROOT;17998;11;17995;9;;;18012.0;12;18013.0;18;;;18005.0;0.0
4;5800;ASH_COATED_OSMIUM;9990;12;9987;10;9984;12;10006.0;11;10007.0;12;10008.0;13;9997.5;0.0
4;5800;INTARIAN_PEPPER_ROOT;17994;18;17991;12;17988;12;18008.0;8;18009.0;8;18010.0;25;18000.5;0.0
4;5900;ASH_COATED_OSMIUM;9990;14;9987;26;;;10006.0;11;10007.0;12;;;9997.5;0.0
4;5900;INTARIAN_PEPPER_ROOT;17998;11;17995;8;17994;8;18012.0;9;18014.0;8;18017.0;9;18005.0;0.0
4;6000;ASH_COATED_OSMIUM;9994;14;;;;;10010.0;14;;;;;10002.5;0.0
4;6000;INTARIAN_PEPPER_ROOT;18003;10;18001;12;17999;12;18017.0;11;18019.0;10;18022.0;9;18010.0;0.0
4;6100;ASH_COATED_OSMIUM;9994;12;9992;15;;;10010.0;15;10013.0;11;;;10002.5;0.0
4;6100;INTARIAN_PEPPER_ROOT;18001;7;17999;11;17997;17;18014.0;18;18017.0;9;18018.0;9;18007.5;0.0
4;6200;ASH_COATED_OSMIUM;9990;14;9988;14;;;10006.0;21;10007.0;11;;;9997.5;0.0
4;6200;INTARIAN_PEPPER_ROOT;17996;24;17995;9;17992;10;18014.0;18;18015.0;16;18017.0;11;18005.0;0.0
4;6300;ASH_COATED_OSMIUM;9994;15;9991;12;;;10010.0;23;10013.0;12;;;10002.5;0.0
4;6300;INTARIAN_PEPPER_ROOT;17998;22;;;;;18014.0;9;;;;;18006.0;0.0
4;6400;ASH_COATED_OSMIUM;9990;20;9988;12;9986;27;10006.0;13;10009.0;15;10010.0;11;9997.5;0.0
4;6400;INTARIAN_PEPPER_ROOT;17999;11;;;;;18012.0;8;;;;;18005.5;0.0
4;6500;ASH_COATED_OSMIUM;9994;14;9991;30;;;10010.0;29;10013.0;11;;;10002.5;0.0
4;6500;INTARIAN_PEPPER_ROOT;17999;9;;;;;18013.0;8;;;;;18006.0;0.0
4;6600;ASH_COATED_OSMIUM;9990;13;9987;14;;;10006.0;21;10007.0;13;;;9997.5;0.0
4;6600;INTARIAN_PEPPER_ROOT;17999;24;17996;12;17994;11;18013.0;25;18015.0;10;18016.0;11;18006.0;0.0
4;6700;ASH_COATED_OSMIUM;9990;14;;;;;10006.0;14;;;;;9997.5;0.0
4;6700;INTARIAN_PEPPER_ROOT;17996;12;17993;11;;;18015.0;8;18018.0;10;;;18006.0;0.0
4;6800;ASH_COATED_OSMIUM;9994;12;9992;27;9989;12;10010.0;10;10011.0;12;10014.0;14;10002.5;0.0
4;6800;INTARIAN_PEPPER_ROOT;18000;8;17997;8;17994;9;18014.0;12;18016.0;11;18017.0;10;18007.5;0.0
4;6900;ASH_COATED_OSMIUM;9993;25;9991;11;;;10012.0;10;10013.0;12;;;10002.5;0.0
4;6900;INTARIAN_PEPPER_ROOT;17999;20;17998;11;;;18014.0;10;18015.0;12;;;18006.5;0.0
4;7000;ASH_COATED_OSMIUM;9988;14;9985;10;9982;3;10007.0;6;10008.0;12;10009.0;12;9997.5;0.0
4;7000;INTARIAN_PEPPER_ROOT;18000;9;17999;17;17996;11;18014.0;10;18015.0;8;18017.0;19;18007.0;0.0
4;7100;ASH_COATED_OSMIUM;9990;12;9987;13;9984;23;10006.0;10;10007.0;14;10009.0;13;9997.5;0.0
4;7100;INTARIAN_PEPPER_ROOT;17999;9;17997;12;17996;10;18011.0;11;18013.0;10;18015.0;25;18005.0;0.0
4;7200;ASH_COATED_OSMIUM;9988;14;;;;;10007.0;24;;;;;9997.5;0.0
4;7200;INTARIAN_PEPPER_ROOT;17997;10;17996;12;;;18012.0;11;18015.0;12;;;18004.5;0.0
4;7300;ASH_COATED_OSMIUM;9994;15;9992;11;;;10010.0;10;10011.0;15;;;10002.5;0.0
4;7300;INTARIAN_PEPPER_ROOT;17997;9;17995;8;;;18012.0;10;18014.0;9;;;18004.5;0.0
4;7400;ASH_COATED_OSMIUM;9994;13;9993;29;9992;30;10010.0;23;10013.0;30;10015.0;15;10002.5;0.0
4;7400;INTARIAN_PEPPER_ROOT;17998;11;17996;12;;;18012.0;9;18014.0;15;;;18005.0;0.0
4;7500;ASH_COATED_OSMIUM;9988;15;9986;12;9985;11;10007.0;26;10010.0;10;10011.0;12;9997.5;0.0
4;7500;INTARIAN_PEPPER_ROOT;18002;9;17999;11;17996;11;18014.0;19;18015.0;24;18018.0;12;18008.5;0.0
4;7600;ASH_COATED_OSMIUM;9990;12;9989;13;;;10006.0;15;10008.0;13;;;9997.5;0.0
4;7600;INTARIAN_PEPPER_ROOT;18002;16;18000;9;;;18017.0;9;18020.0;8;;;18009.5;0.0
4;7700;ASH_COATED_OSMIUM;10000;10;9999;12;;;10006.0;10;10007.0;11;;;10002.5;0.0
4;7700;INTARIAN_PEPPER_ROOT;18001;11;18000;21;;;18016.0;18;18019.0;11;;;18008.5;0.0
4;7800;ASH_COATED_OSMIUM;9994;14;9991;13;;;10010.0;14;10012.0;12;;;10002.5;0.0
4;7800;INTARIAN_PEPPER_ROOT;18004;12;18001;22;;;18018.0;17;18020.0;8;;;18011.5;0.0
4;7900;ASH_COATED_OSMIUM;9988;14;;;;;10007.0;11;;;;;9997.5;0.0
4;7900;INTARIAN_PEPPER_ROOT;17994;7;;;;;18007.0;9;;;;;18001.0;0.0
4;8000;ASH_COATED_OSMIUM;9990;11;9987;12;;;10006.0;15;10007.0;23;;;9997.5;0.0
4;8000;INTARIAN_PEPPER_ROOT;18008;18;;;;;18023.0;8;;;;;18015.5;0.0
4;8100;ASH_COATED_OSMIUM;9990;10;;;;;10006.0;23;;;;;9997.5;0.0
4;8100;INTARIAN_PEPPER_ROOT;17992;11;17990;18;;;18009.0;10;18010.0;21;;;18000.5;0.0
4;8200;ASH_COATED_OSMIUM;9988;2;;;;;10006.0;10;;;;;9997.5;0.0
4;8200;INTARIAN_PEPPER_ROOT;18009;20;18006;10;;;18012.0;8;18015.0;8;;;18010.5;0.0
4;8300;ASH_COATED_OSMIUM;9994;21;9991;11;;;10010.0;21;10012.0;29;;;10002.5;0.0
4;8300;INTARIAN_PEPPER_ROOT;18002;17;18000;12;17999;9;18015.0;10;18016.0;22;18017.0;11;18008.5;0.0
4;8400;ASH_COATED_OSMIUM;9994;10;9992;12;;;10010.0;10;10011.0;13;;;10002.5;0.0
4;8400;INTARIAN_PEPPER_ROOT;18000;11;17999;8;;;18012.0;9;18015.0;9;;;18006.0;0.0
4;8500;ASH_COATED_OSMIUM;9996;11;9995;14;9992;29;10008.0;11;10011.0;10;10014.0;13;10002.5;0.0
4;8500;INTARIAN_PEPPER_ROOT;17998;8;;;;;18017.0;12;;;;;18007.5;0.0
4;8600;ASH_COATED_OSMIUM;9994;11;9991;13;;;10012.0;5;10014.0;13;;;10002.5;0.0
4;8600;INTARIAN_PEPPER_ROOT;18000;12;17999;12;17996;11;18015.0;9;18018.0;11;18019.0;9;18008.0;0.0
4;8700;ASH_COATED_OSMIUM;9994;10;;;;;10010.0;11;;;;;10002.5;0.0
4;8700;INTARIAN_PEPPER_ROOT;18000;23;17997;12;17996;11;18014.0;12;18017.0;11;18019.0;12;18006.5;0.0
4;8800;ASH_COATED_OSMIUM;9988;10;9985;12;;;10006.0;15;10008.0;12;;;9997.5;0.0
4;8800;INTARIAN_PEPPER_ROOT;17996;8;17994;18;17991;12;18009.0;10;18010.0;8;18013.0;8;18003.0;0.0
4;8900;ASH_COATED_OSMIUM;9988;12;9987;11;;;10007.0;12;10009.0;11;;;9997.5;0.0
4;8900;INTARIAN_PEPPER_ROOT;18000;10;;;;;18015.0;15;;;;;18008.0;0.0
4;9000;ASH_COATED_OSMIUM;9990;11;9987;10;;;10006.0;15;10007.0;13;;;9997.5;0.0
4;9000;INTARIAN_PEPPER_ROOT;18000;25;17998;11;17996;10;18013.0;11;18016.0;9;18019.0;10;18007.0;0.0
4;9100;ASH_COATED_OSMIUM;9990;29;9989;14;;;10006.0;25;10007.0;3;;;9997.5;0.0
4;9100;INTARIAN_PEPPER_ROOT;18000;23;17998;8;17995;10;18014.0;8;18016.0;9;18017.0;9;18006.5;0.0
4;9200;ASH_COATED_OSMIUM;9990;12;;;;;10006.0;14;;;;;9997.5;0.0
4;9200;INTARIAN_PEPPER_ROOT;17996;12;;;;;18009.0;8;;;;;18003.0;0.0
4;9300;ASH_COATED_OSMIUM;9990;13;;;;;10006.0;12;;;;;9997.5;0.0
4;9300;INTARIAN_PEPPER_ROOT;18008;11;18005;11;;;18011.0;11;18013.0;11;;;18009.5;0.0
4;9400;ASH_COATED_OSMIUM;9988;11;9985;11;9982;29;10006.0;15;10009.0;26;10011.0;10;9997.5;0.0
4;9400;INTARIAN_PEPPER_ROOT;18004;11;18003;10;18002;11;18016.0;8;18018.0;10;18019.0;9;18009.5;0.0
4;9500;ASH_COATED_OSMIUM;9993;14;;;;;10002.0;15;;;;;9997.5;0.0
4;9500;INTARIAN_PEPPER_ROOT;18002;12;;;;;18017.0;23;;;;;18009.0;0.0
4;9600;ASH_COATED_OSMIUM;9993;25;9990;15;9988;11;10012.0;13;10015.0;14;10018.0;10;10002.5;0.0
4;9600;INTARIAN_PEPPER_ROOT;17999;11;17998;10;;;18016.0;11;18019.0;8;;;18007.5;0.0
4;9700;ASH_COATED_OSMIUM;9994;13;9991;14;;;10010.0;10;10012.0;10;;;10002.5;0.0
4;9700;INTARIAN_PEPPER_ROOT;18004;9;18003;9;18002;9;18017.0;15;18019.0;20;18022.0;9;18010.5;0.0
4;9800;ASH_COATED_OSMIUM;9990;12;;;;;10006.0;13;;;;;9997.5;0.0
4;9800;INTARIAN_PEPPER_ROOT;18005;9;18002;10;;;18018.0;10;18019.0;10;;;18011.5;0.0
4;9900;ASH_COATED_OSMIUM;9990;15;9987;26;9986;11;10006.0;11;10009.0;15;10011.0;9;9997.5;0.0
4;9900;INTARIAN_PEPPER_ROOT;18002;11;18000;18;17997;10;18016.0;10;18017.0;10;18019.0;11;18009.0;0.0
4;10000;ASH_COATED_OSMIUM;9990;15;9987;28;;;10006.0;15;10009.0;12;;;9997.5;0.0
4;10000;INTARIAN_PEPPER_ROOT;18002;8;17999;25;;;18015.0;9;18016.0;21;;;18008.0;0.0
4;10100;ASH_COATED_OSMIUM;9990;11;9988;13;9985;21;10006.0;14;10008.0;12;10010.0;24;9997.5;0.0
4;10100;INTARIAN_PEPPER_ROOT;18004;10;;;;;18018.0;11;;;;;18011.5;0.0
4;10200;ASH_COATED_OSMIUM;9990;13;;;;;10006.0;20;;;;;9997.5;0.0
4;10200;INTARIAN_PEPPER_ROOT;18008;12;18007;12;18004;10;18020.0;11;18021.0;8;18024.0;12;18014.0;0.0
4;10300;ASH_COATED_OSMIUM;9990;21;;;;;10006.0;27;;;;;9997.5;0.0
4;10300;INTARIAN_PEPPER_ROOT;18000;20;17999;12;;;18013.0;9;18015.0;25;;;18006.5;0.0
4;10400;ASH_COATED_OSMIUM;9993;13;9991;12;;;10012.0;11;10013.0;11;;;10002.5;0.0
4;10400;INTARIAN_PEPPER_ROOT;18008;12;18006;24;;;18021.0;9;18023.0;12;;;18014.0;0.0
4;10500;ASH_COATED_OSMIUM;9994;10;9991;14;;;10010.0;2;10012.0;15;;;10002.5;0.0
4;10500;INTARIAN_PEPPER_ROOT;18001;8;;;;;18013.0;8;;;;;18007.0;0.0
4;10600;ASH_COATED_OSMIUM;9994;13;9992;11;9991;23;10010.0;12;10012.0;11;10014.0;10;10002.5;0.0
4;10600;INTARIAN_PEPPER_ROOT;18008;11;;;;;18014.0;3;;;;;18011.5;0.0
4;10700;ASH_COATED_OSMIUM;9988;12;9985;21;9982;26;10007.0;13;10009.0;15;10010.0;14;9997.5;0.0
4;10700;INTARIAN_PEPPER_ROOT;18004;8;18001;10;;;18019.0;11;18020.0;25;;;18012.0;0.0
4;10800;ASH_COATED_OSMIUM;9988;12;9986;13;;;10007.0;13;10008.0;11;;;9997.5;0.0
4;10800;INTARIAN_PEPPER_ROOT;18004;11;18002;11;17999;11;18017.0;8;18018.0;11;18021.0;12;18011.0;0.0
4;10900;ASH_COATED_OSMIUM;9988;21;9987;14;;;10007.0;30;10008.0;15;;;9997.5;0.0
4;10900;INTARIAN_PEPPER_ROOT;18012;23;18009;12;;;18026.0;12;18028.0;12;;;18019.5;0.0
4;11000;ASH_COATED_OSMIUM;9994;13;9992;14;;;10010.0;15;10011.0;12;;;10002.5;0.0
4;11000;INTARIAN_PEPPER_ROOT;18005;8;18002;21;;;18019.0;11;18020.0;8;;;18012.0;0.0
4;11100;ASH_COATED_OSMIUM;9998;15;;;;;10007.0;12;;;;;10002.5;0.0
4;11100;INTARIAN_PEPPER_ROOT;17999;8;17998;12;17996;12;18016.0;12;18018.0;10;18020.0;12;18007.5;0.0
4;11200;ASH_COATED_OSMIUM;9993;27;9991;13;9988;13;10012.0;13;10015.0;20;10017.0;11;10002.5;0.0
4;11200;INTARIAN_PEPPER_ROOT;18002;19;17999;11;;;18016.0;8;18018.0;12;;;18009.0;0.0
4;11300;ASH_COATED_OSMIUM;9990;14;;;;;10006.0;24;;;;;9997.5;0.0
4;11300;INTARIAN_PEPPER_ROOT;18004;12;18003;8;18000;8;18017.0;12;18019.0;9;18021.0;8;18011.0;0.0
4;11400;ASH_COATED_OSMIUM;9994;23;9991;12;9988;13;10010.0;13;10012.0;14;10014.0;13;10002.5;0.0
4;11400;INTARIAN_PEPPER_ROOT;18000;12;17999;9;;;18014.0;12;18015.0;10;;;18006.5;0.0
4;11500;ASH_COATED_OSMIUM;9994;15;9993;11;9990;15;10012.0;11;10013.0;14;10014.0;22;10002.5;0.0
4;11500;INTARIAN_PEPPER_ROOT;18004;21;18001;10;;;18016.0;8;18017.0;22;;;18009.5;0.0
4;11600;ASH_COATED_OSMIUM;9994;12;9992;11;;;10010.0;14;10011.0;13;;;10002.5;0.0
4;11600;INTARIAN_PEPPER_ROOT;18006;11;18003;10;;;18021.0;11;18024.0;12;;;18013.0;0.0
4;11700;ASH_COATED_OSMIUM;9990;13;9989;13;9986;12;10006.0;10;10007.0;13;10009.0;12;9997.5;0.0
4;11700;INTARIAN_PEPPER_ROOT;18006;10;18005;9;;;18020.0;11;18021.0;8;;;18013.0;0.0
4;11800;ASH_COATED_OSMIUM;9988;14;9986;27;9985;12;10007.0;12;10009.0;10;10011.0;10;9997.5;0.0
4;11800;INTARIAN_PEPPER_ROOT;18002;8;;;;;18018.0;11;;;;;18010.0;0.0
4;11900;ASH_COATED_OSMIUM;9992;3;9991;13;;;10002.0;15;10004.0;12;;;9997.5;0.0
4;11900;INTARIAN_PEPPER_ROOT;18006;11;18005;8;18003;9;18019.0;12;18020.0;12;18023.0;12;18012.0;0.0
4;12000;ASH_COATED_OSMIUM;9994;14;9991;12;9990;10;10012.0;14;10013.0;13;10016.0;13;10002.5;0.0
4;12000;INTARIAN_PEPPER_ROOT;18005;12;;;;;18019.0;9;;;;;18012.0;0.0
4;12100;ASH_COATED_OSMIUM;9994;13;9993;15;9991;15;10010.0;14;10011.0;24;10014.0;14;10002.5;0.0
4;12100;INTARIAN_PEPPER_ROOT;18004;21;18001;9;;;18019.0;12;18021.0;11;;;18012.0;0.0
4;12200;ASH_COATED_OSMIUM;9994;12;9991;27;9988;22;10010.0;27;10012.0;13;10014.0;14;10002.5;0.0
4;12200;INTARIAN_PEPPER_ROOT;18008;10;18007;25;18004;10;18021.0;8;18024.0;9;18025.0;15;18014.5;0.0
4;12300;ASH_COATED_OSMIUM;9994;10;;;;;10010.0;13;;;;;10002.5;0.0
4;12300;INTARIAN_PEPPER_ROOT;18009;9;18008;19;18007;9;18022.0;18;18024.0;12;18027.0;12;18015.5;0.0
4;12400;ASH_COATED_OSMIUM;10000;13;9999;23;9996;24;10006.0;14;10008.0;11;10009.0;10;10002.5;0.0
4;12400;INTARIAN_PEPPER_ROOT;18005;9;18002;10;;;18020.0;9;18023.0;11;;;18012.5;0.0
4;12500;ASH_COATED_OSMIUM;9994;13;;;;;10010.0;14;;;;;10002.5;0.0
4;12500;INTARIAN_PEPPER_ROOT;18004;8;18001;8;;;18017.0;10;18019.0;10;;;18011.0;0.0
4;12600;ASH_COATED_OSMIUM;9990;12;9987;14;;;10006.0;4;10007.0;28;;;9997.5;0.0
4;12600;INTARIAN_PEPPER_ROOT;18006;9;18004;25;;;18020.0;10;18021.0;12;;;18013.0;0.0
4;12700;ASH_COATED_OSMIUM;9994;10;9992;30;9990;29;10010.0;12;10011.0;15;10012.0;15;10002.5;0.0
4;12700;INTARIAN_PEPPER_ROOT;18003;10;18000;11;17998;12;18018.0;10;18019.0;11;18021.0;21;18010.5;0.0
4;12800;ASH_COATED_OSMIUM;9994;13;9993;22;9992;10;10010.0;14;10011.0;14;10014.0;12;10002.5;0.0
4;12800;INTARIAN_PEPPER_ROOT;18004;16;;;;;18021.0;23;;;;;18013.0;0.0
4;12900;ASH_COATED_OSMIUM;9994;15;9991;11;;;10010.0;2;10012.0;21;;;10002.5;0.0
4;12900;INTARIAN_PEPPER_ROOT;18005;21;18003;10;;;18024.0;18;18025.0;9;;;18014.5;0.0
4;13000;ASH_COATED_OSMIUM;9994;12;9991;27;;;10012.0;29;10015.0;12;;;10002.5;0.0
4;13000;INTARIAN_PEPPER_ROOT;18006;11;18005;9;;;18021.0;21;18024.0;12;;;18013.5;0.0
4;13100;ASH_COATED_OSMIUM;9990;11;9989;25;;;10006.0;11;10008.0;15;;;9997.5;0.0
4;13100;INTARIAN_PEPPER_ROOT;18005;3;;;;;18020.0;11;;;;;18012.5;0.0
4;13200;ASH_COATED_OSMIUM;9987;12;9986;11;;;10008.0;10;10011.0;12;;;9997.5;0.0
4;13200;INTARIAN_PEPPER_ROOT;18007;15;18004;9;;;18021.0;12;18024.0;10;;;18014.0;0.0
4;13300;ASH_COATED_OSMIUM;9990;12;9987;13;;;10006.0;10;10009.0;15;;;9997.5;0.0
4;13300;INTARIAN_PEPPER_ROOT;18006;10;18004;11;18003;10;18020.0;10;18021.0;10;18022.0;8;18012.5;0.0
4;13400;ASH_COATED_OSMIUM;9994;14;9992;11;;;10010.0;15;10012.0;22;;;10002.5;0.0
4;13400;INTARIAN_PEPPER_ROOT;18006;11;;;;;18020.0;8;;;;;18013.5;0.0
4;13500;ASH_COATED_OSMIUM;9988;14;;;;;10007.0;12;;;;;9997.5;0.0
4;13500;INTARIAN_PEPPER_ROOT;18010;11;;;;;18022.0;9;;;;;18016.0;0.0
4;13600;ASH_COATED_OSMIUM;9994;12;9991;11;;;10010.0;13;10011.0;10;;;10002.5;0.0
4;13600;INTARIAN_PEPPER_ROOT;18008;10;18006;9;18005;12;18022.0;8;18023.0;12;18026.0;10;18015.5;0.0
4;13700;ASH_COATED_OSMIUM;9993;12;9991;10;;;10012.0;13;10013.0;10;;;10002.5;0.0
4;13700;INTARIAN_PEPPER_ROOT;18004;9;18001;11;;;18019.0;12;18022.0;9;;;18011.5;0.0
4;13800;ASH_COATED_OSMIUM;9994;25;;;;;10012.0;21;;;;;10002.5;0.0
4;13800;INTARIAN_PEPPER_ROOT;18004;10;18002;12;17999;11;18021.0;10;18024.0;10;18026.0;11;18013.0;0.0
4;13900;ASH_COATED_OSMIUM;9994;10;9992;15;9989;13;10012.0;12;10015.0;11;10018.0;28;10002.5;0.0
4;13900;INTARIAN_PEPPER_ROOT;18002;12;18000;12;;;18016.0;8;18019.0;11;;;18009.0;0.0
4;14000;ASH_COATED_OSMIUM;9994;14;;;;;10010.0;10;;;;;10002.5;0.0
4;14000;INTARIAN_PEPPER_ROOT;18004;12;18002;25;18001;10;18023.0;10;18024.0;12;18027.0;10;18013.5;0.0
4;14100;ASH_COATED_OSMIUM;9992;10;9990;25;;;10004.0;15;10007.0;12;;;9997.5;0.0
4;14100;INTARIAN_PEPPER_ROOT;18014;11;;;;;18026.0;10;;;;;18019.5;0.0
4;14200;ASH_COATED_OSMIUM;9998;25;9997;11;9994;10;10007.0;25;10009.0;25;10010.0;23;10002.5;0.0
4;14200;INTARIAN_PEPPER_ROOT;18010;12;18009;8;18007;12;18024.0;11;18025.0;8;18028.0;12;18017.5;0.0
4;14300;ASH_COATED_OSMIUM;9992;10;9991;10;;;10003.0;14;10004.0;12;;;9997.5;0.0
4;14300;INTARIAN_PEPPER_ROOT;18006;11;18003;10;;;18021.0;10;18022.0;11;;;18014.0;0.0
4;14400;ASH_COATED_OSMIUM;9994;12;;;;;10010.0;14;;;;;10002.5;0.0
4;14400;INTARIAN_PEPPER_ROOT;18009;8;18007;12;;;18024.0;12;18025.0;16;;;18016.5;0.0
4;14500;ASH_COATED_OSMIUM;9992;11;9991;22;9990;12;10013.0;10;10014.0;11;10015.0;12;10002.5;0.0
4;14500;INTARIAN_PEPPER_ROOT;18008;10;;;;;18023.0;3;;;;;18015.0;0.0
4;14600;ASH_COATED_OSMIUM;9990;11;9987;13;;;10006.0;11;10008.0;22;;;9997.5;0.0
4;14600;INTARIAN_PEPPER_ROOT;18007;12;18006;17;;;18021.0;17;18023.0;8;;;18014.0;0.0
4;14700;ASH_COATED_OSMIUM;9993;15;;;;;10012.0;11;;;;;10002.5;0.0
4;14700;INTARIAN_PEPPER_ROOT;18010;11;;;;;18023.0;10;;;;;18016.0;0.0
4;14800;ASH_COATED_OSMIUM;9994;28;9991;10;;;10012.0;15;10014.0;15;;;10002.5;0.0
4;14800;INTARIAN_PEPPER_ROOT;18006;12;;;;;18025.0;8;;;;;18016.0;0.0
4;14900;ASH_COATED_OSMIUM;9988;11;9985;22;9982;12;10006.0;10;10009.0;30;10012.0;15;9997.5;0.0
4;14900;INTARIAN_PEPPER_ROOT;18008;9;;;;;18021.0;12;;;;;18015.0;0.0
4;15000;ASH_COATED_OSMIUM;9994;24;;;;;10010.0;14;;;;;10002.5;0.0
4;15000;INTARIAN_PEPPER_ROOT;18010;11;18009;11;18008;10;18018.0;19;18021.0;10;18022.0;23;18013.5;0.0
4;15100;ASH_COATED_OSMIUM;9994;10;9991;14;;;10010.0;4;10012.0;29;;;10002.5;0.0
4;15100;INTARIAN_PEPPER_ROOT;18009;10;;;;;18022.0;23;;;;;18015.5;0.0
4;15200;ASH_COATED_OSMIUM;9994;15;9992;15;;;10010.0;14;10012.0;12;;;10002.5;0.0
4;15200;INTARIAN_PEPPER_ROOT;18011;11;18010;15;18007;12;18023.0;9;18024.0;11;18026.0;10;18017.0;0.0
4;15300;ASH_COATED_OSMIUM;9994;14;9993;10;;;10012.0;11;10014.0;23;;;10002.5;0.0
4;15300;INTARIAN_PEPPER_ROOT;18010;20;;;;;18022.0;9;;;;;18016.0;0.0
4;15400;ASH_COATED_OSMIUM;9990;13;;;;;10006.0;12;;;;;9997.5;0.0
4;15400;INTARIAN_PEPPER_ROOT;18006;11;;;;;18019.0;10;;;;;18013.0;0.0
4;15500;ASH_COATED_OSMIUM;9997;15;9995;11;9992;14;10008.0;15;10011.0;12;10012.0;13;10002.5;0.0
4;15500;INTARIAN_PEPPER_ROOT;18004;10;18003;8;;;18022.0;10;18025.0;25;;;18013.5;0.0
4;15600;ASH_COATED_OSMIUM;9994;27;9992;13;;;10010.0;12;10011.0;13;;;10002.5;0.0
4;15600;INTARIAN_PEPPER_ROOT;18008;21;18005;11;;;18023.0;11;18025.0;9;;;18015.5;0.0
4;15700;ASH_COATED_OSMIUM;9988;24;9987;3;;;10007.0;5;10008.0;12;;;9997.5;0.0
4;15700;INTARIAN_PEPPER_ROOT;18008;11;18006;11;18003;8;18022.0;10;18024.0;9;18026.0;21;18015.0;0.0
4;15800;ASH_COATED_OSMIUM;9993;13;9992;23;9991;11;10012.0;10;10015.0;14;10018.0;24;10002.5;0.0
4;15800;INTARIAN_PEPPER_ROOT;18013;9;18011;10;;;18025.0;8;18027.0;5;;;18019.0;0.0
4;15900;ASH_COATED_OSMIUM;9993;2;9991;13;;;10002.0;14;10004.0;30;;;9997.5;0.0
4;15900;INTARIAN_PEPPER_ROOT;18008;12;18006;10;18004;8;18021.0;17;18024.0;8;18027.0;12;18014.0;0.0
4;16000;ASH_COATED_OSMIUM;9990;10;9989;14;;;10006.0;6;10007.0;5;;;9997.5;0.0
4;16000;INTARIAN_PEPPER_ROOT;18006;16;18003;10;;;18021.0;12;18023.0;23;;;18013.5;0.0
4;16100;ASH_COATED_OSMIUM;9994;30;9991;14;9989;11;10010.0;30;10011.0;10;10013.0;14;10002.5;0.0
4;16100;INTARIAN_PEPPER_ROOT;18006;25;;;;;18021.0;16;;;;;18013.5;0.0
4;16200;ASH_COATED_OSMIUM;9994;10;;;;;10010.0;4;;;;;10002.5;0.0
4;16200;INTARIAN_PEPPER_ROOT;18008;19;18007;8;;;18022.0;11;18023.0;11;;;18015.0;0.0
4;16300;ASH_COATED_OSMIUM;9990;13;9987;11;9984;11;10006.0;14;10009.0;13;10011.0;14;9997.5;0.0
4;16300;INTARIAN_PEPPER_ROOT;18012;10;18011;12;18010;9;18030.0;10;18031.0;9;18033.0;11;18021.0;0.0
4;16400;ASH_COATED_OSMIUM;9988;11;9987;13;;;10006.0;23;10009.0;10;;;9997.5;0.0
4;16400;INTARIAN_PEPPER_ROOT;18008;9;;;;;18021.0;24;;;;;18015.0;0.0
4;16500;ASH_COATED_OSMIUM;9994;11;9992;21;9989;5;10010.0;10;10013.0;11;10016.0;4;10002.5;0.0
4;16500;INTARIAN_PEPPER_ROOT;18011;10;18010;12;18007;10;18025.0;12;18026.0;9;18028.0;19;18018.0;0.0
4;16600;ASH_COATED_OSMIUM;9994;10;;;;;10010.0;10;;;;;10002.5;0.0
4;16600;INTARIAN_PEPPER_ROOT;18006;10;;;;;18020.0;11;;;;;18013.0;0.0
4;16700;ASH_COATED_OSMIUM;9990;10;;;;;10006.0;13;;;;;9997.5;0.0
4;16700;INTARIAN_PEPPER_ROOT;18016;9;18015;9;18014;11;18030.0;23;18033.0;12;18036.0;15;18023.5;0.0
4;16800;ASH_COATED_OSMIUM;9994;5;;;;;10012.0;20;;;;;10002.5;0.0
4;16800;INTARIAN_PEPPER_ROOT;18009;12;18007;8;18005;10;18026.0;12;18027.0;12;18028.0;17;18017.5;0.0
4;16900;ASH_COATED_OSMIUM;9996;13;9993;15;9992;14;10009.0;11;10011.0;13;10012.0;12;10002.5;0.0
4;16900;INTARIAN_PEPPER_ROOT;18010;18;18009;12;18006;12;18025.0;19;18026.0;9;18029.0;10;18017.0;0.0
4;17000;ASH_COATED_OSMIUM;9994;3;;;;;10000.0;26;;;;;9997.5;0.0
4;17000;INTARIAN_PEPPER_ROOT;18011;15;18009;9;18006;12;18026.0;24;18029.0;12;18032.0;8;18018.5;0.0
4;17100;ASH_COATED_OSMIUM;9993;14;9990;12;;;10012.0;15;10015.0;10;;;10002.5;0.0
4;17100;INTARIAN_PEPPER_ROOT;18012;5;18010;11;18008;10;18025.0;10;18027.0;9;18029.0;11;18018.0;0.0
4;17200;ASH_COATED_OSMIUM;9994;14;9991;14;9990;10;10012.0;15;10015.0;12;10017.0;13;10002.5;0.0
4;17200;INTARIAN_PEPPER_ROOT;18013;9;18010;15;;;18026.0;12;18029.0;10;;;18019.5;0.0
4;17300;ASH_COATED_OSMIUM;9988;12;;;;;10007.0;11;;;;;9997.5;0.0
4;17300;INTARIAN_PEPPER_ROOT;18013;10;18011;12;;;18019.0;10;18022.0;8;;;18016.0;0.0
4;17400;ASH_COATED_OSMIUM;9988;15;9987;15;9986;29;10006.0;15;10008.0;11;10011.0;11;9997.5;0.0
4;17400;INTARIAN_PEPPER_ROOT;18000;8;17999;25;;;18018.0;10;18019.0;9;;;18009.5;0.0
4;17500;ASH_COATED_OSMIUM;9994;15;9992;12;;;10010.0;12;10012.0;14;;;10002.5;0.0
4;17500;INTARIAN_PEPPER_ROOT;18005;25;;;;;18018.0;11;;;;;18011.5;0.0
4;17600;ASH_COATED_OSMIUM;9992;11;9991;12;9988;12;10002.0;12;10003.0;11;10004.0;15;9997.5;0.0
4;17600;INTARIAN_PEPPER_ROOT;18012;11;18011;11;;;18025.0;11;18027.0;12;;;18018.5;0.0
4;17700;ASH_COATED_OSMIUM;9990;29;9987;13;9984;10;10006.0;11;10007.0;15;10009.0;11;9997.5;0.0
4;17700;INTARIAN_PEPPER_ROOT;18006;12;;;;;18016.0;9;;;;;18011.5;0.0
4;17800;ASH_COATED_OSMIUM;9994;12;9993;10;9991;15;10010.0;14;10011.0;23;10014.0;26;10002.5;0.0
4;17800;INTARIAN_PEPPER_ROOT;18010;8;18009;11;;;18024.0;10;18025.0;11;;;18017.0;0.0
4;17900;ASH_COATED_OSMIUM;9994;15;9991;13;;;10000.0;13;10003.0;10;;;9997.5;0.0
4;17900;INTARIAN_PEPPER_ROOT;18012;9;18009;11;;;18028.0;8;18031.0;9;;;18020.0;0.0
4;18000;ASH_COATED_OSMIUM;9990;13;9988;29;;;10006.0;10;10008.0;6;;;9997.5;0.0
4;18000;INTARIAN_PEPPER_ROOT;18010;9;;;;;18024.0;17;;;;;18016.5;0.0
4;18100;ASH_COATED_OSMIUM;9994;15;9991;13;;;10012.0;13;10014.0;14;;;10002.5;0.0
4;18100;INTARIAN_PEPPER_ROOT;18006;9;18003;25;;;18020.0;8;18021.0;12;;;18012.5;0.0
4;18200;ASH_COATED_OSMIUM;9990;22;9988;13;;;10006.0;15;10008.0;14;;;9997.5;0.0
4;18200;INTARIAN_PEPPER_ROOT;18011;25;;;;;18025.0;16;;;;;18018.0;0.0
4;18300;ASH_COATED_OSMIUM;9988;23;9985;13;9984;15;10006.0;12;10008.0;15;10010.0;14;9997.5;0.0
4;18300;INTARIAN_PEPPER_ROOT;18008;10;;;;;18026.0;9;;;;;18016.5;0.0
4;18400;ASH_COATED_OSMIUM;9994;13;9993;13;9991;24;10010.0;5;10013.0;11;10016.0;25;10002.5;0.0
4;18400;INTARIAN_PEPPER_ROOT;18012;9;;;;;18025.0;10;;;;;18018.5;0.0
4;18500;ASH_COATED_OSMIUM;9990;15;;;;;10006.0;27;;;;;9997.5;0.0
4;18500;INTARIAN_PEPPER_ROOT;18008;23;18006;22;;;18024.0;9;18027.0;18;;;18016.5;0.0
4;18600;ASH_COATED_OSMIUM;9994;25;9993;13;9992;26;10010.0;12;10013.0;10;10014.0;27;10002.5;0.0
4;18600;INTARIAN_PEPPER_ROOT;18012;10;18010;10;;;18026.0;12;18027.0;10;;;18018.5;0.0
4;18700;ASH_COATED_OSMIUM;9990;14;;;;;10006.0;13;;;;;9997.5;0.0
4;18700;INTARIAN_PEPPER_ROOT;18018;8;18017;12;;;18030.0;11;18033.0;9;;;18024.5;0.0
4;18800;ASH_COATED_OSMIUM;9994;22;9993;15;;;10010.0;14;10011.0;11;;;10002.5;0.0
4;18800;INTARIAN_PEPPER_ROOT;18009;11;18006;9;;;18024.0;10;18026.0;8;;;18016.5;0.0
4;18900;ASH_COATED_OSMIUM;9990;12;;;;;10006.0;14;;;;;9997.5;0.0
4;18900;INTARIAN_PEPPER_ROOT;18012;19;;;;;18028.0;9;;;;;18019.5;0.0
4;19000;ASH_COATED_OSMIUM;9993;13;;;;;10012.0;12;;;;;10002.5;0.0
4;19000;INTARIAN_PEPPER_ROOT;18011;12;18010;8;;;18028.0;19;18029.0;8;;;18019.5;0.0
4;19100;ASH_COATED_OSMIUM;9988;10;9987;10;9984;11;10007.0;13;10009.0;13;10012.0;14;9997.5;0.0
4;19100;INTARIAN_PEPPER_ROOT;18014;12;18013;12;18011;10;18028.0;22;18030.0;11;18031.0;15;18020.5;0.0
4;19200;ASH_COATED_OSMIUM;9994;15;9993;12;;;10010.0;29;10011.0;27;;;10002.5;0.0
4;19200;INTARIAN_PEPPER_ROOT;18011;9;;;;;18025.0;8;;;;;18018.0;0.0
4;19300;ASH_COATED_OSMIUM;9988;11;9987;12;9985;4;10006.0;28;10007.0;21;10008.0;14;9997.5;0.0
4;19300;INTARIAN_PEPPER_ROOT;18018;11;;;;;18032.0;11;;;;;18024.5;0.0
4;19400;ASH_COATED_OSMIUM;9994;12;9992;11;9991;15;10010.0;15;10012.0;13;10015.0;14;10002.5;0.0
4;19400;INTARIAN_PEPPER_ROOT;18010;8;18008;18;18007;10;18024.0;12;18026.0;12;18029.0;11;18017.0;0.0
4;19500;ASH_COATED_OSMIUM;9988;14;9985;25;;;10007.0;13;10008.0;22;;;9997.5;0.0
4;19500;INTARIAN_PEPPER_ROOT;18012;11;18009;10;;;18028.0;16;18029.0;11;;;18020.0;0.0
4;19600;ASH_COATED_OSMIUM;9992;10;;;;;10004.0;15;;;;;9997.5;0.0
4;19600;INTARIAN_PEPPER_ROOT;18010;10;18008;18;18005;11;18026.0;12;18027.0;12;18030.0;23;18018.0;0.0
4;19700;ASH_COATED_OSMIUM;9990;13;;;;;10006.0;24;;;;;9997.5;0.0
4;19700;INTARIAN_PEPPER_ROOT;18010;9;;;;;18025.0;9;;;;;18017.5;0.0
4;19800;ASH_COATED_OSMIUM;9994;20;9992;11;;;10010.0;15;10012.0;14;;;10002.5;0.0
4;19800;INTARIAN_PEPPER_ROOT;18016;11;;;;;18031.0;11;;;;;18023.5;0.0
4;19900;ASH_COATED_OSMIUM;9994;11;9991;23;;;10010.0;14;10013.0;30;;;10002.5;0.0
4;19900;INTARIAN_PEPPER_ROOT;18012;10;;;;;18029.0;8;;;;;18021.0;0.0
4;20000;ASH_COATED_OSMIUM;9994;13;;;;;10010.0;11;;;;;10002.5;0.0
4;20000;INTARIAN_PEPPER_ROOT;18012;16;18009;16;18007;20;18025.0;11;18028.0;11;18029.0;8;18018.5;0.0
4;20100;ASH_COATED_OSMIUM;9992;12;;;;;10002.0;13;;;;;9997.5;0.0
4;20100;INTARIAN_PEPPER_ROOT;18020;10;18017;20;18016;12;18022.0;10;18023.0;8;18026.0;12;18021.0;0.0
4;20200;ASH_COATED_OSMIUM;9994;24;9992;14;;;10010.0;30;10011.0;10;;;10002.5;0.0
4;20200;INTARIAN_PEPPER_ROOT;18010;25;18007;9;18005;12;18026.0;10;18029.0;9;18032.0;9;18018.5;0.0
4;20300;ASH_COATED_OSMIUM;9994;14;9991;15;;;10010.0;11;10013.0;14;;;10002.5;0.0
4;20300;INTARIAN_PEPPER_ROOT;18009;8;18006;8;;;18029.0;12;18031.0;9;;;18019.0;0.0
4;20400;ASH_COATED_OSMIUM;9990;13;;;;;10006.0;25;;;;;9997.5;0.0
4;20400;INTARIAN_PEPPER_ROOT;18014;9;18011;9;18008;12;18026.0;8;18028.0;9;18030.0;12;18020.5;0.0
4;20500;ASH_COATED_OSMIUM;9990;15;9988;11;;;10006.0;14;10008.0;12;;;9997.5;0.0
4;20500;INTARIAN_PEPPER_ROOT;18012;11;18011;19;18010;8;18028.0;10;18030.0;21;18032.0;11;18020.0;0.0
4;20600;ASH_COATED_OSMIUM;9988;15;;;;;10007.0;15;;;;;9997.5;0.0
4;20600;INTARIAN_PEPPER_ROOT;18012;8;18011;11;;;18015.0;18;18017.0;8;;;18014.0;0.0
4;20700;ASH_COATED_OSMIUM;9993;15;9991;13;;;10012.0;15;10015.0;2;;;10002.5;0.0
4;20700;INTARIAN_PEPPER_ROOT;18016;8;18013;10;;;18029.0;12;18032.0;22;;;18022.5;0.0
4;20800;ASH_COATED_OSMIUM;9992;27;9989;14;;;10013.0;15;10016.0;12;;;10002.5;0.0
4;20800;INTARIAN_PEPPER_ROOT;18012;11;;;;;18027.0;11;;;;;18019.0;0.0
4;20900;ASH_COATED_OSMIUM;9990;13;9988;13;;;10006.0;13;10009.0;12;;;9997.5;0.0
4;20900;INTARIAN_PEPPER_ROOT;18014;12;18012;11;;;18023.0;11;18024.0;8;;;18018.0;0.0
4;21000;ASH_COATED_OSMIUM;9990;11;9987;13;;;10006.0;11;10007.0;13;;;9997.5;0.0
4;21000;INTARIAN_PEPPER_ROOT;18016;11;;;;;18029.0;11;;;;;18022.0;0.0
4;21100;ASH_COATED_OSMIUM;9994;11;;;;;10012.0;11;;;;;10002.5;0.0
4;21100;INTARIAN_PEPPER_ROOT;18010;10;18008;10;18005;15;18028.0;12;18029.0;8;18032.0;24;18018.5;0.0
4;21200;ASH_COATED_OSMIUM;9990;15;;;;;10006.0;28;;;;;9997.5;0.0
4;21200;INTARIAN_PEPPER_ROOT;18014;8;18011;11;;;18028.0;21;18031.0;24;;;18020.5;0.0
4;21300;ASH_COATED_OSMIUM;9990;14;9989;14;9988;23;10006.0;11;10007.0;11;10009.0;23;9997.5;0.0
4;21300;INTARIAN_PEPPER_ROOT;18016;9;18014;11;18012;10;18029.0;12;18032.0;22;18034.0;8;18022.5;0.0
4;21400;ASH_COATED_OSMIUM;9988;30;9985;21;;;10007.0;11;10009.0;15;;;9997.5;0.0
4;21400;INTARIAN_PEPPER_ROOT;18016;8;;;;;18031.0;8;;;;;18024.0;0.0
4;21500;ASH_COATED_OSMIUM;9994;11;9993;14;9992;10;10012.0;11;10014.0;11;10017.0;11;10002.5;0.0
4;21500;INTARIAN_PEPPER_ROOT;18012;11;18010;10;;;18026.0;21;18028.0;21;;;18019.5;0.0
4;21600;ASH_COATED_OSMIUM;9994;15;9992;22;;;10010.0;15;10012.0;20;;;10002.5;0.0
4;21600;INTARIAN_PEPPER_ROOT;18015;25;;;;;18029.0;9;;;;;18022.0;0.0
4;21700;ASH_COATED_OSMIUM;9990;11;9987;11;;;10006.0;13;10007.0;12;;;9997.5;0.0
4;21700;INTARIAN_PEPPER_ROOT;18016;11;18014;9;18011;8;18031.0;10;18032.0;10;18034.0;10;18023.0;0.0
4;21800;ASH_COATED_OSMIUM;9988;10;9987;13;;;10006.0;13;10008.0;12;;;9997.5;0.0
4;21800;INTARIAN_PEPPER_ROOT;18016;9;;;;;18030.0;12;;;;;18022.5;0.0
4;21900;ASH_COATED_OSMIUM;10000;15;9998;14;;;10006.0;12;10009.0;12;;;10002.5;0.0
4;21900;INTARIAN_PEPPER_ROOT;18006;8;18005;22;18002;10;18025.0;9;18027.0;8;18029.0;8;18016.0;0.0
4;22000;ASH_COATED_OSMIUM;9994;11;9992;30;9990;13;10010.0;10;10013.0;14;10016.0;12;10002.5;0.0
4;22000;INTARIAN_PEPPER_ROOT;18010;9;;;;;18027.0;11;;;;;18019.0;0.0
4;22100;ASH_COATED_OSMIUM;9994;10;;;;;10010.0;10;;;;;10002.5;0.0
4;22100;INTARIAN_PEPPER_ROOT;18014;12;18013;12;;;18031.0;8;18033.0;11;;;18022.0;0.0
4;22200;ASH_COATED_OSMIUM;9988;13;9985;14;9982;10;10007.0;15;10010.0;10;10011.0;10;9997.5;0.0
4;22200;INTARIAN_PEPPER_ROOT;18017;10;18015;24;;;18030.0;9;18031.0;11;;;18023.5;0.0
4;22300;ASH_COATED_OSMIUM;9994;14;;;;;10010.0;12;;;;;10002.5;0.0
4;22300;INTARIAN_PEPPER_ROOT;18024;11;18021;12;18018;19;18036.0;16;18038.0;8;18040.0;25;18030.0;0.0
4;22400;ASH_COATED_OSMIUM;9993;14;9990;14;;;10012.0;12;10014.0;12;;;10002.5;0.0
4;22400;INTARIAN_PEPPER_ROOT;18018;9;18016;10;;;18032.0;8;18033.0;20;;;18025.5;0.0
4;22500;ASH_COATED_OSMIUM;9994;13;9992;10;9990;15;10010.0;21;10011.0;14;10014.0;15;10002.5;0.0
4;22500;INTARIAN_PEPPER_ROOT;18011;9;18010;22;;;18028.0;8;18030.0;9;;;18019.5;0.0
4;22600;ASH_COATED_OSMIUM;9994;10;;;;;10010.0;10;;;;;10002.5;0.0
4;22600;INTARIAN_PEPPER_ROOT;18014;10;18011;9;;;18029.0;12;18030.0;12;;;18022.0;0.0
4;22700;ASH_COATED_OSMIUM;9990;13;;;;;10006.0;12;;;;;9997.5;0.0
4;22700;INTARIAN_PEPPER_ROOT;18016;10;18014;10;18011;10;18029.0;8;18030.0;10;18032.0;8;18022.0;0.0
4;22800;ASH_COATED_OSMIUM;9993;10;9990;15;9987;14;10012.0;10;10014.0;15;10015.0;15;10002.5;0.0
4;22800;INTARIAN_PEPPER_ROOT;18018;19;18015;9;;;18035.0;16;18036.0;8;;;18026.0;0.0
4;22900;ASH_COATED_OSMIUM;9994;13;;;;;10010.0;15;;;;;10002.5;0.0
4;22900;INTARIAN_PEPPER_ROOT;18016;22;18014;25;18013;10;18030.0;8;18032.0;10;18034.0;10;18022.5;0.0
4;23000;ASH_COATED_OSMIUM;10000;10;9998;28;9995;10;10006.0;10;10008.0;10;10009.0;11;10002.5;0.0
4;23000;INTARIAN_PEPPER_ROOT;18020;8;18019;9;;;18029.0;11;18031.0;11;;;18024.5;0.0
4;23100;ASH_COATED_OSMIUM;9994;13;;;;;10010.0;10;;;;;10002.5;0.0
4;23100;INTARIAN_PEPPER_ROOT;18020;17;18019;8;;;18032.0;12;18034.0;8;;;18026.5;0.0
4;23200;ASH_COATED_OSMIUM;9993;12;9991;15;9990;13;10012.0;13;10014.0;15;10015.0;13;10002.5;0.0
4;23200;INTARIAN_PEPPER_ROOT;18020;8;18019;18;18016;12;18033.0;9;18034.0;12;18035.0;10;18026.5;0.0
4;23300;ASH_COATED_OSMIUM;9988;13;9986;12;;;10006.0;8;10009.0;14;;;9997.5;0.0
4;23300;INTARIAN_PEPPER_ROOT;18016;16;;;;;18029.0;19;;;;;18023.0;0.0
4;23400;ASH_COATED_OSMIUM;9994;12;;;;;10010.0;24;;;;;10002.5;0.0
4;23400;INTARIAN_PEPPER_ROOT;18010;12;18007;10;;;18023.0;8;18026.0;10;;;18016.5;0.0
4;23500;ASH_COATED_OSMIUM;9990;13;9987;5;9986;27;10006.0;11;10008.0;15;10011.0;14;9997.5;0.0
4;23500;INTARIAN_PEPPER_ROOT;18012;11;18011;5;18009;11;18026.0;12;18029.0;9;18032.0;10;18019.0;0.0
4;23600;ASH_COATED_OSMIUM;9994;15;9992;2;;;10012.0;14;10014.0;15;;;10002.5;0.0
4;23600;INTARIAN_PEPPER_ROOT;18019;18;18017;10;;;18032.0;9;18035.0;11;;;18025.5;0.0
4;23700;ASH_COATED_OSMIUM;9994;14;;;;;10012.0;13;;;;;10002.5;0.0
4;23700;INTARIAN_PEPPER_ROOT;18018;12;18015;11;;;18032.0;10;18034.0;11;;;18025.0;0.0
4;23800;ASH_COATED_OSMIUM;9990;12;9989;14;9988;26;10006.0;6;10008.0;11;10010.0;12;9997.5;0.0
4;23800;INTARIAN_PEPPER_ROOT;18016;12;;;;;18031.0;9;;;;;18023.5;0.0
4;23900;ASH_COATED_OSMIUM;9994;15;9991;14;;;10010.0;20;10012.0;10;;;10002.5;0.0
4;23900;INTARIAN_PEPPER_ROOT;18012;8;;;;;18025.0;10;;;;;18018.0;0.0
4;24000;ASH_COATED_OSMIUM;9994;15;9991;15;;;10010.0;15;10012.0;27;;;10002.5;0.0
4;24000;INTARIAN_PEPPER_ROOT;18016;11;;;;;18031.0;8;;;;;18023.0;0.0
4;24100;ASH_COATED_OSMIUM;9994;21;9992;14;9990;14;10010.0;5;10011.0;14;10012.0;12;10002.5;0.0
4;24100;INTARIAN_PEPPER_ROOT;18012;12;;;;;18027.0;9;;;;;18020.0;0.0
4;24200;ASH_COATED_OSMIUM;9990;13;;;;;10006.0;14;;;;;9997.5;0.0
4;24200;INTARIAN_PEPPER_ROOT;18018;11;18017;9;18015;12;18031.0;10;18033.0;12;18035.0;11;18024.0;0.0
4;24300;ASH_COATED_OSMIUM;9994;5;9992;23;9991;11;10010.0;11;10011.0;22;10012.0;28;10002.5;0.0
4;24300;INTARIAN_PEPPER_ROOT;18014;19;18013;7;18010;12;18031.0;8;18032.0;9;18033.0;11;18023.0;0.0
4;24400;ASH_COATED_OSMIUM;9994;11;9991;13;;;10010.0;3;10013.0;15;;;10002.5;0.0
4;24400;INTARIAN_PEPPER_ROOT;18010;9;18009;12;;;18027.0;8;18029.0;10;;;18019.0;0.0
4;24500;ASH_COATED_OSMIUM;9990;14;9988;5;;;10006.0;14;10009.0;15;;;9997.5;0.0
4;24500;INTARIAN_PEPPER_ROOT;18020;8;18017;24;;;18038.0;9;18040.0;10;;;18029.5;0.0
4;24600;ASH_COATED_OSMIUM;9998;15;9995;15;;;10008.0;13;10011.0;15;;;10002.5;0.0
4;24600;INTARIAN_PEPPER_ROOT;18018;17;18016;8;;;18032.0;11;18034.0;10;;;18024.5;0.0
4;24700;ASH_COATED_OSMIUM;9994;29;9993;14;;;10010.0;12;10012.0;10;;;10002.5;0.0
4;24700;INTARIAN_PEPPER_ROOT;18022;24;18019;9;;;18035.0;12;18038.0;17;;;18028.0;0.0
4;24800;ASH_COATED_OSMIUM;9987;11;9984;12;;;10008.0;11;10009.0;15;;;9997.5;0.0
4;24800;INTARIAN_PEPPER_ROOT;18013;12;;;;;18034.0;12;;;;;18023.5;0.0
4;24900;ASH_COATED_OSMIUM;9994;29;9991;14;9989;12;10010.0;10;10011.0;10;10013.0;11;10002.5;0.0
4;24900;INTARIAN_PEPPER_ROOT;18014;12;;;;;18028.0;8;;;;;18021.0;0.0
4;25000;ASH_COATED_OSMIUM;9990;13;9988;12;9986;15;10006.0;14;10008.0;14;10009.0;10;9997.5;0.0
4;25000;INTARIAN_PEPPER_ROOT;18022;17;18019;11;;;18036.0;11;18038.0;8;;;18028.5;0.0
4;25100;ASH_COATED_OSMIUM;9994;10;;;;;10010.0;14;;;;;10002.5;0.0
4;25100;INTARIAN_PEPPER_ROOT;18016;11;18013;11;;;18034.0;8;18035.0;12;;;18024.5;0.0
4;25200;ASH_COATED_OSMIUM;9990;12;9989;11;9987;10;10006.0;15;10009.0;14;10012.0;15;9997.5;0.0
4;25200;INTARIAN_PEPPER_ROOT;18017;23;18016;8;;;18031.0;11;18033.0;22;;;18024.0;0.0
4;25300;ASH_COATED_OSMIUM;9990;14;9988;13;;;10006.0;13;10009.0;27;;;9997.5;0.0
4;25300;INTARIAN_PEPPER_ROOT;18016;11;;;;;18031.0;3;;;;;18023.5;0.0
4;25400;ASH_COATED_OSMIUM;9994;12;9992;11;;;10010.0;28;10013.0;15;;;10002.5;0.0
4;25400;INTARIAN_PEPPER_ROOT;18012;12;;;;;18027.0;7;;;;;18019.5;0.0
4;25500;ASH_COATED_OSMIUM;9990;11;9987;29;9986;13;10006.0;11;10007.0;14;10010.0;10;9997.5;0.0
4;25500;INTARIAN_PEPPER_ROOT;18019;12;18017;5;18015;12;18034.0;12;18037.0;9;18038.0;8;18026.5;0.0
4;25600;ASH_COATED_OSMIUM;9994;29;9993;14;9991;12;10010.0;9;10012.0;29;10015.0;11;10002.5;0.0
4;25600;INTARIAN_PEPPER_ROOT;18019;11;18017;10;18016;17;18033.0;9;18035.0;19;18038.0;11;18026.0;0.0
4;25700;ASH_COATED_OSMIUM;9994;20;9992;29;;;10010.0;15;10013.0;20;;;10002.5;0.0
4;25700;INTARIAN_PEPPER_ROOT;18020;25;;;;;18034.0;10;;;;;18027.5;0.0
4;25800;ASH_COATED_OSMIUM;9994;13;;;;;10010.0;14;;;;;10002.5;0.0
4;25800;INTARIAN_PEPPER_ROOT;18020;9;18017;12;;;18034.0;11;18037.0;10;;;18027.0;0.0
4;25900;ASH_COATED_OSMIUM;9994;15;;;;;10010.0;25;;;;;10002.5;0.0
4;25900;INTARIAN_PEPPER_ROOT;18020;8;18019;9;;;18033.0;10;18035.0;12;;;18026.0;0.0
4;26000;ASH_COATED_OSMIUM;9988;25;9985;12;;;10006.0;13;10009.0;13;;;9997.5;0.0
4;26000;INTARIAN_PEPPER_ROOT;18016;12;18015;12;18014;10;18034.0;12;18035.0;11;18038.0;8;18024.5;0.0
4;26100;ASH_COATED_OSMIUM;9997;13;;;;;10008.0;11;;;;;10002.5;0.0
4;26100;INTARIAN_PEPPER_ROOT;18022;20;;;;;18034.0;10;;;;;18028.5;0.0
4;26200;ASH_COATED_OSMIUM;9994;13;;;;;10010.0;23;;;;;10002.5;0.0
4;26200;INTARIAN_PEPPER_ROOT;18018;4;18016;9;;;18033.0;18;18034.0;12;;;18025.0;0.0
4;26300;ASH_COATED_OSMIUM;9994;10;9992;5;9991;27;10010.0;13;10012.0;14;10015.0;4;10002.5;0.0
4;26300;INTARIAN_PEPPER_ROOT;18018;10;18017;8;18014;12;18031.0;9;18032.0;9;18035.0;24;18024.0;0.0
4;26400;ASH_COATED_OSMIUM;9990;22;9988;29;9985;13;10006.0;14;10009.0;11;10011.0;15;9997.5;0.0
4;26400;INTARIAN_PEPPER_ROOT;18020;10;18018;10;;;18034.0;12;18036.0;12;;;18026.5;0.0
4;26500;ASH_COATED_OSMIUM;9988;10;9987;11;9985;28;10006.0;15;10007.0;14;10008.0;29;9997.5;0.0
4;26500;INTARIAN_PEPPER_ROOT;18016;20;;;;;18034.0;12;;;;;18024.5;0.0
4;26600;ASH_COATED_OSMIUM;9990;24;9989;10;;;10006.0;13;10008.0;24;;;9997.5;0.0
4;26600;INTARIAN_PEPPER_ROOT;18020;9;;;;;18033.0;12;;;;;18026.0;0.0
4;26700;ASH_COATED_OSMIUM;9988;12;9985;10;;;10007.0;10;10008.0;10;;;9997.5;0.0
4;26700;INTARIAN_PEPPER_ROOT;18020;9;18019;8;;;18033.0;10;18035.0;12;;;18026.5;0.0
4;26800;ASH_COATED_OSMIUM;9990;10;9989;28;;;10006.0;23;10007.0;13;;;9997.5;0.0
4;26800;INTARIAN_PEPPER_ROOT;18014;3;18013;9;;;18031.0;12;18032.0;9;;;18022.5;0.0
4;26900;ASH_COATED_OSMIUM;9994;12;9992;13;;;10010.0;10;10013.0;13;;;10002.5;0.0
4;26900;INTARIAN_PEPPER_ROOT;18018;11;;;;;18032.0;9;;;;;18024.5;0.0
4;27000;ASH_COATED_OSMIUM;9994;2;9991;13;;;10010.0;12;10012.0;10;;;10002.5;0.0
4;27000;INTARIAN_PEPPER_ROOT;18021;10;18019;9;;;18034.0;11;18037.0;17;;;18027.5;0.0
4;27100;ASH_COATED_OSMIUM;9990;12;9989;23;;;10006.0;26;10009.0;13;;;9997.5;0.0
4;27100;INTARIAN_PEPPER_ROOT;18022;9;18019;11;;;18036.0;8;18038.0;10;;;18029.0;0.0
4;27200;ASH_COATED_OSMIUM;9988;10;9985;14;;;10006.0;12;10009.0;11;;;9997.5;0.0
4;27200;INTARIAN_PEPPER_ROOT;18019;9;;;;;18035.0;11;;;;;18027.0;0.0
4;27300;ASH_COATED_OSMIUM;9990;10;;;;;10006.0;13;;;;;9997.5;0.0
4;27300;INTARIAN_PEPPER_ROOT;18019;12;18017;10;18016;12;18035.0;12;18036.0;10;18038.0;12;18027.0;0.0
4;27400;ASH_COATED_OSMIUM;9990;22;9987;10;9986;5;10006.0;13;10008.0;29;10009.0;14;9997.5;0.0
4;27400;INTARIAN_PEPPER_ROOT;18021;9;18020;12;;;18033.0;10;18035.0;12;;;18027.0;0.0
4;27500;ASH_COATED_OSMIUM;9990;12;9988;12;;;10006.0;10;10008.0;12;;;9997.5;0.0
4;27500;INTARIAN_PEPPER_ROOT;18022;9;18019;24;;;18036.0;11;18039.0;11;;;18029.5;0.0
4;27600;ASH_COATED_OSMIUM;9993;29;9992;12;;;10012.0;14;10014.0;13;;;10002.5;0.0
4;27600;INTARIAN_PEPPER_ROOT;18020;8;;;;;18035.0;12;;;;;18028.0;0.0
4;27700;ASH_COATED_OSMIUM;9990;24;9989;11;;;10006.0;11;10008.0;14;;;9997.5;0.0
4;27700;INTARIAN_PEPPER_ROOT;18021;9;;;;;18035.0;12;;;;;18028.0;0.0
4;27800;ASH_COATED_OSMIUM;9994;10;;;;;10010.0;28;;;;;10002.5;0.0
4;27800;INTARIAN_PEPPER_ROOT;18019;16;;;;;18033.0;8;;;;;18026.0;0.0
4;27900;ASH_COATED_OSMIUM;9994;15;;;;;10012.0;24;;;;;10002.5;0.0
4;27900;INTARIAN_PEPPER_ROOT;18025;10;;;;;18032.0;10;;;;;18028.5;0.0
4;28000;ASH_COATED_OSMIUM;9994;10;9991;28;;;10010.0;20;10011.0;14;;;10002.5;0.0
4;28000;INTARIAN_PEPPER_ROOT;18020;9;18017;11;;;18034.0;22;18035.0;8;;;18026.5;0.0
4;28100;ASH_COATED_OSMIUM;9994;15;9991;10;9989;10;10010.0;15;10011.0;30;10013.0;14;10002.5;0.0
4;28100;INTARIAN_PEPPER_ROOT;18029;9;18026;9;18024;8;18041.0;9;18044.0;10;18046.0;11;18035.0;0.0
4;28200;ASH_COATED_OSMIUM;9994;15;;;;;10010.0;15;;;;;10002.5;0.0
4;28200;INTARIAN_PEPPER_ROOT;18023;10;;;;;18035.0;12;;;;;18029.0;0.0
4;28300;ASH_COATED_OSMIUM;9994;15;9993;4;;;10010.0;10;10011.0;10;;;10002.5;0.0
4;28300;INTARIAN_PEPPER_ROOT;18021;11;18019;18;;;18035.0;9;18038.0;8;;;18028.0;0.0
4;28400;ASH_COATED_OSMIUM;9992;14;;;;;10013.0;15;;;;;10002.5;0.0
4;28400;INTARIAN_PEPPER_ROOT;18015;8;18012;11;;;18028.0;8;18030.0;12;;;18021.5;0.0
4;28500;ASH_COATED_OSMIUM;9994;10;;;;;10010.0;13;;;;;10002.5;0.0
4;28500;INTARIAN_PEPPER_ROOT;18023;9;18020;8;18017;11;18037.0;11;18039.0;8;18042.0;11;18030.0;0.0
4;28600;ASH_COATED_OSMIUM;9988;14;9987;15;9985;11;10007.0;6;10009.0;13;10010.0;12;9997.5;0.0
4;28600;INTARIAN_PEPPER_ROOT;18020;9;18017;8;;;18034.0;24;18035.0;11;;;18027.5;0.0
4;28700;ASH_COATED_OSMIUM;9993;15;;;;;10002.0;12;;;;;9997.5;0.0
4;28700;INTARIAN_PEPPER_ROOT;18024;18;18023;12;18020;10;18037.0;9;18039.0;8;18040.0;12;18030.0;0.0
4;28800;ASH_COATED_OSMIUM;9990;15;9988;14;9986;11;10006.0;11;10007.0;13;10008.0;12;9997.5;0.0
4;28800;INTARIAN_PEPPER_ROOT;18026;12;;;;;18040.0;12;;;;;18032.5;0.0
4;28900;ASH_COATED_OSMIUM;9994;13;9992;10;;;10010.0;12;10011.0;10;;;10002.5;0.0
4;28900;INTARIAN_PEPPER_ROOT;18020;12;18019;9;;;18034.0;11;18037.0;9;;;18027.5;0.0
4;29000;ASH_COATED_OSMIUM;9988;23;;;;;10007.0;15;;;;;9997.5;0.0
4;29000;INTARIAN_PEPPER_ROOT;18021;8;;;;;18034.0;12;;;;;18027.5;0.0
4;29100;ASH_COATED_OSMIUM;9994;12;;;;;10010.0;13;;;;;10002.5;0.0
4;29100;INTARIAN_PEPPER_ROOT;18022;9;;;;;18037.0;10;;;;;18030.0;0.0
4;29200;ASH_COATED_OSMIUM;9990;27;9988;10;;;10006.0;11;10009.0;15;;;9997.5;0.0
4;29200;INTARIAN_PEPPER_ROOT;18022;10;18020;11;;;18039.0;11;18041.0;8;;;18030.0;0.0
4;29300;ASH_COATED_OSMIUM;9994;11;;;;;10010.0;22;;;;;10002.5;0.0
4;29300;INTARIAN_PEPPER_ROOT;18018;10;18017;16;;;18033.0;12;18035.0;10;;;18026.0;0.0
4;29400;ASH_COATED_OSMIUM;9987;14;9985;14;;;10008.0;14;10011.0;14;;;9997.5;0.0
4;29400;INTARIAN_PEPPER_ROOT;18024;17;18022;9;;;18040.0;8;18043.0;10;;;18032.0;0.0
4;29500;ASH_COATED_OSMIUM;9993;13;9992;14;;;10012.0;14;10013.0;12;;;10002.5;0.0
4;29500;INTARIAN_PEPPER_ROOT;18018;9;18016;12;18013;24;18035.0;23;18036.0;17;18037.0;12;18027.0;0.0
4;29600;ASH_COATED_OSMIUM;9990;13;9989;20;;;10006.0;15;10008.0;14;;;9997.5;0.0
4;29600;INTARIAN_PEPPER_ROOT;18022;15;18021;12;18020;9;18035.0;10;18036.0;8;18039.0;10;18028.0;0.0
4;29700;ASH_COATED_OSMIUM;9988;12;;;;;10006.0;15;;;;;9997.5;0.0
4;29700;INTARIAN_PEPPER_ROOT;18019;12;18018;8;;;18035.0;22;18038.0;17;;;18027.0;0.0
4;29800;ASH_COATED_OSMIUM;9994;12;;;;;10012.0;25;;;;;10002.5;0.0
4;29800;INTARIAN_PEPPER_ROOT;18025;5;18022;8;;;18037.0;8;18040.0;8;;;18031.0;0.0
4;29900;ASH_COATED_OSMIUM;9993;13;;;;;10012.0;15;;;;;10002.5;0.0
4;29900;INTARIAN_PEPPER_ROOT;18024;10;;;;;18039.0;9;;;;;18032.0;0.0
4;30000;ASH_COATED_OSMIUM;9990;15;9988;11;;;10006.0;3;10007.0;12;;;9997.5;0.0
4;30000;INTARIAN_PEPPER_ROOT;18022;12;;;;;18038.0;9;;;;;18030.0;0.0
4;30100;ASH_COATED_OSMIUM;9993;10;9990;26;;;10012.0;30;10013.0;13;;;10002.5;0.0
4;30100;INTARIAN_PEPPER_ROOT;18021;19;;;;;18038.0;10;;;;;18029.5;0.0
4;30200;ASH_COATED_OSMIUM;9988;13;9986;10;;;10007.0;21;10008.0;12;;;9997.5;0.0
4;30200;INTARIAN_PEPPER_ROOT;18022;24;;;;;18037.0;9;;;;;18029.5;0.0
4;30300;ASH_COATED_OSMIUM;9998;24;9997;15;9995;13;10008.0;10;10009.0;27;10011.0;12;10002.5;0.0
4;30300;INTARIAN_PEPPER_ROOT;18022;11;18020;9;;;18036.0;12;18038.0;8;;;18028.5;0.0
4;30400;ASH_COATED_OSMIUM;9990;14;;;;;10006.0;14;;;;;9997.5;0.0
4;30400;INTARIAN_PEPPER_ROOT;18020;10;;;;;18035.0;10;;;;;18028.0;0.0
4;30500;ASH_COATED_OSMIUM;9990;13;9988;15;;;10006.0;11;10009.0;13;;;9997.5;0.0
4;30500;INTARIAN_PEPPER_ROOT;18021;9;18020;18;;;18035.0;7;18037.0;18;;;18028.0;0.0
4;30600;ASH_COATED_OSMIUM;9988;13;;;;;10006.0;10;;;;;9997.5;0.0
4;30600;INTARIAN_PEPPER_ROOT;18023;12;;;;;18037.0;12;;;;;18030.0;0.0
4;30700;ASH_COATED_OSMIUM;9993;15;;;;;10012.0;10;;;;;10002.5;0.0
4;30700;INTARIAN_PEPPER_ROOT;18028;11;18026;16;18024;9;18041.0;10;18044.0;11;18047.0;9;18035.0;0.0
4;30800;ASH_COATED_OSMIUM;9994;13;9992;14;9990;12;10010.0;30;10013.0;15;10014.0;12;10002.5;0.0
4;30800;INTARIAN_PEPPER_ROOT;18020;12;18017;11;;;18038.0;11;18041.0;10;;;18029.0;0.0
4;30900;ASH_COATED_OSMIUM;9988;10;9986;26;;;10007.0;14;10009.0;10;;;9997.5;0.0
4;30900;INTARIAN_PEPPER_ROOT;18023;16;18020;9;;;18037.0;9;18038.0;15;;;18030.0;0.0
4;31000;ASH_COATED_OSMIUM;9994;10;9993;25;9991;12;10010.0;10;10013.0;29;10014.0;15;10002.5;0.0
4;31000;INTARIAN_PEPPER_ROOT;18025;8;18022;10;18021;21;18037.0;9;18039.0;11;18042.0;10;18031.0;0.0
4;31100;ASH_COATED_OSMIUM;9994;27;9992;26;;;10010.0;27;10013.0;12;;;10002.5;0.0
4;31100;INTARIAN_PEPPER_ROOT;18024;22;18022;12;18019;12;18041.0;11;18044.0;10;18045.0;10;18033.0;0.0
4;31200;ASH_COATED_OSMIUM;9988;15;9987;15;;;10007.0;14;10008.0;11;;;9997.5;0.0
4;31200;INTARIAN_PEPPER_ROOT;18028;11;18027;9;;;18041.0;10;18043.0;10;;;18034.0;0.0
4;31300;ASH_COATED_OSMIUM;9988;13;9987;15;;;10006.0;13;10009.0;25;;;9997.5;0.0
4;31300;INTARIAN_PEPPER_ROOT;18027;8;;;;;18042.0;9;;;;;18034.5;0.0
4;31400;ASH_COATED_OSMIUM;9990;12;9987;20;9984;13;10006.0;11;10009.0;12;10012.0;11;9997.5;0.0
4;31400;INTARIAN_PEPPER_ROOT;18022;9;18019;12;;;18036.0;24;18039.0;10;;;18029.5;0.0
4;31500;ASH_COATED_OSMIUM;9988;9;;;;;10006.0;13;;;;;9997.5;0.0
4;31500;INTARIAN_PEPPER_ROOT;18026;25;18025;23;18024;9;18041.0;10;18043.0;20;18044.0;11;18033.0;0.0
4;31600;ASH_COATED_OSMIUM;9988;13;9987;15;9985;12;10006.0;5;10008.0;13;10011.0;23;9997.5;0.0
4;31600;INTARIAN_PEPPER_ROOT;18026;12;;;;;18038.0;8;;;;;18031.5;0.0
4;31700;ASH_COATED_OSMIUM;9994;25;9993;28;9990;11;10010.0;10;10012.0;15;10015.0;10;10002.5;0.0
4;31700;INTARIAN_PEPPER_ROOT;18027;10;;;;;18041.0;11;;;;;18034.0;0.0
4;31800;ASH_COATED_OSMIUM;9994;10;9991;14;9990;14;10010.0;15;10012.0;14;10014.0;12;10002.5;0.0
4;31800;INTARIAN_PEPPER_ROOT;18026;8;18024;10;18022;18;18041.0;17;18042.0;12;18044.0;9;18034.0;0.0
4;31900;ASH_COATED_OSMIUM;9998;14;9995;14;;;10007.0;13;10010.0;12;;;10002.5;0.0
4;31900;INTARIAN_PEPPER_ROOT;18026;9;;;;;18040.0;9;;;;;18033.5;0.0
4;32000;ASH_COATED_OSMIUM;9990;14;9989;10;9987;21;10006.0;12;10008.0;12;10011.0;14;9997.5;0.0
4;32000;INTARIAN_PEPPER_ROOT;18028;19;;;;;18040.0;8;;;;;18033.5;0.0
4;32100;ASH_COATED_OSMIUM;9996;15;9993;11;;;10009.0;13;10011.0;11;;;10002.5;0.0
4;32100;INTARIAN_PEPPER_ROOT;18025;10;18023;10;;;18040.0;11;18043.0;12;;;18032.5;0.0
4;32200;ASH_COATED_OSMIUM;9993;14;9991;11;;;10012.0;12;10014.0;13;;;10002.5;0.0
4;32200;INTARIAN_PEPPER_ROOT;18028;12;18026;11;18025;11;18043.0;10;18044.0;9;18046.0;11;18035.0;0.0
4;32300;ASH_COATED_OSMIUM;9992;14;;;;;10002.0;13;;;;;9997.5;0.0
4;32300;INTARIAN_PEPPER_ROOT;18025;9;18024;22;18022;21;18039.0;25;18041.0;10;18042.0;22;18032.0;0.0
4;32400;ASH_COATED_OSMIUM;9993;15;9992;12;;;10012.0;22;10014.0;14;;;10002.5;0.0
4;32400;INTARIAN_PEPPER_ROOT;18023;16;;;;;18041.0;8;;;;;18032.0;0.0
4;32500;ASH_COATED_OSMIUM;9994;10;9993;10;9991;15;10010.0;14;10011.0;14;10012.0;15;10002.5;0.0
4;32500;INTARIAN_PEPPER_ROOT;18027;9;18026;8;;;18041.0;12;18044.0;11;;;18034.0;0.0
4;32600;ASH_COATED_OSMIUM;9988;10;;;;;10006.0;11;;;;;9997.5;0.0
4;32600;INTARIAN_PEPPER_ROOT;18025;8;;;;;18042.0;9;;;;;18033.5;0.0
4;32700;ASH_COATED_OSMIUM;9994;13;;;;;10010.0;20;;;;;10002.5;0.0
4;32700;INTARIAN_PEPPER_ROOT;18028;18;;;;;18042.0;12;;;;;18035.0;0.0
4;32800;ASH_COATED_OSMIUM;9994;11;9993;12;;;10010.0;12;10013.0;10;;;10002.5;0.0
4;32800;INTARIAN_PEPPER_ROOT;18025;10;18022;10;;;18039.0;12;18042.0;10;;;18032.0;0.0
4;32900;ASH_COATED_OSMIUM;9994;11;9993;12;;;10012.0;25;10014.0;10;;;10002.5;0.0
4;32900;INTARIAN_PEPPER_ROOT;18022;12;;;;;18040.0;11;;;;;18031.0;0.0
4;33000;ASH_COATED_OSMIUM;9990;13;9987;13;;;10006.0;12;10009.0;14;;;9997.5;0.0
4;33000;INTARIAN_PEPPER_ROOT;18024;6;18021;18;18018;10;18041.0;10;18042.0;20;18043.0;9;18033.0;0.0
4;33100;ASH_COATED_OSMIUM;9990;10;;;;;10006.0;15;;;;;9997.5;0.0
4;33100;INTARIAN_PEPPER_ROOT;18029;9;;;;;18042.0;9;;;;;18035.5;0.0
4;33200;ASH_COATED_OSMIUM;9994;12;9993;14;;;10010.0;12;10013.0;25;;;10002.5;0.0
4;33200;INTARIAN_PEPPER_ROOT;18024;12;;;;;18042.0;8;;;;;18033.5;0.0
4;33300;ASH_COATED_OSMIUM;9988;11;9987;11;9985;13;10007.0;12;10008.0;13;10009.0;11;9997.5;0.0
4;33300;INTARIAN_PEPPER_ROOT;18028;12;;;;;18041.0;8;;;;;18035.0;0.0
4;33400;ASH_COATED_OSMIUM;9994;11;9993;12;;;10010.0;15;10012.0;11;;;10002.5;0.0
4;33400;INTARIAN_PEPPER_ROOT;18025;11;18022;9;18020;9;18037.0;11;18039.0;8;18041.0;12;18031.0;0.0
4;33500;ASH_COATED_OSMIUM;9994;10;9991;11;;;10010.0;11;10013.0;11;;;10002.5;0.0
4;33500;INTARIAN_PEPPER_ROOT;18026;22;18023;10;;;18043.0;11;18044.0;11;;;18034.0;0.0
4;33600;ASH_COATED_OSMIUM;9994;26;9991;10;;;10012.0;15;10015.0;11;;;10002.5;0.0
4;33600;INTARIAN_PEPPER_ROOT;18026;22;18023;12;18022;8;18039.0;10;18042.0;12;18044.0;8;18033.0;0.0
4;33700;ASH_COATED_OSMIUM;9994;13;9993;13;9991;10;10012.0;13;10014.0;14;10017.0;15;10002.5;0.0
4;33700;INTARIAN_PEPPER_ROOT;18029;12;18028;24;18026;11;18042.0;8;18045.0;8;18048.0;11;18035.5;0.0
4;33800;ASH_COATED_OSMIUM;9990;14;9989;27;;;10006.0;12;10007.0;13;;;9997.5;0.0
4;33800;INTARIAN_PEPPER_ROOT;18030;9;;;;;18043.0;8;;;;;18036.0;0.0
4;33900;ASH_COATED_OSMIUM;9994;12;9992;11;9989;15;10010.0;14;10012.0;12;10014.0;15;10002.5;0.0
4;33900;INTARIAN_PEPPER_ROOT;18024;8;18022;22;;;18041.0;7;18043.0;11;;;18032.0;0.0
4;34000;ASH_COATED_OSMIUM;9994;12;;;;;10010.0;15;;;;;10002.5;0.0
4;34000;INTARIAN_PEPPER_ROOT;18028;8;18027;8;;;18042.0;12;18043.0;12;;;18034.5;0.0
4;34100;ASH_COATED_OSMIUM;9994;14;;;;;10010.0;11;;;;;10002.5;0.0
4;34100;INTARIAN_PEPPER_ROOT;18026;10;;;;;18039.0;9;;;;;18033.0;0.0
4;34200;ASH_COATED_OSMIUM;9994;14;9992;12;;;10010.0;11;10011.0;10;;;10002.5;0.0
4;34200;INTARIAN_PEPPER_ROOT;18020;24;;;;;18035.0;11;;;;;18028.0;0.0
4;34300;ASH_COATED_OSMIUM;9990;14;;;;;10006.0;11;;;;;9997.5;0.0
4;34300;INTARIAN_PEPPER_ROOT;18026;12;18025;11;;;18039.0;10;18041.0;8;;;18032.5;0.0
4;34400;ASH_COATED_OSMIUM;9990;3;9987;15;;;10006.0;11;10007.0;10;;;9997.5;0.0
4;34400;INTARIAN_PEPPER_ROOT;18024;23;;;;;18042.0;11;;;;;18032.5;0.0
4;34500;ASH_COATED_OSMIUM;9990;11;;;;;10006.0;12;;;;;9997.5;0.0
4;34500;INTARIAN_PEPPER_ROOT;18022;8;18019;12;;;18035.0;11;18038.0;24;;;18028.0;0.0
4;34600;ASH_COATED_OSMIUM;9993;10;;;;;10012.0;11;;;;;10002.5;0.0
4;34600;INTARIAN_PEPPER_ROOT;18033;8;;;;;18046.0;10;;;;;18039.5;0.0
4;34700;ASH_COATED_OSMIUM;9994;15;9992;27;9991;15;10010.0;20;10013.0;15;10016.0;24;10002.5;0.0
4;34700;INTARIAN_PEPPER_ROOT;18026;8;18023;12;18021;12;18040.0;10;18043.0;8;18046.0;12;18033.0;0.0
4;34800;ASH_COATED_OSMIUM;9993;14;9990;15;9988;13;10012.0;13;10013.0;11;10015.0;27;10002.5;0.0
4;34800;INTARIAN_PEPPER_ROOT;18030;12;18028;8;;;18043.0;6;18045.0;8;;;18036.0;0.0
4;34900;ASH_COATED_OSMIUM;9988;14;9985;11;;;10007.0;11;10009.0;10;;;9997.5;0.0
4;34900;INTARIAN_PEPPER_ROOT;18030;12;18027;22;18025;9;18043.0;9;18045.0;10;18048.0;12;18036.0;0.0
4;35000;ASH_COATED_OSMIUM;9994;10;;;;;10010.0;11;;;;;10002.5;0.0
4;35000;INTARIAN_PEPPER_ROOT;18026;10;;;;;18039.0;9;;;;;18033.0;0.0
4;35100;ASH_COATED_OSMIUM;9988;10;9986;14;;;10007.0;14;10010.0;12;;;9997.5;0.0
4;35100;INTARIAN_PEPPER_ROOT;18026;9;;;;;18041.0;12;;;;;18034.0;0.0
4;35200;ASH_COATED_OSMIUM;9994;12;;;;;10010.0;11;;;;;10002.5;0.0
4;35200;INTARIAN_PEPPER_ROOT;18028;12;18027;10;18025;10;18042.0;12;18043.0;9;18044.0;11;18034.5;0.0
4;35300;ASH_COATED_OSMIUM;9994;12;;;;;10010.0;13;;;;;10002.5;0.0
4;35300;INTARIAN_PEPPER_ROOT;18028;8;18027;9;;;18041.0;10;18042.0;20;;;18034.5;0.0
4;35400;ASH_COATED_OSMIUM;9993;14;;;;;10012.0;13;;;;;10002.5;0.0
4;35400;INTARIAN_PEPPER_ROOT;18028;9;18025;16;;;18041.0;12;18042.0;11;;;18034.0;0.0
4;35500;ASH_COATED_OSMIUM;9990;14;9987;23;;;10006.0;13;10009.0;3;;;9997.5;0.0
4;35500;INTARIAN_PEPPER_ROOT;18030;11;;;;;18045.0;9;;;;;18037.5;0.0
4;35600;ASH_COATED_OSMIUM;9992;21;;;;;10003.0;12;;;;;9997.5;0.0
4;35600;INTARIAN_PEPPER_ROOT;18028;22;;;;;18045.0;8;;;;;18036.0;0.0
4;35700;ASH_COATED_OSMIUM;9990;29;9988;13;9985;12;10006.0;2;10007.0;12;10009.0;30;9997.5;0.0
4;35700;INTARIAN_PEPPER_ROOT;18037;11;18035;11;;;18051.0;12;18052.0;22;;;18044.0;0.0
4;35800;ASH_COATED_OSMIUM;9994;10;9992;11;9991;15;10010.0;13;10013.0;10;10016.0;15;10002.5;0.0
4;35800;INTARIAN_PEPPER_ROOT;18030;8;;;;;18045.0;10;;;;;18037.0;0.0
4;35900;ASH_COATED_OSMIUM;9988;30;9986;12;9984;12;10007.0;13;10010.0;12;10013.0;12;9997.5;0.0
4;35900;INTARIAN_PEPPER_ROOT;18026;12;18024;10;18021;12;18039.0;9;18042.0;8;18044.0;9;18033.0;0.0
4;36000;ASH_COATED_OSMIUM;9990;14;9988;12;;;10006.0;13;10007.0;25;;;9997.5;0.0
4;36000;INTARIAN_PEPPER_ROOT;18028;12;18027;9;;;18043.0;24;18044.0;10;;;18035.0;0.0
4;36100;ASH_COATED_OSMIUM;9992;24;9991;15;;;10013.0;13;10015.0;12;;;10002.5;0.0
4;36100;INTARIAN_PEPPER_ROOT;18027;9;18024;9;;;18045.0;10;18046.0;11;;;18036.0;0.0
4;36200;ASH_COATED_OSMIUM;9993;10;9991;10;;;10012.0;15;10014.0;12;;;10002.5;0.0
4;36200;INTARIAN_PEPPER_ROOT;18024;8;18022;11;;;18046.0;12;18048.0;9;;;18034.5;0.0
4;36300;ASH_COATED_OSMIUM;9993;13;;;;;10012.0;15;;;;;10002.5;0.0
4;36300;INTARIAN_PEPPER_ROOT;18030;9;;;;;18043.0;9;;;;;18037.0;0.0
4;36400;ASH_COATED_OSMIUM;9994;11;;;;;10010.0;10;;;;;10002.5;0.0
4;36400;INTARIAN_PEPPER_ROOT;18018;10;;;;;18032.0;12;;;;;18025.5;0.0
4;36500;ASH_COATED_OSMIUM;9990;30;9987;14;9986;24;10006.0;11;10007.0;27;10010.0;12;9997.5;0.0
4;36500;INTARIAN_PEPPER_ROOT;18028;8;18025;11;;;18037.0;8;18038.0;12;;;18033.0;0.0
4;36600;ASH_COATED_OSMIUM;9990;14;9987;13;9986;11;10006.0;24;10007.0;14;10008.0;27;9997.5;0.0
4;36600;INTARIAN_PEPPER_ROOT;18030;8;;;;;18043.0;12;;;;;18036.0;0.0
4;36700;ASH_COATED_OSMIUM;9993;15;;;;;10012.0;10;;;;;10002.5;0.0
4;36700;INTARIAN_PEPPER_ROOT;18031;10;;;;;18046.0;11;;;;;18038.5;0.0
4;36800;ASH_COATED_OSMIUM;9993;12;;;;;10012.0;11;;;;;10002.5;0.0
4;36800;INTARIAN_PEPPER_ROOT;18030;10;;;;;18043.0;10;;;;;18036.5;0.0
4;36900;ASH_COATED_OSMIUM;9994;15;;;;;10010.0;13;;;;;10002.5;0.0
4;36900;INTARIAN_PEPPER_ROOT;18028;24;18026;10;;;18042.0;8;18044.0;9;;;18034.5;0.0
4;37000;ASH_COATED_OSMIUM;9992;25;9991;14;;;10013.0;12;10015.0;11;;;10002.5;0.0
4;37000;INTARIAN_PEPPER_ROOT;18026;6;18025;10;;;18039.0;11;18042.0;10;;;18032.0;0.0
4;37100;ASH_COATED_OSMIUM;9990;12;9988;15;;;10006.0;10;10008.0;10;;;9997.5;0.0
4;37100;INTARIAN_PEPPER_ROOT;18027;10;;;;;18041.0;20;;;;;18034.0;0.0
4;37200;ASH_COATED_OSMIUM;9990;23;9987;28;;;10006.0;14;10007.0;15;;;9997.5;0.0
4;37200;INTARIAN_PEPPER_ROOT;18030;10;18029;12;;;18044.0;9;18047.0;12;;;18037.0;0.0
4;37300;ASH_COATED_OSMIUM;9988;22;;;;;10006.0;3;;;;;9997.5;0.0
4;37300;INTARIAN_PEPPER_ROOT;18031;12;18028;12;;;18047.0;10;18049.0;9;;;18039.0;0.0
4;37400;ASH_COATED_OSMIUM;9990;15;;;;;10006.0;11;;;;;9997.5;0.0
4;37400;INTARIAN_PEPPER_ROOT;18032;8;;;;;18046.0;12;;;;;18038.5;0.0
4;37500;ASH_COATED_OSMIUM;9994;10;9991;30;9988;11;10012.0;13;10013.0;15;10014.0;10;10002.5;0.0
4;37500;INTARIAN_PEPPER_ROOT;18031;10;;;;;18049.0;12;;;;;18040.0;0.0
4;37600;ASH_COATED_OSMIUM;9990;29;9989;5;9988;11;10006.0;15;10008.0;12;10009.0;15;9997.5;0.0
4;37600;INTARIAN_PEPPER_ROOT;18024;11;;;;;18042.0;8;;;;;18033.0;0.0
4;37700;ASH_COATED_OSMIUM;9988;15;9985;15;9984;11;10006.0;11;10009.0;11;10011.0;14;9997.5;0.0
4;37700;INTARIAN_PEPPER_ROOT;18032;8;;;;;18046.0;9;;;;;18038.5;0.0
4;37800;ASH_COATED_OSMIUM;9990;10;9987;13;;;10006.0;12;10007.0;15;;;9997.5;0.0
4;37800;INTARIAN_PEPPER_ROOT;18033;22;18031;9;;;18046.0;15;18047.0;9;;;18039.5;0.0
4;37900;ASH_COATED_OSMIUM;9994;12;;;;;10010.0;15;;;;;10002.5;0.0
4;37900;INTARIAN_PEPPER_ROOT;18034;12;;;;;18050.0;9;;;;;18041.5;0.0
4;38000;ASH_COATED_OSMIUM;9995;12;9992;14;;;10010.0;15;10013.0;11;;;10002.5;0.0
4;38000;INTARIAN_PEPPER_ROOT;18032;7;18030;11;18029;8;18050.0;17;18052.0;9;18054.0;19;18040.5;0.0
4;38100;ASH_COATED_OSMIUM;9994;14;;;;;10010.0;14;;;;;10002.5;0.0
4;38100;INTARIAN_PEPPER_ROOT;18024;11;;;;;18041.0;12;;;;;18033.0;0.0
4;38200;ASH_COATED_OSMIUM;9994;29;;;;;10010.0;29;;;;;10002.5;0.0
4;38200;INTARIAN_PEPPER_ROOT;18031;18;18030;11;18029;11;18045.0;12;18048.0;10;18049.0;9;18038.0;0.0
4;38300;ASH_COATED_OSMIUM;9990;11;9988;14;9987;14;10006.0;13;10009.0;10;10011.0;29;9997.5;0.0
4;38300;INTARIAN_PEPPER_ROOT;18030;18;18028;10;18026;10;18045.0;10;18046.0;9;18047.0;9;18037.5;0.0
4;38400;ASH_COATED_OSMIUM;9992;12;;;;;10013.0;12;;;;;10002.5;0.0
4;38400;INTARIAN_PEPPER_ROOT;18031;10;18028;12;18026;23;18044.0;12;18045.0;9;18046.0;10;18037.5;0.0
4;38500;ASH_COATED_OSMIUM;9988;15;;;;;10007.0;11;;;;;9997.5;0.0
4;38500;INTARIAN_PEPPER_ROOT;18028;12;;;;;18042.0;8;;;;;18034.5;0.0
4;38600;ASH_COATED_OSMIUM;9990;13;9987;12;;;10006.0;11;10009.0;10;;;9997.5;0.0
4;38600;INTARIAN_PEPPER_ROOT;18030;18;18027;10;18025;9;18045.0;12;18046.0;8;18049.0;9;18037.0;0.0
4;38700;ASH_COATED_OSMIUM;9990;14;;;;;10006.0;14;;;;;9997.5;0.0
4;38700;INTARIAN_PEPPER_ROOT;18026;8;18025;9;18022;9;18040.0;12;18041.0;19;18043.0;18;18033.0;0.0
4;38800;ASH_COATED_OSMIUM;9993;13;9991;14;;;10012.0;10;10015.0;13;;;10002.5;0.0
4;38800;INTARIAN_PEPPER_ROOT;18032;16;;;;;18046.0;10;;;;;18038.5;0.0
4;38900;ASH_COATED_OSMIUM;9994;10;9993;11;;;10010.0;13;10012.0;22;;;10002.5;0.0
4;38900;INTARIAN_PEPPER_ROOT;18034;11;;;;;18048.0;9;;;;;18040.5;0.0
4;39000;ASH_COATED_OSMIUM;9996;15;9995;15;9993;14;10008.0;15;10011.0;20;10012.0;5;10002.5;0.0
4;39000;INTARIAN_PEPPER_ROOT;18032;12;18031;10;18028;9;18048.0;23;18051.0;10;18052.0;11;18040.5;0.0
4;39100;ASH_COATED_OSMIUM;9994;15;9991;12;;;10010.0;14;10011.0;12;;;10002.5;0.0
4;39100;INTARIAN_PEPPER_ROOT;18032;8;;;;;18050.0;11;;;;;18040.5;0.0
4;39200;ASH_COATED_OSMIUM;9990;5;9988;13;;;10006.0;13;10008.0;14;;;9997.5;0.0
4;39200;INTARIAN_PEPPER_ROOT;18028;10;18027;25;18026;9;18043.0;11;18045.0;8;18047.0;12;18036.0;0.0
4;39300;ASH_COATED_OSMIUM;9990;14;9989;11;;;10006.0;24;10008.0;13;;;9997.5;0.0
4;39300;INTARIAN_PEPPER_ROOT;18034;15;18033;21;18030;17;18047.0;19;18049.0;9;18051.0;8;18041.0;0.0
4;39400;ASH_COATED_OSMIUM;9994;12;9991;11;9988;13;10010.0;5;10011.0;12;10012.0;21;10002.5;0.0
4;39400;INTARIAN_PEPPER_ROOT;18033;9;;;;;18047.0;8;;;;;18040.0;0.0
4;39500;ASH_COATED_OSMIUM;9988;14;;;;;10007.0;13;;;;;9997.5;0.0
4;39500;INTARIAN_PEPPER_ROOT;18038;11;18037;12;18035;8;18040.0;21;18041.0;9;18044.0;12;18038.5;0.0
4;39600;ASH_COATED_OSMIUM;9990;14;9988;14;;;10006.0;11;10007.0;23;;;9997.5;0.0
4;39600;INTARIAN_PEPPER_ROOT;18030;9;18027;8;;;18043.0;11;18044.0;8;;;18037.0;0.0
4;39700;ASH_COATED_OSMIUM;9998;12;9995;15;9993;15;10008.0;12;10011.0;14;10014.0;12;10002.5;0.0
4;39700;INTARIAN_PEPPER_ROOT;18038;25;18035;12;;;18050.0;10;18052.0;11;;;18043.5;0.0
4;39800;ASH_COATED_OSMIUM;9990;21;9987;13;;;10006.0;26;10007.0;20;;;9997.5;0.0
4;39800;INTARIAN_PEPPER_ROOT;18035;10;;;;;18049.0;22;;;;;18042.0;0.0
4;39900;ASH_COATED_OSMIUM;9988;6;;;;;10007.0;26;;;;;9997.5;0.0
4;39900;INTARIAN_PEPPER_ROOT;18036;12;;;;;18049.0;10;;;;;18042.0;0.0
4;40000;ASH_COATED_OSMIUM;9990;27;9989;13;;;10006.0;14;10008.0;14;;;9997.5;0.0
4;40000;INTARIAN_PEPPER_ROOT;18029;20;;;;;18043.0;16;;;;;18036.0;0.0
4;40100;ASH_COATED_OSMIUM;9988;12;9985;20;9982;15;10007.0;14;10010.0;10;10012.0;10;9997.5;0.0
4;40100;INTARIAN_PEPPER_ROOT;18038;9;18036;9;18034;12;18052.0;8;18055.0;18;18056.0;8;18044.5;0.0
4;40200;ASH_COATED_OSMIUM;9994;10;9993;11;;;10010.0;15;10012.0;14;;;10002.5;0.0
4;40200;INTARIAN_PEPPER_ROOT;18030;3;18027;11;18024;11;18048.0;12;18050.0;11;18053.0;9;18039.5;0.0
4;40300;ASH_COATED_OSMIUM;9994;10;;;;;10012.0;12;;;;;10002.5;0.0
4;40300;INTARIAN_PEPPER_ROOT;18036;15;;;;;18050.0;10;;;;;18042.5;0.0
4;40400;ASH_COATED_OSMIUM;9994;26;9992;14;;;10010.0;13;10013.0;10;;;10002.5;0.0
4;40400;INTARIAN_PEPPER_ROOT;18034;10;;;;;18049.0;17;;;;;18042.0;0.0
4;40500;ASH_COATED_OSMIUM;9994;11;9993;14;9992;11;10012.0;13;10015.0;14;10018.0;14;10002.5;0.0
4;40500;INTARIAN_PEPPER_ROOT;18032;9;18030;12;18028;8;18049.0;9;18050.0;12;18052.0;8;18040.5;0.0
4;40600;ASH_COATED_OSMIUM;9990;13;9987;13;;;10006.0;2;10007.0;12;;;9997.5;0.0
4;40600;INTARIAN_PEPPER_ROOT;18036;9;18034;10;18033;8;18049.0;11;18050.0;10;18052.0;9;18042.5;0.0
4;40700;ASH_COATED_OSMIUM;9990;24;9989;11;9988;12;10006.0;12;10007.0;11;10009.0;13;9997.5;0.0
4;40700;INTARIAN_PEPPER_ROOT;18034;11;18033;8;;;18049.0;9;18050.0;9;;;18042.0;0.0
4;40800;ASH_COATED_OSMIUM;9994;15;9993;13;9991;13;10010.0;14;10012.0;11;10013.0;25;10002.5;0.0
4;40800;INTARIAN_PEPPER_ROOT;18034;9;;;;;18046.0;12;;;;;18040.0;0.0
4;40900;ASH_COATED_OSMIUM;9994;4;;;;;10010.0;11;;;;;10002.5;0.0
4;40900;INTARIAN_PEPPER_ROOT;18033;11;18032;19;;;18047.0;8;18050.0;17;;;18040.0;0.0
4;41000;ASH_COATED_OSMIUM;10000;10;;;;;10006.0;12;;;;;10002.5;0.0
4;41000;INTARIAN_PEPPER_ROOT;18033;12;18031;10;;;18039.0;12;18040.0;11;;;18036.0;0.0
4;41100;ASH_COATED_OSMIUM;9990;10;9989;13;9986;10;10006.0;12;10009.0;15;10012.0;11;9997.5;0.0
4;41100;INTARIAN_PEPPER_ROOT;18044;11;18041;10;;;18046.0;9;18048.0;11;;;18045.5;0.0
4;41200;ASH_COATED_OSMIUM;9997;15;;;;;10008.0;15;;;;;10002.5;0.0
4;41200;INTARIAN_PEPPER_ROOT;18036;8;;;;;18048.0;12;;;;;18042.0;0.0
4;41300;ASH_COATED_OSMIUM;9988;29;9987;14;;;10006.0;11;10008.0;14;;;9997.5;0.0
4;41300;INTARIAN_PEPPER_ROOT;18033;8;18031;11;18029;12;18047.0;9;18049.0;8;18052.0;9;18040.0;0.0
4;41400;ASH_COATED_OSMIUM;9990;12;;;;;10006.0;15;;;;;9997.5;0.0
4;41400;INTARIAN_PEPPER_ROOT;18033;10;18031;24;;;18046.0;12;18047.0;10;;;18039.5;0.0
4;41500;ASH_COATED_OSMIUM;9988;10;;;;;10006.0;10;;;;;9997.5;0.0
4;41500;INTARIAN_PEPPER_ROOT;18035;17;;;;;18052.0;8;;;;;18043.5;0.0
4;41600;ASH_COATED_OSMIUM;9990;10;9987;10;9985;7;10006.0;10;10008.0;14;10009.0;8;9997.5;0.0
4;41600;INTARIAN_PEPPER_ROOT;18040;9;18039;24;18038;10;18055.0;10;18057.0;9;18060.0;8;18047.0;0.0
4;41700;ASH_COATED_OSMIUM;9990;11;;;;;10006.0;14;;;;;9997.5;0.0
4;41700;INTARIAN_PEPPER_ROOT;18038;8;;;;;18053.0;8;;;;;18045.0;0.0
4;41800;ASH_COATED_OSMIUM;9994;14;9991;5;9988;14;10012.0;28;10014.0;12;10017.0;15;10002.5;0.0
4;41800;INTARIAN_PEPPER_ROOT;18031;9;18029;10;18027;8;18044.0;18;18045.0;10;18048.0;21;18037.5;0.0
4;41900;ASH_COATED_OSMIUM;9994;12;9991;12;9990;29;10012.0;13;10014.0;12;10017.0;11;10002.5;0.0
4;41900;INTARIAN_PEPPER_ROOT;18032;12;18030;21;;;18049.0;19;18050.0;8;;;18041.0;0.0
4;42000;ASH_COATED_OSMIUM;9993;12;;;;;10012.0;15;;;;;10002.5;0.0
4;42000;INTARIAN_PEPPER_ROOT;18036;10;18035;10;;;18053.0;21;18054.0;10;;;18044.5;0.0
4;42100;ASH_COATED_OSMIUM;9990;10;9989;13;;;10006.0;30;10007.0;26;;;9997.5;0.0
4;42100;INTARIAN_PEPPER_ROOT;18044;12;18041;11;;;18048.0;8;18051.0;12;;;18045.5;0.0
4;42200;ASH_COATED_OSMIUM;9990;15;9987;15;;;10006.0;12;10007.0;14;;;9997.5;0.0
4;42200;INTARIAN_PEPPER_ROOT;18035;20;18034;8;;;18050.0;3;18051.0;10;;;18042.5;0.0
4;42300;ASH_COATED_OSMIUM;9994;23;9992;9;;;10010.0;15;10011.0;15;;;10002.5;0.0
4;42300;INTARIAN_PEPPER_ROOT;18032;10;;;;;18049.0;10;;;;;18040.5;0.0
4;42400;ASH_COATED_OSMIUM;9994;12;;;;;10010.0;24;;;;;10002.5;0.0
4;42400;INTARIAN_PEPPER_ROOT;18031;11;;;;;18045.0;8;;;;;18038.0;0.0
4;42500;ASH_COATED_OSMIUM;9994;12;;;;;10010.0;13;;;;;10002.5;0.0
4;42500;INTARIAN_PEPPER_ROOT;18034;10;;;;;18049.0;11;;;;;18042.0;0.0
4;42600;ASH_COATED_OSMIUM;9988;12;9985;21;9984;14;10006.0;3;10009.0;27;10011.0;20;9997.5;0.0
4;42600;INTARIAN_PEPPER_ROOT;18031;12;18028;12;;;18053.0;12;18056.0;17;;;18042.0;0.0
4;42700;ASH_COATED_OSMIUM;9990;10;;;;;10006.0;11;;;;;9997.5;0.0
4;42700;INTARIAN_PEPPER_ROOT;18030;8;18028;10;;;18043.0;21;18044.0;10;;;18037.0;0.0
4;42800;ASH_COATED_OSMIUM;9990;14;;;;;10006.0;15;;;;;9997.5;0.0
4;42800;INTARIAN_PEPPER_ROOT;18033;9;;;;;18047.0;12;;;;;18040.0;0.0
4;42900;ASH_COATED_OSMIUM;9994;10;9991;22;9988;10;10010.0;15;10013.0;15;10015.0;11;10002.5;0.0
4;42900;INTARIAN_PEPPER_ROOT;18036;5;18034;12;;;18048.0;9;18049.0;17;;;18041.5;0.0
4;43000;ASH_COATED_OSMIUM;9988;14;;;;;10006.0;13;;;;;9997.5;0.0
4;43000;INTARIAN_PEPPER_ROOT;18036;8;18033;9;18032;11;18051.0;10;18053.0;12;18056.0;12;18043.0;0.0
4;43100;ASH_COATED_OSMIUM;9994;10;;;;;10012.0;24;;;;;10002.5;0.0
4;43100;INTARIAN_PEPPER_ROOT;18032;9;18030;9;;;18046.0;11;18047.0;9;;;18039.5;0.0
4;43200;ASH_COATED_OSMIUM;9990;13;9988;13;;;10006.0;11;10009.0;28;;;9997.5;0.0
4;43200;INTARIAN_PEPPER_ROOT;18040;12;;;;;18053.0;21;;;;;18047.0;0.0
4;43300;ASH_COATED_OSMIUM;9988;10;9985;12;9983;14;10007.0;11;10008.0;11;10011.0;14;9997.5;0.0
4;43300;INTARIAN_PEPPER_ROOT;18034;9;18032;11;;;18048.0;8;18050.0;12;;;18040.5;0.0
4;43400;ASH_COATED_OSMIUM;9994;27;9993;13;;;10000.0;14;10001.0;12;;;9997.5;0.0
4;43400;INTARIAN_PEPPER_ROOT;18034;18;18033;9;18030;9;18052.0;9;18053.0;9;18056.0;11;18042.5;0.0
4;43500;ASH_COATED_OSMIUM;9990;24;9988;11;;;10006.0;20;10008.0;11;;;9997.5;0.0
4;43500;INTARIAN_PEPPER_ROOT;18035;9;;;;;18049.0;19;;;;;18042.0;0.0
4;43600;ASH_COATED_OSMIUM;9988;28;9987;14;;;10007.0;14;10009.0;10;;;9997.5;0.0
4;43600;INTARIAN_PEPPER_ROOT;18032;8;18031;20;18028;10;18049.0;10;18051.0;8;18053.0;8;18040.0;0.0
4;43700;ASH_COATED_OSMIUM;9992;14;9990;13;;;10002.0;15;10005.0;13;;;9997.5;0.0
4;43700;INTARIAN_PEPPER_ROOT;18036;12;;;;;18049.0;12;;;;;18043.0;0.0
4;43800;ASH_COATED_OSMIUM;9988;29;9985;26;9982;12;10007.0;10;10010.0;2;10011.0;11;9997.5;0.0
4;43800;INTARIAN_PEPPER_ROOT;18033;10;18032;21;;;18051.0;12;18054.0;10;;;18042.0;0.0
4;43900;ASH_COATED_OSMIUM;9988;15;9985;12;9983;30;10006.0;13;10009.0;22;10012.0;15;9997.5;0.0
4;43900;INTARIAN_PEPPER_ROOT;18036;12;18034;25;;;18048.0;9;18050.0;12;;;18042.0;0.0
4;44000;ASH_COATED_OSMIUM;9990;12;9988;14;9987;15;10006.0;9;10009.0;21;10012.0;13;9997.5;0.0
4;44000;INTARIAN_PEPPER_ROOT;18041;10;18039;12;;;18055.0;9;18058.0;15;;;18048.0;0.0
4;44100;ASH_COATED_OSMIUM;9990;24;9988;24;;;10006.0;14;10007.0;11;;;9997.5;0.0
4;44100;INTARIAN_PEPPER_ROOT;18036;21;18033;9;;;18053.0;10;18055.0;10;;;18044.0;0.0
4;44200;ASH_COATED_OSMIUM;9994;10;9993;10;9990;12;10012.0;15;10015.0;10;10017.0;4;10002.5;0.0
4;44200;INTARIAN_PEPPER_ROOT;18036;10;;;;;18051.0;12;;;;;18043.5;0.0
4;44300;ASH_COATED_OSMIUM;9994;13;9991;11;;;10010.0;14;10013.0;11;;;10002.5;0.0
4;44300;INTARIAN_PEPPER_ROOT;18038;10;18037;8;;;18052.0;8;18055.0;20;;;18045.0;0.0
4;44400;ASH_COATED_OSMIUM;9994;14;9991;12;9989;11;10010.0;10;10011.0;12;10012.0;14;10002.5;0.0
4;44400;INTARIAN_PEPPER_ROOT;18041;11;18038;8;;;18053.0;12;18055.0;8;;;18047.0;0.0
4;44500;ASH_COATED_OSMIUM;9994;13;9993;10;;;10010.0;10;10012.0;26;;;10002.5;0.0
4;44500;INTARIAN_PEPPER_ROOT;18040;9;18038;10;;;18054.0;10;18056.0;20;;;18047.0;0.0
4;44600;ASH_COATED_OSMIUM;9988;14;9985;5;9982;20;10006.0;11;10009.0;12;10010.0;11;9997.5;0.0
4;44600;INTARIAN_PEPPER_ROOT;18042;19;18041;22;18039;12;18058.0;8;18061.0;8;18063.0;11;18050.0;0.0
4;44700;ASH_COATED_OSMIUM;9990;30;9989;12;9988;22;10006.0;12;10009.0;15;10011.0;12;9997.5;0.0
4;44700;INTARIAN_PEPPER_ROOT;18042;10;18040;10;;;18055.0;11;18056.0;10;;;18048.0;0.0
4;44800;ASH_COATED_OSMIUM;9988;11;9985;15;;;10007.0;22;10010.0;26;;;9997.5;0.0
4;44800;INTARIAN_PEPPER_ROOT;18036;11;18033;10;18030;10;18053.0;10;18056.0;12;18058.0;9;18044.0;0.0
4;44900;ASH_COATED_OSMIUM;9994;12;9991;26;;;10010.0;13;10011.0;14;;;10002.5;0.0
4;44900;INTARIAN_PEPPER_ROOT;18040;10;;;;;18054.0;8;;;;;18047.0;0.0
4;45000;ASH_COATED_OSMIUM;9990;14;9988;20;9987;11;10006.0;11;10009.0;27;10010.0;13;9997.5;0.0
4;45000;INTARIAN_PEPPER_ROOT;18035;8;18032;12;18030;9;18053.0;18;18055.0;8;18057.0;12;18044.0;0.0
4;45100;ASH_COATED_OSMIUM;9988;13;9987;14;;;10006.0;27;10008.0;13;;;9997.5;0.0
4;45100;INTARIAN_PEPPER_ROOT;18036;11;;;;;18049.0;10;;;;;18042.5;0.0
4;45200;ASH_COATED_OSMIUM;9990;23;;;;;10006.0;13;;;;;9997.5;0.0
4;45200;INTARIAN_PEPPER_ROOT;18040;10;;;;;18058.0;9;;;;;18048.5;0.0
4;45300;ASH_COATED_OSMIUM;9994;12;9991;10;;;10010.0;14;10013.0;28;;;10002.5;0.0
4;45300;INTARIAN_PEPPER_ROOT;18042;11;18041;11;;;18057.0;12;18059.0;10;;;18049.0;0.0
4;45400;ASH_COATED_OSMIUM;9996;14;9995;14;9993;11;10008.0;12;10011.0;12;10013.0;12;10002.5;0.0
4;45400;INTARIAN_PEPPER_ROOT;18040;11;18037;9;18035;6;18048.0;12;18051.0;8;18053.0;10;18044.0;0.0
4;45500;ASH_COATED_OSMIUM;9988;11;;;;;10007.0;13;;;;;9997.5;0.0
4;45500;INTARIAN_PEPPER_ROOT;18042;11;18039;8;;;18055.0;12;18058.0;8;;;18048.0;0.0
4;45600;ASH_COATED_OSMIUM;9990;14;9988;29;;;10006.0;10;10008.0;13;;;9997.5;0.0
4;45600;INTARIAN_PEPPER_ROOT;18036;23;;;;;18050.0;12;;;;;18043.5;0.0
4;45700;ASH_COATED_OSMIUM;9994;14;9993;22;9991;11;10010.0;11;10012.0;15;10014.0;15;10002.5;0.0
4;45700;INTARIAN_PEPPER_ROOT;18040;9;18037;11;;;18052.0;9;18054.0;9;;;18045.5;0.0
4;45800;ASH_COATED_OSMIUM;9988;12;9987;4;9986;11;10007.0;14;10010.0;15;10012.0;15;9997.5;0.0
4;45800;INTARIAN_PEPPER_ROOT;18034;6;;;;;18050.0;11;;;;;18042.5;0.0
4;45900;ASH_COATED_OSMIUM;9994;12;9992;12;9991;24;10010.0;13;10011.0;11;10013.0;2;10002.5;0.0
4;45900;INTARIAN_PEPPER_ROOT;18034;11;18033;10;18032;23;18046.0;16;18049.0;8;18052.0;9;18040.0;0.0
4;46000;ASH_COATED_OSMIUM;9994;10;9993;15;;;10010.0;13;10013.0;15;;;10002.5;0.0
4;46000;INTARIAN_PEPPER_ROOT;18035;17;18033;10;;;18052.0;10;18055.0;12;;;18043.5;0.0
4;46100;ASH_COATED_OSMIUM;9992;13;9991;10;;;10002.0;11;10003.0;20;;;9997.5;0.0
4;46100;INTARIAN_PEPPER_ROOT;18037;10;18034;8;;;18050.0;11;18052.0;21;;;18043.5;0.0
4;46200;ASH_COATED_OSMIUM;9990;14;;;;;10006.0;12;;;;;9997.5;0.0
4;46200;INTARIAN_PEPPER_ROOT;18040;9;18037;9;;;18055.0;12;18058.0;9;;;18047.5;0.0
4;46300;ASH_COATED_OSMIUM;9994;11;9991;12;9990;15;10012.0;20;10014.0;14;10015.0;10;10002.5;0.0
4;46300;INTARIAN_PEPPER_ROOT;18042;10;18039;9;18038;8;18056.0;23;18057.0;17;18058.0;11;18049.5;0.0
4;46400;ASH_COATED_OSMIUM;9990;10;;;;;10006.0;15;;;;;9997.5;0.0
4;46400;INTARIAN_PEPPER_ROOT;18035;11;18033;9;18032;10;18051.0;9;18054.0;16;18055.0;12;18043.0;0.0
4;46500;ASH_COATED_OSMIUM;9994;30;;;;;10010.0;10;;;;;10002.5;0.0
4;46500;INTARIAN_PEPPER_ROOT;18036;11;18034;12;18031;9;18050.0;23;18053.0;12;18055.0;20;18043.5;0.0
4;46600;ASH_COATED_OSMIUM;9990;13;9987;10;9985;10;10006.0;13;10009.0;11;10012.0;12;9997.5;0.0
4;46600;INTARIAN_PEPPER_ROOT;18042;9;18040;22;;;18056.0;9;18058.0;8;;;18049.0;0.0
4;46700;ASH_COATED_OSMIUM;9990;14;9989;10;9986;15;10006.0;12;10007.0;12;10009.0;11;9997.5;0.0
4;46700;INTARIAN_PEPPER_ROOT;18038;9;18037;8;18035;11;18053.0;22;18055.0;11;18058.0;9;18046.0;0.0
4;46800;ASH_COATED_OSMIUM;9994;29;9991;14;;;10010.0;12;10012.0;3;;;10002.5;0.0
4;46800;INTARIAN_PEPPER_ROOT;18034;11;18033;8;18032;12;18051.0;9;18053.0;12;18056.0;8;18042.0;0.0
4;46900;ASH_COATED_OSMIUM;9988;13;9985;15;9983;12;10006.0;15;10008.0;11;10010.0;14;9997.5;0.0
4;46900;INTARIAN_PEPPER_ROOT;18044;9;18041;11;;;18058.0;10;18061.0;12;;;18050.5;0.0
4;47000;ASH_COATED_OSMIUM;9993;10;;;;;10012.0;24;;;;;10002.5;0.0
4;47000;INTARIAN_PEPPER_ROOT;18038;8;18035;9;;;18051.0;12;18052.0;15;;;18045.0;0.0
4;47100;ASH_COATED_OSMIUM;9988;11;9987;11;9986;9;10007.0;27;10009.0;11;10012.0;11;9997.5;0.0
4;47100;INTARIAN_PEPPER_ROOT;18040;10;18037;12;18035;12;18059.0;21;18061.0;24;18063.0;8;18049.0;0.0
4;47200;ASH_COATED_OSMIUM;9994;12;9993;13;;;10010.0;13;10012.0;11;;;10002.5;0.0
4;47200;INTARIAN_PEPPER_ROOT;18044;8;;;;;18056.0;11;;;;;18050.5;0.0
4;47300;ASH_COATED_OSMIUM;9990;10;9988;14;;;10006.0;10;10008.0;4;;;9997.5;0.0
4;47300;INTARIAN_PEPPER_ROOT;18040;16;18037;11;;;18054.0;10;18057.0;10;;;18047.0;0.0
4;47400;ASH_COATED_OSMIUM;9994;10;9991;14;;;10010.0;22;10013.0;11;;;10002.5;0.0
4;47400;INTARIAN_PEPPER_ROOT;18041;10;18040;10;;;18055.0;9;18057.0;8;;;18048.0;0.0
4;47500;ASH_COATED_OSMIUM;9994;13;9993;15;9992;11;10012.0;15;10014.0;13;10016.0;12;10002.5;0.0
4;47500;INTARIAN_PEPPER_ROOT;18043;10;18040;9;;;18057.0;11;18059.0;10;;;18050.0;0.0
4;47600;ASH_COATED_OSMIUM;9988;10;;;;;10006.0;12;;;;;9997.5;0.0
4;47600;INTARIAN_PEPPER_ROOT;18044;9;;;;;18057.0;10;;;;;18051.0;0.0
4;47700;ASH_COATED_OSMIUM;9994;11;;;;;10010.0;13;;;;;10002.5;0.0
4;47700;INTARIAN_PEPPER_ROOT;18039;17;18037;8;18035;10;18056.0;20;18057.0;10;18059.0;8;18047.5;0.0
4;47800;ASH_COATED_OSMIUM;9994;3;9993;10;;;10012.0;14;10013.0;22;;;10002.5;0.0
4;47800;INTARIAN_PEPPER_ROOT;18040;10;18039;10;;;18057.0;12;18059.0;12;;;18048.5;0.0
4;47900;ASH_COATED_OSMIUM;9994;11;9992;12;9991;22;10010.0;10;10012.0;12;10015.0;10;10002.5;0.0
4;47900;INTARIAN_PEPPER_ROOT;18042;8;;;;;18057.0;10;;;;;18049.5;0.0
4;48000;ASH_COATED_OSMIUM;9994;15;9993;10;9991;11;10010.0;13;10013.0;5;10014.0;4;10002.5;0.0
4;48000;INTARIAN_PEPPER_ROOT;18036;19;18035;12;18034;8;18049.0;9;18051.0;16;18052.0;3;18043.0;0.0
4;48100;ASH_COATED_OSMIUM;9988;30;;;;;10006.0;11;;;;;9997.5;0.0
4;48100;INTARIAN_PEPPER_ROOT;18040;19;;;;;18053.0;8;;;;;18046.0;0.0
4;48200;ASH_COATED_OSMIUM;9992;13;9991;12;;;10013.0;10;10016.0;12;;;10002.5;0.0
4;48200;INTARIAN_PEPPER_ROOT;18042;10;18040;5;;;18058.0;10;18060.0;11;;;18049.5;0.0
4;48300;ASH_COATED_OSMIUM;9992;14;;;;;10003.0;15;;;;;9997.5;0.0
4;48300;INTARIAN_PEPPER_ROOT;18040;10;18037;10;18036;8;18058.0;9;18059.0;10;18061.0;9;18049.0;0.0
4;48400;ASH_COATED_OSMIUM;9994;21;9993;11;9991;30;10010.0;10;10011.0;13;10014.0;15;10002.5;0.0
4;48400;INTARIAN_PEPPER_ROOT;18040;11;18037;12;;;18053.0;9;18056.0;11;;;18047.0;0.0
4;48500;ASH_COATED_OSMIUM;9998;15;9996;15;9995;20;10007.0;14;10008.0;28;10009.0;11;10002.5;0.0
4;48500;INTARIAN_PEPPER_ROOT;18042;12;18040;10;18039;11;18045.0;5;18046.0;12;18047.0;8;18043.5;0.0
4;48600;ASH_COATED_OSMIUM;9994;14;9991;24;;;10010.0;23;10012.0;11;;;10002.5;0.0
4;48600;INTARIAN_PEPPER_ROOT;18040;15;18037;12;18035;10;18054.0;11;18055.0;9;18056.0;16;18047.0;0.0
4;48700;ASH_COATED_OSMIUM;9993;12;;;;;10012.0;30;;;;;10002.5;0.0
4;48700;INTARIAN_PEPPER_ROOT;18040;9;18039;9;;;18056.0;12;18058.0;8;;;18048.5;0.0
4;48800;ASH_COATED_OSMIUM;9988;14;9987;29;;;10006.0;10;10009.0;26;;;9997.5;0.0
4;48800;INTARIAN_PEPPER_ROOT;18036;10;18034;11;;;18049.0;17;18052.0;10;;;18043.0;0.0
4;48900;ASH_COATED_OSMIUM;9988;15;9985;10;9982;11;10006.0;15;10009.0;13;10011.0;10;9997.5;0.0
4;48900;INTARIAN_PEPPER_ROOT;18036;18;18033;9;18031;10;18050.0;10;18052.0;11;18054.0;12;18042.5;0.0
4;49000;ASH_COATED_OSMIUM;9994;4;9992;14;;;10010.0;13;10012.0;12;;;10002.5;0.0
4;49000;INTARIAN_PEPPER_ROOT;18040;9;18037;9;;;18061.0;9;18062.0;10;;;18051.0;0.0
4;49100;ASH_COATED_OSMIUM;9998;10;9995;30;;;10008.0;15;10011.0;7;;;10002.5;0.0
4;49100;INTARIAN_PEPPER_ROOT;18040;11;18038;9;18037;8;18058.0;19;18059.0;11;18062.0;25;18049.5;0.0
4;49200;ASH_COATED_OSMIUM;9994;29;;;;;10010.0;14;;;;;10002.5;0.0
4;49200;INTARIAN_PEPPER_ROOT;18040;11;18039;11;;;18058.0;9;18059.0;5;;;18049.5;0.0
4;49300;ASH_COATED_OSMIUM;9987;22;;;;;10008.0;15;;;;;9997.5;0.0
4;49300;INTARIAN_PEPPER_ROOT;18038;10;18035;10;18033;10;18056.0;23;18059.0;10;18061.0;12;18047.0;0.0
4;49400;ASH_COATED_OSMIUM;9988;15;9985;10;9983;25;10006.0;12;10008.0;10;10011.0;10;9997.5;0.0
4;49400;INTARIAN_PEPPER_ROOT;18040;9;;;;;18053.0;16;;;;;18046.5;0.0
4;49500;ASH_COATED_OSMIUM;9990;14;;;;;10006.0;12;;;;;9997.5;0.0
4;49500;INTARIAN_PEPPER_ROOT;18042;10;18039;12;18038;12;18056.0;10;18058.0;10;18061.0;9;18049.5;0.0
4;49600;ASH_COATED_OSMIUM;9988;12;9986;14;9985;13;10007.0;13;10008.0;26;10011.0;11;9997.5;0.0
4;49600;INTARIAN_PEPPER_ROOT;18045;9;18043;12;18041;9;18061.0;23;18063.0;8;18064.0;19;18053.0;0.0
4;49700;ASH_COATED_OSMIUM;9993;25;9990;12;9989;11;10012.0;10;10014.0;15;10015.0;20;10002.5;0.0
4;49700;INTARIAN_PEPPER_ROOT;18042;10;18040;12;18039;12;18056.0;11;18059.0;11;18060.0;23;18048.5;0.0
4;49800;ASH_COATED_OSMIUM;9994;15;9993;10;;;10012.0;13;10014.0;11;;;10002.5;0.0
4;49800;INTARIAN_PEPPER_ROOT;18046;9;;;;;18059.0;8;;;;;18052.5;0.0
4;49900;ASH_COATED_OSMIUM;9990;15;9987;4;;;10006.0;14;10008.0;14;;;9997.5;0.0
4;49900;INTARIAN_PEPPER_ROOT;18039;8;18038;21;18037;9;18051.0;10;18054.0;9;18056.0;8;18045.0;0.0
4;50000;ASH_COATED_OSMIUM;9994;23;9991;14;;;10010.0;11;10012.0;29;;;10002.5;0.0
4;50000;INTARIAN_PEPPER_ROOT;18046;10;18043;8;;;18059.0;11;18062.0;8;;;18052.0;0.0
4;50100;ASH_COATED_OSMIUM;10000;10;9999;12;9998;10;10006.0;13;10008.0;20;10009.0;4;10002.5;0.0
4;50100;INTARIAN_PEPPER_ROOT;18043;9;18042;11;;;18057.0;12;18058.0;12;;;18050.0;0.0
4;50200;ASH_COATED_OSMIUM;9994;15;9992;13;;;10010.0;11;10012.0;10;;;10002.5;0.0
4;50200;INTARIAN_PEPPER_ROOT;18041;10;18038;10;;;18055.0;8;18056.0;11;;;18048.0;0.0
4;50300;ASH_COATED_OSMIUM;9994;10;9991;15;;;10012.0;25;10015.0;12;;;10002.5;0.0
4;50300;INTARIAN_PEPPER_ROOT;18045;20;18042;8;18040;10;18062.0;8;18065.0;8;18068.0;12;18053.5;0.0
4;50400;ASH_COATED_OSMIUM;9994;12;9993;12;;;10010.0;14;10012.0;28;;;10002.5;0.0
4;50400;INTARIAN_PEPPER_ROOT;18042;9;18040;11;;;18056.0;8;18058.0;9;;;18049.0;0.0
4;50500;ASH_COATED_OSMIUM;9990;24;;;;;10006.0;13;;;;;9997.5;0.0
4;50500;INTARIAN_PEPPER_ROOT;18045;9;18043;10;18041;17;18052.0;9;18053.0;12;18054.0;10;18048.5;0.0
4;50600;ASH_COATED_OSMIUM;9994;10;9992;12;;;10010.0;13;10012.0;12;;;10002.5;0.0
4;50600;INTARIAN_PEPPER_ROOT;18041;12;;;;;18053.0;6;;;;;18047.0;0.0
4;50700;ASH_COATED_OSMIUM;9993;12;9992;14;;;10012.0;14;10014.0;12;;;10002.5;0.0
4;50700;INTARIAN_PEPPER_ROOT;18050;9;18048;8;;;18052.0;12;18055.0;9;;;18051.5;0.0
4;50800;ASH_COATED_OSMIUM;9994;15;;;;;10010.0;10;;;;;10002.5;0.0
4;50800;INTARIAN_PEPPER_ROOT;18044;17;18042;8;;;18061.0;8;18064.0;11;;;18052.0;0.0
4;50900;ASH_COATED_OSMIUM;9994;7;9991;15;9989;12;10010.0;14;10013.0;12;10016.0;12;10002.5;0.0
4;50900;INTARIAN_PEPPER_ROOT;18046;11;18043;9;;;18062.0;8;18065.0;9;;;18054.0;0.0
4;51000;ASH_COATED_OSMIUM;9990;15;9989;12;;;10006.0;11;10007.0;11;;;9997.5;0.0
4;51000;INTARIAN_PEPPER_ROOT;18040;11;18039;8;18038;11;18054.0;8;18055.0;11;18057.0;8;18047.0;0.0
4;51100;ASH_COATED_OSMIUM;9990;13;;;;;10006.0;15;;;;;9997.5;0.0
4;51100;INTARIAN_PEPPER_ROOT;18044;8;18042;9;;;18061.0;9;18064.0;11;;;18052.0;0.0
4;51200;ASH_COATED_OSMIUM;9988;11;9987;11;9984;10;10006.0;10;10008.0;20;10011.0;3;9997.5;0.0
4;51200;INTARIAN_PEPPER_ROOT;18048;8;;;;;18063.0;12;;;;;18055.0;0.0
4;51300;ASH_COATED_OSMIUM;9990;22;;;;;10006.0;11;;;;;9997.5;0.0
4;51300;INTARIAN_PEPPER_ROOT;18044;12;18041;10;;;18056.0;8;18059.0;11;;;18050.0;0.0
4;51400;ASH_COATED_OSMIUM;9990;25;;;;;10006.0;10;;;;;9997.5;0.0
4;51400;INTARIAN_PEPPER_ROOT;18048;9;;;;;18051.0;12;;;;;18049.5;0.0
4;51500;ASH_COATED_OSMIUM;9994;15;;;;;10012.0;12;;;;;10002.5;0.0
4;51500;INTARIAN_PEPPER_ROOT;18042;18;18041;11;18040;9;18056.0;9;18059.0;12;18061.0;12;18048.5;0.0
4;51600;ASH_COATED_OSMIUM;9994;12;9993;15;;;10010.0;30;10012.0;15;;;10002.5;0.0
4;51600;INTARIAN_PEPPER_ROOT;18047;9;18046;9;;;18053.0;20;18055.0;10;;;18050.0;0.0
4;51700;ASH_COATED_OSMIUM;9988;14;;;;;10006.0;30;;;;;9997.5;0.0
4;51700;INTARIAN_PEPPER_ROOT;18046;8;18045;8;;;18059.0;10;18061.0;12;;;18052.5;0.0
4;51800;ASH_COATED_OSMIUM;9992;24;9990;12;;;10002.0;15;10005.0;15;;;9997.5;0.0
4;51800;INTARIAN_PEPPER_ROOT;18044;9;;;;;18062.0;9;;;;;18052.5;0.0
4;51900;ASH_COATED_OSMIUM;9990;5;;;;;10006.0;14;;;;;9997.5;0.0
4;51900;INTARIAN_PEPPER_ROOT;18039;11;18038;10;;;18056.0;9;18057.0;8;;;18047.5;0.0
4;52000;ASH_COATED_OSMIUM;9990;12;9989;10;;;10006.0;10;10007.0;10;;;9997.5;0.0
4;52000;INTARIAN_PEPPER_ROOT;18042;18;18040;15;18037;8;18054.0;10;18057.0;22;18060.0;23;18047.5;0.0
4;52100;ASH_COATED_OSMIUM;9994;12;9992;11;;;10010.0;14;10012.0;13;;;10002.5;0.0
4;52100;INTARIAN_PEPPER_ROOT;18050;22;;;;;18065.0;23;;;;;18057.5;0.0
4;52200;ASH_COATED_OSMIUM;9994;15;;;;;10010.0;15;;;;;10002.5;0.0
4;52200;INTARIAN_PEPPER_ROOT;18046;11;18043;9;;;18050.0;9;18052.0;15;;;18047.5;0.0
4;52300;ASH_COATED_OSMIUM;9990;11;9989;8;;;10006.0;14;10008.0;27;;;9997.5;0.0
4;52300;INTARIAN_PEPPER_ROOT;18044;22;18041;9;18038;12;18059.0;15;18061.0;8;18062.0;8;18052.0;0.0
4;52400;ASH_COATED_OSMIUM;9988;13;9985;13;;;10007.0;12;10008.0;10;;;9997.5;0.0
4;52400;INTARIAN_PEPPER_ROOT;18046;23;18043;11;;;18060.0;12;18061.0;10;;;18053.0;0.0
4;52500;ASH_COATED_OSMIUM;9994;29;;;;;10010.0;11;;;;;10002.5;0.0
4;52500;INTARIAN_PEPPER_ROOT;18045;11;;;;;18060.0;11;;;;;18052.5;0.0
4;52600;ASH_COATED_OSMIUM;9988;15;9986;10;;;10006.0;12;10007.0;11;;;9997.5;0.0
4;52600;INTARIAN_PEPPER_ROOT;18038;9;18036;11;18034;9;18053.0;9;18054.0;10;18055.0;8;18045.5;0.0
4;52700;ASH_COATED_OSMIUM;9994;11;9991;12;9988;15;10010.0;10;10013.0;14;10016.0;30;10002.5;0.0
4;52700;INTARIAN_PEPPER_ROOT;18046;8;18044;10;;;18064.0;12;18066.0;12;;;18054.5;0.0
4;52800;ASH_COATED_OSMIUM;9994;12;9993;11;9990;10;10010.0;22;10013.0;5;10016.0;15;10002.5;0.0
4;52800;INTARIAN_PEPPER_ROOT;18038;19;18037;20;18034;10;18053.0;10;18054.0;9;18057.0;9;18046.0;0.0
4;52900;ASH_COATED_OSMIUM;9994;14;;;;;10010.0;21;;;;;10002.5;0.0
4;52900;INTARIAN_PEPPER_ROOT;18044;11;18041;10;;;18058.0;9;18060.0;18;;;18051.5;0.0
4;53000;ASH_COATED_OSMIUM;9990;11;9987;15;9984;15;10006.0;23;10008.0;3;10009.0;11;9997.5;0.0
4;53000;INTARIAN_PEPPER_ROOT;18050;9;18049;11;;;18054.0;12;18057.0;9;;;18052.0;0.0
4;53100;ASH_COATED_OSMIUM;9994;14;9993;10;;;10010.0;23;10011.0;14;;;10002.5;0.0
4;53100;INTARIAN_PEPPER_ROOT;18047;11;18045;9;;;18062.0;9;18064.0;17;;;18054.5;0.0
4;53200;ASH_COATED_OSMIUM;9992;4;9989;11;;;10003.0;14;10005.0;12;;;9997.5;0.0
4;53200;INTARIAN_PEPPER_ROOT;18043;8;18042;8;;;18057.0;18;18059.0;11;;;18050.0;0.0
4;53300;ASH_COATED_OSMIUM;9994;11;9992;13;;;10010.0;15;10011.0;24;;;10002.5;0.0
4;53300;INTARIAN_PEPPER_ROOT;18042;9;;;;;18061.0;11;;;;;18052.0;0.0
4;53400;ASH_COATED_OSMIUM;9990;10;9988;10;;;10006.0;24;10007.0;12;;;9997.5;0.0
4;53400;INTARIAN_PEPPER_ROOT;18043;9;18040;12;;;18058.0;10;18061.0;8;;;18050.5;0.0
4;53500;ASH_COATED_OSMIUM;9994;12;9992;12;9991;13;10010.0;14;10013.0;22;10014.0;11;10002.5;0.0
4;53500;INTARIAN_PEPPER_ROOT;18048;9;;;;;18062.0;11;;;;;18055.5;0.0
4;53600;ASH_COATED_OSMIUM;9994;25;9993;11;9990;10;10010.0;10;10011.0;13;10014.0;15;10002.5;0.0
4;53600;INTARIAN_PEPPER_ROOT;18046;9;18043;10;;;18063.0;9;18066.0;9;;;18054.5;0.0
4;53700;ASH_COATED_OSMIUM;9992;14;;;;;10013.0;11;;;;;10002.5;0.0
4;53700;INTARIAN_PEPPER_ROOT;18048;8;;;;;18061.0;8;;;;;18054.5;0.0
4;53800;ASH_COATED_OSMIUM;9994;12;;;;;10010.0;10;;;;;10002.5;0.0
4;53800;INTARIAN_PEPPER_ROOT;18053;11;18050;12;;;18069.0;11;18070.0;16;;;18061.0;0.0
4;53900;ASH_COATED_OSMIUM;9994;15;;;;;10012.0;24;;;;;10002.5;0.0
4;53900;INTARIAN_PEPPER_ROOT;18048;12;18045;9;18042;12;18062.0;10;18063.0;11;18066.0;12;18055.5;0.0
4;54000;ASH_COATED_OSMIUM;9993;14;9992;11;9990;15;10012.0;14;10013.0;12;10016.0;10;10002.5;0.0
4;54000;INTARIAN_PEPPER_ROOT;18044;8;18041;8;18038;12;18059.0;11;18061.0;8;18064.0;8;18052.0;0.0
4;54100;ASH_COATED_OSMIUM;9988;12;9986;13;9984;14;10007.0;15;10009.0;11;10010.0;15;9997.5;0.0
4;54100;INTARIAN_PEPPER_ROOT;18046;9;18044;17;;;18063.0;8;18066.0;8;;;18055.0;0.0
4;54200;ASH_COATED_OSMIUM;9990;14;;;;;10006.0;11;;;;;9997.5;0.0
4;54200;INTARIAN_PEPPER_ROOT;18048;25;18045;23;;;18062.0;22;18063.0;17;;;18055.5;0.0
4;54300;ASH_COATED_OSMIUM;9995;12;9992;13;9991;12;10000.0;13;10003.0;13;10006.0;15;9997.5;0.0
4;54300;INTARIAN_PEPPER_ROOT;18050;8;18047;18;;;18064.0;12;18065.0;12;;;18056.5;0.0
4;54400;ASH_COATED_OSMIUM;9988;28;;;;;10007.0;11;;;;;9997.5;0.0
4;54400;INTARIAN_PEPPER_ROOT;18048;11;;;;;18061.0;12;;;;;18054.0;0.0
4;54500;ASH_COATED_OSMIUM;9994;14;;;;;10010.0;10;;;;;10002.5;0.0
4;54500;INTARIAN_PEPPER_ROOT;18046;8;;;;;18059.0;9;;;;;18052.5;0.0
4;54600;ASH_COATED_OSMIUM;9994;10;9992;13;9989;5;10012.0;15;10013.0;10;10016.0;6;10002.5;0.0
4;54600;INTARIAN_PEPPER_ROOT;18046;9;18045;8;;;18062.0;10;18065.0;12;;;18053.5;0.0
4;54700;ASH_COATED_OSMIUM;9994;14;9992;11;;;10010.0;14;10011.0;12;;;10002.5;0.0
4;54700;INTARIAN_PEPPER_ROOT;18053;20;18052;24;;;18065.0;12;18066.0;7;;;18059.0;0.0
4;54800;ASH_COATED_OSMIUM;9990;13;9989;15;;;10006.0;15;10009.0;14;;;9997.5;0.0
4;54800;INTARIAN_PEPPER_ROOT;18043;9;18042;9;;;18060.0;8;18063.0;12;;;18051.5;0.0
4;54900;ASH_COATED_OSMIUM;9988;14;9987;6;;;10006.0;13;10009.0;14;;;9997.5;0.0
4;54900;INTARIAN_PEPPER_ROOT;18046;9;;;;;18061.0;8;;;;;18053.0;0.0
4;55000;ASH_COATED_OSMIUM;9994;10;9992;10;;;10000.0;11;10003.0;14;;;9997.5;0.0
4;55000;INTARIAN_PEPPER_ROOT;18048;20;18046;10;18044;8;18060.0;20;18062.0;10;18065.0;8;18054.5;0.0
4;55100;ASH_COATED_OSMIUM;9990;10;9987;11;;;10006.0;13;10008.0;4;;;9997.5;0.0
4;55100;INTARIAN_PEPPER_ROOT;18048;11;;;;;18060.0;9;;;;;18053.5;0.0
4;55200;ASH_COATED_OSMIUM;9994;12;9992;4;;;10010.0;14;10012.0;11;;;10002.5;0.0
4;55200;INTARIAN_PEPPER_ROOT;18052;9;;;;;18065.0;9;;;;;18059.0;0.0
4;55300;ASH_COATED_OSMIUM;9992;11;9990;14;;;10013.0;12;10014.0;13;;;10002.5;0.0
4;55300;INTARIAN_PEPPER_ROOT;18045;18;18042;12;18041;8;18060.0;11;18061.0;11;18062.0;11;18052.5;0.0
4;55400;ASH_COATED_OSMIUM;9988;24;9987;13;;;10007.0;12;10009.0;25;;;9997.5;0.0
4;55400;INTARIAN_PEPPER_ROOT;18042;18;18039;23;18037;11;18060.0;12;18063.0;10;18065.0;8;18051.0;0.0
4;55500;ASH_COATED_OSMIUM;9995;14;;;;;10010.0;23;;;;;10002.5;0.0
4;55500;INTARIAN_PEPPER_ROOT;18049;9;;;;;18062.0;24;;;;;18055.5;0.0
4;55600;ASH_COATED_OSMIUM;9990;11;;;;;10006.0;13;;;;;9997.5;0.0
4;55600;INTARIAN_PEPPER_ROOT;18053;9;18052;10;;;18065.0;10;18067.0;19;;;18059.0;0.0
4;55700;ASH_COATED_OSMIUM;9990;12;;;;;10006.0;12;;;;;9997.5;0.0
4;55700;INTARIAN_PEPPER_ROOT;18047;9;18045;17;;;18062.0;16;18065.0;12;;;18054.5;0.0
4;55800;ASH_COATED_OSMIUM;9988;22;9986;20;;;10007.0;12;10009.0;13;;;9997.5;0.0
4;55800;INTARIAN_PEPPER_ROOT;18051;8;18048;12;18046;9;18066.0;9;18067.0;8;18069.0;10;18058.5;0.0
4;55900;ASH_COATED_OSMIUM;9994;10;9992;25;;;10010.0;11;10013.0;11;;;10002.5;0.0
4;55900;INTARIAN_PEPPER_ROOT;18048;10;18046;11;;;18066.0;20;18067.0;9;;;18056.5;0.0
4;56000;ASH_COATED_OSMIUM;9990;2;9988;12;;;10006.0;14;10007.0;10;;;9997.5;0.0
4;56000;INTARIAN_PEPPER_ROOT;18052;12;;;;;18065.0;9;;;;;18058.5;0.0
4;56100;ASH_COATED_OSMIUM;9987;21;;;;;10008.0;13;;;;;9997.5;0.0
4;56100;INTARIAN_PEPPER_ROOT;18047;11;18044;19;;;18067.0;9;18068.0;9;;;18057.0;0.0
4;56200;ASH_COATED_OSMIUM;9990;29;9988;14;9987;13;10006.0;14;10007.0;15;10009.0;13;9997.5;0.0
4;56200;INTARIAN_PEPPER_ROOT;18060;10;18057;23;;;18064.0;17;18065.0;24;;;18061.5;0.0
4;56300;ASH_COATED_OSMIUM;9993;24;9991;11;;;10012.0;13;10015.0;10;;;10002.5;0.0
4;56300;INTARIAN_PEPPER_ROOT;18050;8;;;;;18064.0;9;;;;;18056.5;0.0
4;56400;ASH_COATED_OSMIUM;9988;13;9987;12;9986;11;10007.0;23;10008.0;10;10011.0;29;9997.5;0.0
4;56400;INTARIAN_PEPPER_ROOT;18056;22;;;;;18071.0;11;;;;;18064.0;0.0
4;56500;ASH_COATED_OSMIUM;9994;12;9991;13;;;10010.0;14;10012.0;11;;;10002.5;0.0
4;56500;INTARIAN_PEPPER_ROOT;18044;12;18042;12;;;18059.0;23;18060.0;11;;;18052.0;0.0
4;56600;ASH_COATED_OSMIUM;9990;12;9988;10;9986;11;10006.0;14;10007.0;13;10008.0;13;9997.5;0.0
4;56600;INTARIAN_PEPPER_ROOT;18050;9;18047;21;18046;9;18065.0;9;18067.0;9;18068.0;10;18057.5;0.0
4;56700;ASH_COATED_OSMIUM;9994;15;9992;13;;;10012.0;4;10014.0;10;;;10002.5;0.0
4;56700;INTARIAN_PEPPER_ROOT;18054;11;18051;12;;;18066.0;12;18067.0;11;;;18060.5;0.0
4;56800;ASH_COATED_OSMIUM;9987;12;;;;;10008.0;11;;;;;9997.5;0.0
4;56800;INTARIAN_PEPPER_ROOT;18046;11;18044;11;18043;11;18063.0;12;18066.0;12;18067.0;10;18054.0;0.0
4;56900;ASH_COATED_OSMIUM;9990;12;9987;14;;;10006.0;22;10009.0;25;;;9997.5;0.0
4;56900;INTARIAN_PEPPER_ROOT;18046;12;18043;10;18041;12;18061.0;8;18063.0;9;18064.0;11;18054.0;0.0
4;57000;ASH_COATED_OSMIUM;9990;13;9989;10;;;10006.0;12;10008.0;15;;;9997.5;0.0
4;57000;INTARIAN_PEPPER_ROOT;18052;9;18051;10;;;18064.0;10;18067.0;9;;;18057.5;0.0
4;57100;ASH_COATED_OSMIUM;9990;10;9989;11;;;10006.0;13;10007.0;11;;;9997.5;0.0
4;57100;INTARIAN_PEPPER_ROOT;18048;21;18046;9;;;18062.0;12;18063.0;17;;;18055.5;0.0
4;57200;ASH_COATED_OSMIUM;9990;23;9988;21;;;10006.0;10;10008.0;14;;;9997.5;0.0
4;57200;INTARIAN_PEPPER_ROOT;18048;9;18045;10;;;18063.0;8;18064.0;10;;;18055.0;0.0
4;57300;ASH_COATED_OSMIUM;9988;12;9985;13;9983;14;10007.0;15;10010.0;12;10012.0;10;9997.5;0.0
4;57300;INTARIAN_PEPPER_ROOT;18049;11;18047;11;;;18063.0;22;18064.0;9;;;18056.0;0.0
4;57400;ASH_COATED_OSMIUM;9994;14;9991;11;;;10010.0;12;10013.0;10;;;10002.5;0.0
4;57400;INTARIAN_PEPPER_ROOT;18047;9;18045;11;18043;11;18061.0;12;18064.0;12;18067.0;11;18054.0;0.0
4;57500;ASH_COATED_OSMIUM;9990;28;;;;;10006.0;11;;;;;9997.5;0.0
4;57500;INTARIAN_PEPPER_ROOT;18048;11;18045;8;18043;12;18062.0;18;18065.0;8;18066.0;10;18054.5;0.0
4;57600;ASH_COATED_OSMIUM;9990;29;9987;8;9986;14;10006.0;12;10009.0;24;10011.0;24;9997.5;0.0
4;57600;INTARIAN_PEPPER_ROOT;18053;8;18051;11;;;18067.0;6;18069.0;9;;;18060.0;0.0
4;57700;ASH_COATED_OSMIUM;9994;11;9993;26;;;10010.0;15;10012.0;10;;;10002.5;0.0
4;57700;INTARIAN_PEPPER_ROOT;18051;15;18050;12;18047;8;18067.0;6;18070.0;9;18073.0;20;18059.0;0.0
4;57800;ASH_COATED_OSMIUM;9990;13;9989;13;9987;12;10006.0;13;10007.0;10;10010.0;27;9997.5;0.0
4;57800;INTARIAN_PEPPER_ROOT;18050;10;18047;8;;;18064.0;8;18065.0;9;;;18057.5;0.0
4;57900;ASH_COATED_OSMIUM;9990;13;9988;30;;;10006.0;11;10007.0;10;;;9997.5;0.0
4;57900;INTARIAN_PEPPER_ROOT;18052;12;18050;8;18047;10;18066.0;9;18067.0;19;18070.0;11;18059.0;0.0
4;58000;ASH_COATED_OSMIUM;9990;11;9989;11;;;10006.0;25;10008.0;14;;;9997.5;0.0
4;58000;INTARIAN_PEPPER_ROOT;18056;9;18055;18;18054;8;18075.0;12;18077.0;10;18078.0;12;18065.0;0.0
4;58100;ASH_COATED_OSMIUM;9994;15;;;;;10010.0;12;;;;;10002.5;0.0
4;58100;INTARIAN_PEPPER_ROOT;18049;11;;;;;18065.0;12;;;;;18057.0;0.0
4;58200;ASH_COATED_OSMIUM;9990;11;9988;14;;;10006.0;11;10007.0;20;;;9997.5;0.0
4;58200;INTARIAN_PEPPER_ROOT;18048;10;;;;;18062.0;8;;;;;18055.5;0.0
4;58300;ASH_COATED_OSMIUM;9988;10;9986;11;;;10006.0;11;10007.0;15;;;9997.5;0.0
4;58300;INTARIAN_PEPPER_ROOT;18051;10;;;;;18069.0;11;;;;;18060.0;0.0
4;58400;ASH_COATED_OSMIUM;9990;11;9988;11;9987;11;10006.0;13;10008.0;11;10009.0;14;9997.5;0.0
4;58400;INTARIAN_PEPPER_ROOT;18052;8;18049;9;18048;11;18066.0;12;18068.0;8;18070.0;12;18059.0;0.0
4;58500;ASH_COATED_OSMIUM;9994;4;;;;;10010.0;11;;;;;10002.5;0.0
4;58500;INTARIAN_PEPPER_ROOT;18054;9;18052;24;18050;8;18064.0;8;18067.0;9;18070.0;12;18059.0;0.0
4;58600;ASH_COATED_OSMIUM;9993;14;9991;14;;;10012.0;12;10015.0;10;;;10002.5;0.0
4;58600;INTARIAN_PEPPER_ROOT;18051;8;18050;25;;;18066.0;12;18067.0;11;;;18058.5;0.0
4;58700;ASH_COATED_OSMIUM;9994;11;;;;;10010.0;12;;;;;10002.5;0.0
4;58700;INTARIAN_PEPPER_ROOT;18050;12;18049;23;18046;11;18064.0;9;18066.0;8;18069.0;11;18056.5;0.0
4;58800;ASH_COATED_OSMIUM;9993;11;9990;10;;;10012.0;12;10015.0;10;;;10002.5;0.0
4;58800;INTARIAN_PEPPER_ROOT;18054;12;18051;11;18050;11;18067.0;10;18068.0;8;18069.0;10;18060.0;0.0
4;58900;ASH_COATED_OSMIUM;9990;15;9988;10;;;10006.0;10;10007.0;10;;;9997.5;0.0
4;58900;INTARIAN_PEPPER_ROOT;18050;19;18049;8;;;18067.0;11;18069.0;11;;;18058.5;0.0
4;59000;ASH_COATED_OSMIUM;9994;13;9992;10;;;10010.0;14;10013.0;28;;;10002.5;0.0
4;59000;INTARIAN_PEPPER_ROOT;18046;9;;;;;18064.0;9;;;;;18055.5;0.0
4;59100;ASH_COATED_OSMIUM;9994;6;;;;;10010.0;12;;;;;10002.5;0.0
4;59100;INTARIAN_PEPPER_ROOT;18057;25;;;;;18070.0;8;;;;;18063.5;0.0
4;59200;ASH_COATED_OSMIUM;9990;15;9989;14;;;10006.0;13;10009.0;10;;;9997.5;0.0
4;59200;INTARIAN_PEPPER_ROOT;18047;8;18046;9;;;18060.0;22;18061.0;10;;;18053.5;0.0
4;59300;ASH_COATED_OSMIUM;9994;14;9993;15;;;10010.0;11;10012.0;11;;;10002.5;0.0
4;59300;INTARIAN_PEPPER_ROOT;18050;12;18048;9;18046;11;18062.0;12;18065.0;11;18067.0;10;18055.5;0.0
4;59400;ASH_COATED_OSMIUM;9993;10;9990;10;9989;11;10012.0;12;10015.0;11;10016.0;13;10002.5;0.0
4;59400;INTARIAN_PEPPER_ROOT;18058;10;;;;;18061.0;8;;;;;18060.0;0.0
4;59500;ASH_COATED_OSMIUM;9992;10;9990;12;;;10002.0;27;10004.0;10;;;9997.5;0.0
4;59500;INTARIAN_PEPPER_ROOT;18056;12;18055;23;;;18069.0;15;18071.0;10;;;18062.0;0.0
4;59600;ASH_COATED_OSMIUM;9990;15;;;;;10006.0;12;;;;;9997.5;0.0
4;59600;INTARIAN_PEPPER_ROOT;18054;9;18051;10;;;18064.0;9;18065.0;8;;;18059.5;0.0
4;59700;ASH_COATED_OSMIUM;9994;12;9992;12;9989;13;10010.0;14;10012.0;15;10013.0;15;10002.5;0.0
4;59700;INTARIAN_PEPPER_ROOT;18050;8;;;;;18065.0;10;;;;;18058.0;0.0
4;59800;ASH_COATED_OSMIUM;9994;15;;;;;10012.0;13;;;;;10002.5;0.0
4;59800;INTARIAN_PEPPER_ROOT;18054;10;18052;8;18049;20;18073.0;9;18075.0;9;18076.0;12;18064.0;0.0
4;59900;ASH_COATED_OSMIUM;9994;15;9992;27;;;10012.0;13;10015.0;14;;;10002.5;0.0
4;59900;INTARIAN_PEPPER_ROOT;18055;10;18053;12;18052;10;18067.0;8;18069.0;10;18072.0;8;18061.0;0.0
4;60000;ASH_COATED_OSMIUM;9988;11;;;;;10006.0;11;;;;;9997.5;0.0
4;60000;INTARIAN_PEPPER_ROOT;18052;20;;;;;18070.0;10;;;;;18061.0;0.0
4;60100;ASH_COATED_OSMIUM;9990;26;9989;13;9987;20;10006.0;11;10009.0;11;10011.0;15;9997.5;0.0
4;60100;INTARIAN_PEPPER_ROOT;18052;10;;;;;18071.0;10;;;;;18061.5;0.0
4;60200;ASH_COATED_OSMIUM;9994;11;;;;;10010.0;24;;;;;10002.5;0.0
4;60200;INTARIAN_PEPPER_ROOT;18048;10;18045;18;;;18060.0;19;18061.0;11;;;18053.5;0.0
4;60300;ASH_COATED_OSMIUM;9990;11;9989;12;;;10006.0;15;10009.0;10;;;9997.5;0.0
4;60300;INTARIAN_PEPPER_ROOT;18052;8;18051;9;;;18066.0;10;18069.0;10;;;18058.5;0.0
4;60400;ASH_COATED_OSMIUM;9994;12;9992;11;9989;10;10012.0;12;10015.0;13;10016.0;21;10002.5;0.0
4;60400;INTARIAN_PEPPER_ROOT;18054;8;18051;9;18049;10;18069.0;12;18071.0;11;18074.0;12;18062.0;0.0
4;60500;ASH_COATED_OSMIUM;9994;15;;;;;10010.0;13;;;;;10002.5;0.0
4;60500;INTARIAN_PEPPER_ROOT;18047;9;;;;;18061.0;11;;;;;18054.0;0.0
4;60600;ASH_COATED_OSMIUM;9990;10;;;;;10006.0;13;;;;;9997.5;0.0
4;60600;INTARIAN_PEPPER_ROOT;18055;10;18053;12;;;18068.0;18;18071.0;18;;;18061.5;0.0
4;60700;ASH_COATED_OSMIUM;9994;22;9993;11;9992;15;10010.0;22;10013.0;15;10016.0;10;10002.5;0.0
4;60700;INTARIAN_PEPPER_ROOT;18052;10;;;;;18065.0;12;;;;;18059.0;0.0
4;60800;ASH_COATED_OSMIUM;9994;14;;;;;10010.0;12;;;;;10002.5;0.0
4;60800;INTARIAN_PEPPER_ROOT;18054;10;;;;;18073.0;8;;;;;18063.0;0.0
4;60900;ASH_COATED_OSMIUM;9988;11;9987;15;9985;13;10007.0;29;10010.0;14;10012.0;26;9997.5;0.0
4;60900;INTARIAN_PEPPER_ROOT;18056;11;18055;12;18053;8;18069.0;8;18071.0;8;18072.0;12;18062.0;0.0
4;61000;ASH_COATED_OSMIUM;10000;15;9999;14;;;10006.0;10;10009.0;24;;;10002.5;0.0
4;61000;INTARIAN_PEPPER_ROOT;18048;11;18045;11;18044;4;18069.0;9;18071.0;9;18074.0;25;18058.0;0.0
4;61100;ASH_COATED_OSMIUM;9994;11;;;;;10010.0;20;;;;;10002.5;0.0
4;61100;INTARIAN_PEPPER_ROOT;18050;18;18049;9;;;18064.0;9;18067.0;21;;;18057.0;0.0
4;61200;ASH_COATED_OSMIUM;9988;15;9985;13;;;10007.0;15;10010.0;20;;;9997.5;0.0
4;61200;INTARIAN_PEPPER_ROOT;18050;19;18047;9;18046;20;18067.0;8;18068.0;8;18069.0;8;18058.5;0.0
4;61300;ASH_COATED_OSMIUM;9990;15;9989;23;9986;14;10006.0;15;10008.0;15;10010.0;12;9997.5;0.0
4;61300;INTARIAN_PEPPER_ROOT;18055;12;18052;8;;;18074.0;11;18075.0;9;;;18064.5;0.0
4;61400;ASH_COATED_OSMIUM;9992;14;;;;;10003.0;13;;;;;9997.5;0.0
4;61400;INTARIAN_PEPPER_ROOT;18054;10;18053;12;18051;8;18066.0;12;18069.0;10;18071.0;12;18060.5;0.0
