day;timestamp;product;bid_price_1;bid_volume_1;bid_price_2;bid_volume_2;bid_price_3;bid_volume_3;ask_price_1;ask_volume_1;ask_price_2;ask_volume_2;ask_price_3;ask_volume_3;mid_price;profit_and_loss
3;0;ASH_COATED_OSMIUM;9994;15;;;;;10010.0;22;;;;;10002.5;0.0
3;0;INTARIAN_PEPPER_ROOT;16992;11;16991;9;16989;11;17007.0;10;17009.0;11;17011.0;10;17000.0;0.0
3;100;ASH_COATED_OSMIUM;9994;12;;;;;10010.0;14;;;;;10002.5;0.0
3;100;INTARIAN_PEPPER_ROOT;16994;11;16991;9;;;17011.0;11;17013.0;10;;;17002.5;0.0
3;200;ASH_COATED_OSMIUM;9994;13;;;;;10010.0;11;;;;;10002.5;0.0
3;200;INTARIAN_PEPPER_ROOT;16996;9;16995;9;;;17004.0;11;17005.0;11;;;17000.0;0.0
3;300;ASH_COATED_OSMIUM;9988;12;;;;;10006.0;15;;;;;9997.5;0.0
3;300;INTARIAN_PEPPER_ROOT;16996;11;16995;11;16992;12;17010.0;10;17011.0;11;17012.0;8;17003.5;0.0
3;400;ASH_COATED_OSMIUM;9990;11;9988;11;9985;28;10006.0;22;10007.0;15;10009.0;15;9997.5;0.0
3;400;INTARIAN_PEPPER_ROOT;16988;18;16987;9;16984;11;17006.0;9;17008.0;25;17010.0;25;16996.5;0.0
3;500;ASH_COATED_OSMIUM;9994;11;;;;;10010.0;6;;;;;10002.5;0.0
3;500;INTARIAN_PEPPER_ROOT;16994;12;16992;10;;;17007.0;12;17009.0;10;;;17001.0;0.0
3;600;ASH_COATED_OSMIUM;9994;11;9992;14;;;10010.0;10;10012.0;11;;;10002.5;0.0
3;600;INTARIAN_PEPPER_ROOT;16989;11;16987;11;;;17004.0;9;17007.0;7;;;16996.5;0.0
3;700;ASH_COATED_OSMIUM;9988;13;9987;13;9986;14;10007.0;12;10010.0;12;10012.0;14;9997.5;0.0
3;700;INTARIAN_PEPPER_ROOT;16992;12;16990;11;;;17005.0;19;17008.0;10;;;16998.5;0.0
3;800;ASH_COATED_OSMIUM;9990;15;;;;;10006.0;10;;;;;9997.5;0.0
3;800;INTARIAN_PEPPER_ROOT;16992;8;16991;9;16990;8;17004.0;8;17007.0;10;17008.0;9;16997.5;0.0
3;900;ASH_COATED_OSMIUM;9994;29;;;;;10010.0;30;;;;;10002.5;0.0
3;900;INTARIAN_PEPPER_ROOT;16991;12;16988;12;16986;11;17007.0;11;17009.0;9;17010.0;10;16999.0;0.0
3;1000;ASH_COATED_OSMIUM;9994;11;9992;12;9990;10;10010.0;13;10013.0;14;10015.0;14;10002.5;0.0
3;1000;INTARIAN_PEPPER_ROOT;16990;23;;;;;17008.0;21;;;;;16999.0;0.0
3;1100;ASH_COATED_OSMIUM;9988;10;9987;2;9984;11;10006.0;12;10007.0;21;10008.0;13;9997.5;0.0
3;1100;INTARIAN_PEPPER_ROOT;16993;3;16990;11;16989;11;17007.0;12;17008.0;18;17010.0;9;17000.0;0.0
3;1200;ASH_COATED_OSMIUM;9990;12;9988;15;;;10006.0;14;10007.0;10;;;9997.5;0.0
3;1200;INTARIAN_PEPPER_ROOT;16991;22;16988;6;;;17005.0;11;17007.0;9;;;16998.0;0.0
3;1300;ASH_COATED_OSMIUM;9994;14;9991;14;;;10010.0;10;10012.0;11;;;10002.5;0.0
3;1300;INTARIAN_PEPPER_ROOT;16994;9;;;;;17011.0;10;;;;;17002.0;0.0
3;1400;ASH_COATED_OSMIUM;9994;6;9991;10;;;10010.0;11;10013.0;12;;;10002.5;0.0
3;1400;INTARIAN_PEPPER_ROOT;16997;9;16994;12;16992;15;17012.0;8;17015.0;11;17018.0;12;17004.5;0.0
3;1500;ASH_COATED_OSMIUM;9988;15;9987;12;9984;13;10007.0;12;10009.0;15;10012.0;12;9997.5;0.0
3;1500;INTARIAN_PEPPER_ROOT;16994;9;;;;;17007.0;12;;;;;17001.0;0.0
3;1600;ASH_COATED_OSMIUM;9990;11;9988;15;9987;13;10006.0;12;10007.0;25;10009.0;30;9997.5;0.0
3;1600;INTARIAN_PEPPER_ROOT;16993;12;16992;10;;;17011.0;12;17013.0;9;;;17002.0;0.0
3;1700;ASH_COATED_OSMIUM;9994;27;9993;12;;;10010.0;12;10011.0;25;;;10002.5;0.0
3;1700;INTARIAN_PEPPER_ROOT;16990;8;16989;12;;;17006.0;24;17007.0;10;;;16998.0;0.0
3;1800;ASH_COATED_OSMIUM;9988;11;9986;3;9984;10;10007.0;26;10009.0;15;10010.0;10;9997.5;0.0
3;1800;INTARIAN_PEPPER_ROOT;17002;9;17000;12;16997;11;17015.0;12;17018.0;9;17021.0;9;17009.0;0.0
3;1900;ASH_COATED_OSMIUM;9990;15;9989;12;9986;11;10006.0;15;10008.0;15;10011.0;13;9997.5;0.0
3;1900;INTARIAN_PEPPER_ROOT;16992;10;16990;12;;;17006.0;11;17007.0;11;;;16999.0;0.0
3;2000;ASH_COATED_OSMIUM;9990;28;9989;13;9987;12;10006.0;14;10008.0;10;10010.0;11;9997.5;0.0
3;2000;INTARIAN_PEPPER_ROOT;16994;9;;;;;17007.0;8;;;;;17000.5;0.0
3;2100;ASH_COATED_OSMIUM;9990;10;9988;11;;;10006.0;14;10009.0;12;;;9997.5;0.0
3;2100;INTARIAN_PEPPER_ROOT;16990;17;16988;9;;;17002.0;8;17004.0;8;;;16996.0;0.0
3;2200;ASH_COATED_OSMIUM;9992;14;;;;;10013.0;11;;;;;10002.5;0.0
3;2200;INTARIAN_PEPPER_ROOT;16996;11;16994;8;16993;11;17010.0;21;17011.0;16;17014.0;16;17002.5;0.0
3;2300;ASH_COATED_OSMIUM;9994;11;9991;11;;;10010.0;15;10012.0;11;;;10002.5;0.0
3;2300;INTARIAN_PEPPER_ROOT;16992;10;16990;8;;;17011.0;11;17012.0;9;;;17001.0;0.0
3;2400;ASH_COATED_OSMIUM;9988;15;;;;;10007.0;15;;;;;9997.5;0.0
3;2400;INTARIAN_PEPPER_ROOT;16994;11;16991;15;;;17010.0;12;17012.0;10;;;17001.5;0.0
3;2500;ASH_COATED_OSMIUM;9990;13;;;;;10006.0;11;;;;;9997.5;0.0
3;2500;INTARIAN_PEPPER_ROOT;16995;23;;;;;17009.0;7;;;;;17002.0;0.0
3;2600;ASH_COATED_OSMIUM;9994;15;9991;23;9990;15;10010.0;23;10013.0;11;10015.0;30;10002.5;0.0
3;2600;INTARIAN_PEPPER_ROOT;17001;9;17000;8;;;17016.0;9;17018.0;11;;;17008.5;0.0
3;2700;ASH_COATED_OSMIUM;9993;12;9992;2;9991;21;10012.0;13;10015.0;10;10018.0;11;10002.5;0.0
3;2700;INTARIAN_PEPPER_ROOT;16994;8;16992;12;;;17008.0;10;17011.0;23;;;17001.0;0.0
3;2800;ASH_COATED_OSMIUM;9993;11;9991;28;;;10012.0;15;10013.0;13;;;10002.5;0.0
3;2800;INTARIAN_PEPPER_ROOT;16994;9;16993;8;;;17009.0;18;17012.0;12;;;17001.0;0.0
3;2900;ASH_COATED_OSMIUM;9992;10;9991;14;9989;10;10002.0;25;10003.0;24;10006.0;15;9997.5;0.0
3;2900;INTARIAN_PEPPER_ROOT;16998;11;16996;10;16994;11;17012.0;10;17014.0;10;17015.0;8;17005.5;0.0
3;3000;ASH_COATED_OSMIUM;9994;26;;;;;10010.0;25;;;;;10002.5;0.0
3;3000;INTARIAN_PEPPER_ROOT;16994;12;16992;11;;;17010.0;8;17012.0;9;;;17002.0;0.0
3;3100;ASH_COATED_OSMIUM;9994;13;;;;;10012.0;15;;;;;10002.5;0.0
3;3100;INTARIAN_PEPPER_ROOT;17000;8;16998;8;16996;11;17018.0;4;17020.0;8;17023.0;12;17009.0;0.0
3;3200;ASH_COATED_OSMIUM;9994;15;9993;23;;;10010.0;30;10012.0;11;;;10002.5;0.0
3;3200;INTARIAN_PEPPER_ROOT;17001;12;17000;12;;;17014.0;9;17015.0;10;;;17007.5;0.0
3;3300;ASH_COATED_OSMIUM;9990;14;9987;24;;;10006.0;11;10009.0;15;;;9997.5;0.0
3;3300;INTARIAN_PEPPER_ROOT;16993;11;16992;12;;;17009.0;9;17010.0;10;;;17001.0;0.0
3;3400;ASH_COATED_OSMIUM;9990;15;;;;;10006.0;11;;;;;9997.5;0.0
3;3400;INTARIAN_PEPPER_ROOT;16996;12;;;;;17008.0;23;;;;;17001.5;0.0
3;3500;ASH_COATED_OSMIUM;9987;11;;;;;10008.0;10;;;;;9997.5;0.0
3;3500;INTARIAN_PEPPER_ROOT;16996;12;;;;;17010.0;9;;;;;17002.5;0.0
3;3600;ASH_COATED_OSMIUM;9994;14;9992;11;9991;2;10010.0;14;10013.0;15;10015.0;13;10002.5;0.0
3;3600;INTARIAN_PEPPER_ROOT;16996;11;16993;9;16992;12;17009.0;8;17012.0;9;17015.0;12;17003.0;0.0
3;3700;ASH_COATED_OSMIUM;9990;11;;;;;10006.0;15;;;;;9997.5;0.0
3;3700;INTARIAN_PEPPER_ROOT;16992;9;16990;12;16989;22;17005.0;8;17007.0;9;17010.0;12;16999.0;0.0
3;3800;ASH_COATED_OSMIUM;9990;24;;;;;10006.0;11;;;;;9997.5;0.0
3;3800;INTARIAN_PEPPER_ROOT;16996;8;16993;17;16990;10;17010.0;11;17012.0;12;17015.0;23;17002.5;0.0
3;3900;ASH_COATED_OSMIUM;9990;28;9988;14;9985;25;10006.0;10;10008.0;10;10010.0;14;9997.5;0.0
3;3900;INTARIAN_PEPPER_ROOT;17000;9;16999;9;;;17015.0;12;17016.0;10;;;17007.0;0.0
3;4000;ASH_COATED_OSMIUM;9994;10;9992;11;9990;27;10012.0;10;10015.0;26;10017.0;3;10002.5;0.0
3;4000;INTARIAN_PEPPER_ROOT;16990;10;16987;8;16984;10;17008.0;10;17011.0;11;17014.0;12;16999.5;0.0
3;4100;ASH_COATED_OSMIUM;9990;12;9987;14;9986;10;10006.0;15;10007.0;12;10008.0;12;9997.5;0.0
3;4100;INTARIAN_PEPPER_ROOT;17000;22;16999;11;16996;21;17016.0;12;17019.0;10;17021.0;9;17007.5;0.0
3;4200;ASH_COATED_OSMIUM;9994;11;9991;13;9990;10;10010.0;11;10013.0;11;10015.0;12;10002.5;0.0
3;4200;INTARIAN_PEPPER_ROOT;17004;9;;;;;17016.0;8;;;;;17010.0;0.0
3;4300;ASH_COATED_OSMIUM;9988;15;;;;;10007.0;12;;;;;9997.5;0.0
3;4300;INTARIAN_PEPPER_ROOT;16998;8;;;;;17011.0;12;;;;;17004.5;0.0
3;4400;ASH_COATED_OSMIUM;9994;13;;;;;10010.0;13;;;;;10002.5;0.0
3;4400;INTARIAN_PEPPER_ROOT;16994;9;;;;;17008.0;12;;;;;17000.5;0.0
3;4500;ASH_COATED_OSMIUM;9994;14;9991;11;9990;12;10010.0;12;10011.0;14;10014.0;14;10002.5;0.0
3;4500;INTARIAN_PEPPER_ROOT;17002;8;;;;;17017.0;8;;;;;17009.0;0.0
3;4600;ASH_COATED_OSMIUM;9988;24;9987;2;;;10006.0;12;10008.0;13;;;9997.5;0.0
3;4600;INTARIAN_PEPPER_ROOT;17000;10;16997;8;;;17014.0;9;17016.0;17;;;17006.5;0.0
3;4700;ASH_COATED_OSMIUM;9994;14;9992;10;;;10010.0;23;10012.0;20;;;10002.5;0.0
3;4700;INTARIAN_PEPPER_ROOT;16995;11;;;;;17012.0;8;;;;;17003.5;0.0
3;4800;ASH_COATED_OSMIUM;9990;24;9989;20;;;10006.0;14;10007.0;10;;;9997.5;0.0
3;4800;INTARIAN_PEPPER_ROOT;16998;8;16997;19;;;17016.0;8;17017.0;21;;;17007.5;0.0
3;4900;ASH_COATED_OSMIUM;9990;15;;;;;10006.0;24;;;;;9997.5;0.0
3;4900;INTARIAN_PEPPER_ROOT;16997;11;;;;;17014.0;10;;;;;17005.5;0.0
3;5000;ASH_COATED_OSMIUM;9988;11;9986;14;;;10007.0;11;10010.0;12;;;9997.5;0.0
3;5000;INTARIAN_PEPPER_ROOT;17002;10;;;;;17015.0;12;;;;;17008.0;0.0
3;5100;ASH_COATED_OSMIUM;9988;11;9987;15;;;10007.0;12;10008.0;14;;;9997.5;0.0
3;5100;INTARIAN_PEPPER_ROOT;16998;10;16997;20;;;17014.0;8;17015.0;11;;;17006.5;0.0
3;5200;ASH_COATED_OSMIUM;9994;24;9991;14;;;10010.0;11;10012.0;5;;;10002.5;0.0
3;5200;INTARIAN_PEPPER_ROOT;17001;10;17000;8;;;17014.0;11;17016.0;12;;;17007.5;0.0
3;5300;ASH_COATED_OSMIUM;9992;13;;;;;10002.0;22;;;;;9997.5;0.0
3;5300;INTARIAN_PEPPER_ROOT;16996;9;16995;12;16993;12;17014.0;8;17015.0;21;17016.0;10;17004.5;0.0
3;5400;ASH_COATED_OSMIUM;9994;12;9993;12;;;10010.0;12;10013.0;14;;;10002.5;0.0
3;5400;INTARIAN_PEPPER_ROOT;16992;8;;;;;17009.0;8;;;;;17001.0;0.0
3;5500;ASH_COATED_OSMIUM;9988;14;9986;15;;;10006.0;13;10009.0;11;;;9997.5;0.0
3;5500;INTARIAN_PEPPER_ROOT;16998;8;16997;8;;;17016.0;10;17019.0;9;;;17007.0;0.0
3;5600;ASH_COATED_OSMIUM;9994;15;9991;13;9990;12;10010.0;14;10013.0;10;10015.0;15;10002.5;0.0
3;5600;INTARIAN_PEPPER_ROOT;16999;11;16998;10;16996;8;17013.0;9;17014.0;9;17015.0;9;17006.0;0.0
3;5700;ASH_COATED_OSMIUM;9990;2;9987;12;;;10006.0;15;10009.0;20;;;9997.5;0.0
3;5700;INTARIAN_PEPPER_ROOT;17000;21;16999;11;;;17013.0;10;17016.0;10;;;17006.5;0.0
3;5800;ASH_COATED_OSMIUM;9994;10;;;;;10012.0;10;;;;;10002.5;0.0
3;5800;INTARIAN_PEPPER_ROOT;16994;10;16992;11;16989;12;17009.0;12;17012.0;23;17014.0;10;17001.0;0.0
3;5900;ASH_COATED_OSMIUM;9990;14;9989;12;;;10006.0;14;10009.0;10;;;9997.5;0.0
3;5900;INTARIAN_PEPPER_ROOT;17000;9;16999;9;;;17013.0;9;17016.0;8;;;17006.0;0.0
3;6000;ASH_COATED_OSMIUM;9993;11;9992;12;9989;15;10012.0;12;10014.0;15;10016.0;15;10002.5;0.0
3;6000;INTARIAN_PEPPER_ROOT;17002;12;16999;9;;;17020.0;5;17023.0;9;;;17010.5;0.0
3;6100;ASH_COATED_OSMIUM;9994;13;9992;12;;;10010.0;15;10013.0;14;;;10002.5;0.0
3;6100;INTARIAN_PEPPER_ROOT;16998;8;;;;;17012.0;9;;;;;17005.0;0.0
3;6200;ASH_COATED_OSMIUM;9994;23;;;;;10010.0;22;;;;;10002.5;0.0
3;6200;INTARIAN_PEPPER_ROOT;17003;11;;;;;17009.0;8;;;;;17006.0;0.0
3;6300;ASH_COATED_OSMIUM;9994;13;9993;14;;;10012.0;10;10014.0;12;;;10002.5;0.0
3;6300;INTARIAN_PEPPER_ROOT;17000;10;;;;;17013.0;8;;;;;17006.0;0.0
3;6400;ASH_COATED_OSMIUM;9990;14;;;;;10006.0;11;;;;;9997.5;0.0
3;6400;INTARIAN_PEPPER_ROOT;16996;10;;;;;17017.0;11;;;;;17007.0;0.0
3;6500;ASH_COATED_OSMIUM;9994;14;9992;10;;;10010.0;14;10013.0;28;;;10002.5;0.0
3;6500;INTARIAN_PEPPER_ROOT;16998;11;;;;;17011.0;11;;;;;17004.5;0.0
3;6600;ASH_COATED_OSMIUM;9990;10;9987;10;;;10006.0;11;10008.0;29;;;9997.5;0.0
3;6600;INTARIAN_PEPPER_ROOT;17002;17;16999;10;16998;10;17015.0;8;17017.0;9;17020.0;12;17008.0;0.0
3;6700;ASH_COATED_OSMIUM;9994;14;9992;3;;;10010.0;10;10012.0;10;;;10002.5;0.0
3;6700;INTARIAN_PEPPER_ROOT;17002;11;17000;12;;;17014.0;11;17017.0;12;;;17008.0;0.0
3;6800;ASH_COATED_OSMIUM;9992;12;9990;23;9987;26;10013.0;12;10014.0;14;10017.0;26;10002.5;0.0
3;6800;INTARIAN_PEPPER_ROOT;17000;12;16997;12;;;17013.0;10;17016.0;8;;;17006.5;0.0
3;6900;ASH_COATED_OSMIUM;9990;12;9987;12;;;10006.0;10;10009.0;20;;;9997.5;0.0
3;6900;INTARIAN_PEPPER_ROOT;17004;8;;;;;17008.0;22;;;;;17005.5;0.0
3;7000;ASH_COATED_OSMIUM;9998;28;9997;11;;;10007.0;20;10008.0;15;;;10002.5;0.0
3;7000;INTARIAN_PEPPER_ROOT;17000;16;16999;12;;;17017.0;18;17019.0;6;;;17008.0;0.0
3;7100;ASH_COATED_OSMIUM;9994;13;9992;10;9989;13;10002.0;10;10004.0;11;10006.0;12;9997.5;0.0
3;7100;INTARIAN_PEPPER_ROOT;17006;12;17004;8;;;17019.0;12;17022.0;9;;;17012.0;0.0
3;7200;ASH_COATED_OSMIUM;9990;15;9988;12;9986;12;10006.0;11;10009.0;15;10012.0;13;9997.5;0.0
3;7200;INTARIAN_PEPPER_ROOT;17006;11;17004;9;;;17024.0;9;17025.0;11;;;17014.5;0.0
3;7300;ASH_COATED_OSMIUM;9990;13;9989;11;;;10006.0;15;10008.0;15;;;9997.5;0.0
3;7300;INTARIAN_PEPPER_ROOT;17000;12;16998;15;;;17017.0;10;17018.0;10;;;17008.0;0.0
3;7400;ASH_COATED_OSMIUM;9988;13;9985;13;;;10007.0;13;10009.0;11;;;9997.5;0.0
3;7400;INTARIAN_PEPPER_ROOT;17002;9;;;;;17018.0;8;;;;;17009.5;0.0
3;7500;ASH_COATED_OSMIUM;9994;14;;;;;10010.0;10;;;;;10002.5;0.0
3;7500;INTARIAN_PEPPER_ROOT;16998;12;16997;8;;;17014.0;11;17016.0;10;;;17006.0;0.0
3;7600;ASH_COATED_OSMIUM;9988;11;9987;10;9985;13;10006.0;10;10007.0;11;10009.0;10;9997.5;0.0
3;7600;INTARIAN_PEPPER_ROOT;16999;12;16997;12;;;17017.0;10;17018.0;11;;;17008.0;0.0
3;7700;ASH_COATED_OSMIUM;9994;13;;;;;10010.0;22;;;;;10002.5;0.0
3;7700;INTARIAN_PEPPER_ROOT;16999;10;16998;12;;;17012.0;10;17015.0;12;;;17005.5;0.0
3;7800;ASH_COATED_OSMIUM;9993;15;9990;4;;;10002.0;12;10005.0;15;;;9997.5;0.0
3;7800;INTARIAN_PEPPER_ROOT;16996;10;16993;22;16991;11;17018.0;8;17020.0;12;17022.0;23;17007.0;0.0
3;7900;ASH_COATED_OSMIUM;9990;10;9989;14;9988;13;10006.0;14;10009.0;15;10011.0;12;9997.5;0.0
3;7900;INTARIAN_PEPPER_ROOT;17002;12;16999;9;;;17015.0;12;17016.0;8;;;17008.5;0.0
3;8000;ASH_COATED_OSMIUM;9994;12;;;;;10010.0;14;;;;;10002.5;0.0
3;8000;INTARIAN_PEPPER_ROOT;17000;9;16998;12;16996;9;17013.0;21;17014.0;25;17015.0;9;17007.0;0.0
3;8100;ASH_COATED_OSMIUM;9990;11;;;;;10006.0;15;;;;;9997.5;0.0
3;8100;INTARIAN_PEPPER_ROOT;17002;8;16999;15;;;17017.0;12;17019.0;8;;;17009.0;0.0
3;8200;ASH_COATED_OSMIUM;9990;13;9987;27;9984;23;10006.0;2;10008.0;11;10009.0;11;9997.5;0.0
3;8200;INTARIAN_PEPPER_ROOT;16998;9;16995;11;16993;18;17016.0;10;17018.0;9;17020.0;10;17006.5;0.0
3;8300;ASH_COATED_OSMIUM;9994;12;9991;11;;;10012.0;15;10013.0;10;;;10002.5;0.0
3;8300;INTARIAN_PEPPER_ROOT;17005;10;17003;9;17000;11;17018.0;8;17019.0;8;17022.0;10;17011.5;0.0
3;8400;ASH_COATED_OSMIUM;9990;10;;;;;10006.0;11;;;;;9997.5;0.0
3;8400;INTARIAN_PEPPER_ROOT;16999;12;16997;6;16995;10;17016.0;12;17017.0;9;17019.0;10;17007.5;0.0
3;8500;ASH_COATED_OSMIUM;9990;14;;;;;10006.0;10;;;;;9997.5;0.0
3;8500;INTARIAN_PEPPER_ROOT;17004;8;17002;11;;;17018.0;12;17021.0;25;;;17011.0;0.0
3;8600;ASH_COATED_OSMIUM;9994;14;;;;;10010.0;13;;;;;10002.5;0.0
3;8600;INTARIAN_PEPPER_ROOT;17003;9;;;;;17016.0;9;;;;;17009.5;0.0
3;8700;ASH_COATED_OSMIUM;9994;5;;;;;10010.0;11;;;;;10002.5;0.0
3;8700;INTARIAN_PEPPER_ROOT;17004;23;;;;;17017.0;10;;;;;17010.0;0.0
3;8800;ASH_COATED_OSMIUM;9994;12;9992;12;;;10010.0;11;10013.0;10;;;10002.5;0.0
3;8800;INTARIAN_PEPPER_ROOT;16998;11;;;;;17016.0;11;;;;;17007.0;0.0
3;8900;ASH_COATED_OSMIUM;9990;26;;;;;10006.0;11;;;;;9997.5;0.0
3;8900;INTARIAN_PEPPER_ROOT;17003;8;;;;;17017.0;25;;;;;17010.0;0.0
3;9000;ASH_COATED_OSMIUM;9990;23;9989;27;9986;10;10006.0;10;10008.0;11;10011.0;30;9997.5;0.0
3;9000;INTARIAN_PEPPER_ROOT;17003;12;17002;12;;;17016.0;10;17017.0;11;;;17009.5;0.0
3;9100;ASH_COATED_OSMIUM;9994;15;9992;15;;;10010.0;12;10013.0;10;;;10002.5;0.0
3;9100;INTARIAN_PEPPER_ROOT;17001;9;16998;8;;;17019.0;11;17021.0;9;;;17010.0;0.0
3;9200;ASH_COATED_OSMIUM;9994;12;9992;13;9991;13;10010.0;11;10013.0;15;10016.0;15;10002.5;0.0
3;9200;INTARIAN_PEPPER_ROOT;17006;11;17004;6;;;17020.0;12;17023.0;9;;;17013.5;0.0
3;9300;ASH_COATED_OSMIUM;9994;15;9991;20;;;10002.0;14;10004.0;11;;;9997.5;0.0
3;9300;INTARIAN_PEPPER_ROOT;17005;10;17002;15;;;17017.0;15;17019.0;15;;;17011.0;0.0
3;9400;ASH_COATED_OSMIUM;9990;12;9988;10;9987;3;10006.0;10;10008.0;30;10009.0;10;9997.5;0.0
3;9400;INTARIAN_PEPPER_ROOT;16978;10;16975;12;16973;11;16991.0;12;16992.0;18;16994.0;11;16984.5;0.0
3;9500;ASH_COATED_OSMIUM;9988;12;;;;;10006.0;15;;;;;9997.5;0.0
3;9500;INTARIAN_PEPPER_ROOT;17003;8;17000;9;;;17017.0;8;17019.0;11;;;17010.0;0.0
3;9600;ASH_COATED_OSMIUM;9990;12;9987;13;9986;10;10006.0;5;10008.0;10;10010.0;11;9997.5;0.0
3;9600;INTARIAN_PEPPER_ROOT;17003;12;17000;8;;;17018.0;10;17021.0;8;;;17010.5;0.0
3;9700;ASH_COATED_OSMIUM;9988;14;9985;10;;;10006.0;10;10009.0;12;;;9997.5;0.0
3;9700;INTARIAN_PEPPER_ROOT;17003;10;17001;11;;;17017.0;12;17019.0;10;;;17010.0;0.0
3;9800;ASH_COATED_OSMIUM;9994;14;;;;;10010.0;10;;;;;10002.5;0.0
3;9800;INTARIAN_PEPPER_ROOT;17002;22;16999;9;16996;11;17015.0;8;17016.0;11;17017.0;8;17009.0;0.0
3;9900;ASH_COATED_OSMIUM;9994;14;9992;10;;;10010.0;13;10012.0;15;;;10002.5;0.0
3;9900;INTARIAN_PEPPER_ROOT;17004;12;;;;;17019.0;11;;;;;17011.5;0.0
3;10000;ASH_COATED_OSMIUM;9990;15;9987;21;;;10006.0;13;10007.0;25;;;9997.5;0.0
3;10000;INTARIAN_PEPPER_ROOT;17000;10;16997;10;;;17017.0;12;17020.0;8;;;17009.0;0.0
3;10100;ASH_COATED_OSMIUM;9990;15;9987;11;;;10006.0;10;10009.0;20;;;9997.5;0.0
3;10100;INTARIAN_PEPPER_ROOT;17002;8;16999;12;;;17015.0;19;17018.0;11;;;17009.0;0.0
3;10200;ASH_COATED_OSMIUM;9993;27;9991;13;;;10012.0;12;10014.0;28;;;10002.5;0.0
3;10200;INTARIAN_PEPPER_ROOT;17002;12;;;;;17016.0;11;;;;;17009.0;0.0
3;10300;ASH_COATED_OSMIUM;9988;14;9987;13;;;10006.0;13;10007.0;26;;;9997.5;0.0
3;10300;INTARIAN_PEPPER_ROOT;16996;16;16994;9;16991;20;17011.0;12;17013.0;9;17016.0;12;17003.5;0.0
3;10400;ASH_COATED_OSMIUM;9992;13;9989;11;9987;12;10013.0;11;10016.0;15;10017.0;30;10002.5;0.0
3;10400;INTARIAN_PEPPER_ROOT;17004;12;17003;18;17001;10;17017.0;11;17019.0;8;17021.0;8;17010.5;0.0
3;10500;ASH_COATED_OSMIUM;9990;12;;;;;10006.0;14;;;;;9997.5;0.0
3;10500;INTARIAN_PEPPER_ROOT;16994;10;16993;18;;;17008.0;25;17009.0;8;;;17001.0;0.0
3;10600;ASH_COATED_OSMIUM;9998;11;;;;;10008.0;10;;;;;10002.5;0.0
3;10600;INTARIAN_PEPPER_ROOT;17009;12;;;;;17023.0;12;;;;;17016.0;0.0
3;10700;ASH_COATED_OSMIUM;9994;12;;;;;10012.0;14;;;;;10002.5;0.0
3;10700;INTARIAN_PEPPER_ROOT;17002;12;16999;11;;;17016.0;10;17019.0;10;;;17009.0;0.0
3;10800;ASH_COATED_OSMIUM;9994;12;;;;;10010.0;13;;;;;10002.5;0.0
3;10800;INTARIAN_PEPPER_ROOT;17002;22;17000;10;;;17016.0;12;17019.0;11;;;17009.5;0.0
3;10900;ASH_COATED_OSMIUM;9993;13;9992;11;;;10012.0;10;10015.0;13;;;10002.5;0.0
3;10900;INTARIAN_PEPPER_ROOT;17004;11;17001;11;16999;12;17022.0;11;17024.0;8;17026.0;8;17012.5;0.0
3;11000;ASH_COATED_OSMIUM;9994;29;9991;13;9990;11;10012.0;28;10015.0;12;10016.0;7;10002.5;0.0
3;11000;INTARIAN_PEPPER_ROOT;17006;10;17004;22;17001;17;17018.0;12;17019.0;10;17020.0;10;17012.0;0.0
3;11100;ASH_COATED_OSMIUM;9990;12;9988;15;9987;13;10006.0;14;10009.0;12;10012.0;10;9997.5;0.0
3;11100;INTARIAN_PEPPER_ROOT;17004;9;17002;10;17000;24;17022.0;9;17024.0;9;17027.0;8;17012.5;0.0
3;11200;ASH_COATED_OSMIUM;9990;15;9989;15;9986;14;10006.0;12;10008.0;10;10011.0;30;9997.5;0.0
3;11200;INTARIAN_PEPPER_ROOT;17004;10;17003;12;;;17017.0;11;17018.0;12;;;17010.5;0.0
3;11300;ASH_COATED_OSMIUM;9995;13;9993;30;9992;13;10000.0;11;10003.0;11;10005.0;14;9997.5;0.0
3;11300;INTARIAN_PEPPER_ROOT;17006;10;;;;;17019.0;12;;;;;17013.0;0.0
3;11400;ASH_COATED_OSMIUM;9994;14;9991;10;;;10012.0;14;10014.0;15;;;10002.5;0.0
3;11400;INTARIAN_PEPPER_ROOT;17008;8;17006;9;;;17021.0;8;17024.0;17;;;17014.0;0.0
3;11500;ASH_COATED_OSMIUM;9994;10;9991;12;;;10010.0;25;10011.0;13;;;10002.5;0.0
3;11500;INTARIAN_PEPPER_ROOT;17004;9;;;;;17019.0;9;;;;;17011.5;0.0
3;11600;ASH_COATED_OSMIUM;9994;11;;;;;10010.0;11;;;;;10002.5;0.0
3;11600;INTARIAN_PEPPER_ROOT;17006;11;17004;10;17003;10;17022.0;12;17024.0;11;17026.0;12;17014.0;0.0
3;11700;ASH_COATED_OSMIUM;9993;15;9990;13;;;10012.0;24;10013.0;30;;;10002.5;0.0
3;11700;INTARIAN_PEPPER_ROOT;17008;12;;;;;17021.0;4;;;;;17015.0;0.0
3;11800;ASH_COATED_OSMIUM;9988;10;9985;10;9982;15;10006.0;29;10008.0;12;10010.0;15;9997.5;0.0
3;11800;INTARIAN_PEPPER_ROOT;17002;12;17001;12;17000;8;17017.0;10;17018.0;12;17019.0;12;17009.5;0.0
3;11900;ASH_COATED_OSMIUM;9990;27;9988;14;;;10006.0;11;10009.0;15;;;9997.5;0.0
3;11900;INTARIAN_PEPPER_ROOT;17005;8;17004;8;17001;8;17019.0;12;17021.0;19;17024.0;9;17012.0;0.0
3;12000;ASH_COATED_OSMIUM;9994;13;;;;;10010.0;12;;;;;10002.5;0.0
3;12000;INTARIAN_PEPPER_ROOT;17005;10;17002;10;;;17021.0;11;17023.0;11;;;17013.0;0.0
3;12100;ASH_COATED_OSMIUM;9994;26;9991;15;9990;13;10010.0;12;10013.0;28;10016.0;14;10002.5;0.0
3;12100;INTARIAN_PEPPER_ROOT;17008;9;17005;11;;;17021.0;12;17023.0;10;;;17014.5;0.0
3;12200;ASH_COATED_OSMIUM;9994;13;9993;14;9990;14;10010.0;11;10011.0;15;10013.0;28;10002.5;0.0
3;12200;INTARIAN_PEPPER_ROOT;17008;19;17005;10;;;17023.0;9;17025.0;10;;;17016.0;0.0
3;12300;ASH_COATED_OSMIUM;9990;11;9987;3;;;10006.0;12;10008.0;14;;;9997.5;0.0
3;12300;INTARIAN_PEPPER_ROOT;17008;3;17006;8;;;17022.0;9;17025.0;8;;;17015.0;0.0
3;12400;ASH_COATED_OSMIUM;9994;12;9992;13;;;10010.0;13;10012.0;10;;;10002.5;0.0
3;12400;INTARIAN_PEPPER_ROOT;17000;9;;;;;17017.0;19;;;;;17008.5;0.0
3;12500;ASH_COATED_OSMIUM;9994;12;9993;12;;;10010.0;13;10013.0;15;;;10002.5;0.0
3;12500;INTARIAN_PEPPER_ROOT;17010;10;17007;8;;;17025.0;11;17028.0;20;;;17017.0;0.0
3;12600;ASH_COATED_OSMIUM;9990;23;9987;11;9984;13;10006.0;15;10008.0;13;10009.0;11;9997.5;0.0
3;12600;INTARIAN_PEPPER_ROOT;17002;8;;;;;17018.0;10;;;;;17009.5;0.0
3;12700;ASH_COATED_OSMIUM;9990;14;9989;5;;;10006.0;11;10008.0;12;;;9997.5;0.0
3;12700;INTARIAN_PEPPER_ROOT;17005;23;;;;;17019.0;23;;;;;17012.0;0.0
3;12800;ASH_COATED_OSMIUM;9992;13;9990;15;;;10013.0;13;10016.0;14;;;10002.5;0.0
3;12800;INTARIAN_PEPPER_ROOT;17006;12;17005;10;17002;18;17018.0;8;17019.0;9;17022.0;10;17011.5;0.0
3;12900;ASH_COATED_OSMIUM;9994;15;;;;;10010.0;14;;;;;10002.5;0.0
3;12900;INTARIAN_PEPPER_ROOT;17007;12;;;;;17021.0;11;;;;;17014.0;0.0
3;13000;ASH_COATED_OSMIUM;9990;12;9987;10;;;10006.0;14;10007.0;10;;;9997.5;0.0
3;13000;INTARIAN_PEPPER_ROOT;17004;12;;;;;17019.0;9;;;;;17011.5;0.0
3;13100;ASH_COATED_OSMIUM;9994;10;9993;10;9990;15;10010.0;12;10013.0;28;10014.0;10;10002.5;0.0
3;13100;INTARIAN_PEPPER_ROOT;17004;12;17002;12;;;17018.0;9;17021.0;10;;;17010.5;0.0
3;13200;ASH_COATED_OSMIUM;9992;14;9991;11;;;10013.0;10;10016.0;15;;;10002.5;0.0
3;13200;INTARIAN_PEPPER_ROOT;17006;11;17004;8;;;17020.0;12;17023.0;10;;;17013.0;0.0
3;13300;ASH_COATED_OSMIUM;10000;15;9999;22;9998;11;10005.0;15;10008.0;14;10010.0;11;10002.5;0.0
3;13300;INTARIAN_PEPPER_ROOT;17007;11;;;;;17022.0;9;;;;;17014.5;0.0
3;13400;ASH_COATED_OSMIUM;9994;14;9992;15;;;10010.0;24;10012.0;10;;;10002.5;0.0
3;13400;INTARIAN_PEPPER_ROOT;17002;10;17001;8;;;17023.0;11;17026.0;12;;;17012.0;0.0
3;13500;ASH_COATED_OSMIUM;9993;22;9990;10;;;10012.0;24;10013.0;15;;;10002.5;0.0
3;13500;INTARIAN_PEPPER_ROOT;17007;10;17005;11;;;17020.0;19;17023.0;11;;;17013.5;0.0
3;13600;ASH_COATED_OSMIUM;9988;15;;;;;10007.0;15;;;;;9997.5;0.0
3;13600;INTARIAN_PEPPER_ROOT;17004;8;;;;;17018.0;10;;;;;17010.5;0.0
3;13700;ASH_COATED_OSMIUM;9994;13;;;;;10010.0;14;;;;;10002.5;0.0
3;13700;INTARIAN_PEPPER_ROOT;17004;9;17002;12;17000;8;17021.0;12;17023.0;9;17025.0;12;17012.0;0.0
3;13800;ASH_COATED_OSMIUM;9990;12;9987;14;9986;14;10006.0;15;10007.0;12;10010.0;11;9997.5;0.0
3;13800;INTARIAN_PEPPER_ROOT;17010;12;17009;11;17008;11;17024.0;12;17027.0;12;17029.0;12;17017.5;0.0
3;13900;ASH_COATED_OSMIUM;9994;15;;;;;10012.0;11;;;;;10002.5;0.0
3;13900;INTARIAN_PEPPER_ROOT;17013;11;17010;9;;;17026.0;23;17029.0;11;;;17019.5;0.0
3;14000;ASH_COATED_OSMIUM;9994;10;;;;;10010.0;13;;;;;10002.5;0.0
3;14000;INTARIAN_PEPPER_ROOT;17008;12;;;;;17023.0;9;;;;;17015.5;0.0
3;14100;ASH_COATED_OSMIUM;9994;13;;;;;10012.0;15;;;;;10002.5;0.0
3;14100;INTARIAN_PEPPER_ROOT;17008;9;17007;11;;;17020.0;8;17022.0;12;;;17014.0;0.0
3;14200;ASH_COATED_OSMIUM;9993;30;;;;;10012.0;29;;;;;10002.5;0.0
3;14200;INTARIAN_PEPPER_ROOT;17004;25;17001;8;;;17019.0;12;17021.0;9;;;17011.0;0.0
3;14300;ASH_COATED_OSMIUM;9994;15;9992;10;;;10010.0;11;10011.0;12;;;10002.5;0.0
3;14300;INTARIAN_PEPPER_ROOT;17006;12;;;;;17024.0;9;;;;;17014.5;0.0
3;14400;ASH_COATED_OSMIUM;9990;15;;;;;10006.0;11;;;;;9997.5;0.0
3;14400;INTARIAN_PEPPER_ROOT;17004;8;;;;;17021.0;11;;;;;17012.5;0.0
3;14500;ASH_COATED_OSMIUM;9994;23;9993;10;;;10010.0;14;10012.0;11;;;10002.5;0.0
3;14500;INTARIAN_PEPPER_ROOT;17006;11;17005;8;;;17020.0;25;17022.0;19;;;17012.5;0.0
3;14600;ASH_COATED_OSMIUM;9990;10;9988;14;;;10006.0;30;10009.0;10;;;9997.5;0.0
3;14600;INTARIAN_PEPPER_ROOT;17008;12;17006;10;;;17021.0;19;17022.0;8;;;17014.0;0.0
3;14700;ASH_COATED_OSMIUM;9994;13;9991;11;;;10012.0;29;10014.0;12;;;10002.5;0.0
3;14700;INTARIAN_PEPPER_ROOT;17008;12;17006;11;;;17020.0;8;17022.0;11;;;17014.0;0.0
3;14800;ASH_COATED_OSMIUM;9994;15;9992;10;9990;12;10012.0;10;10013.0;13;10015.0;21;10002.5;0.0
3;14800;INTARIAN_PEPPER_ROOT;17009;10;17006;8;17004;22;17027.0;12;17028.0;8;17030.0;12;17018.0;0.0
3;14900;ASH_COATED_OSMIUM;9990;12;9989;10;;;10006.0;29;10008.0;13;;;9997.5;0.0
3;14900;INTARIAN_PEPPER_ROOT;17007;22;17006;10;17003;25;17020.0;25;17022.0;8;17025.0;8;17013.5;0.0
3;15000;ASH_COATED_OSMIUM;9993;13;9991;11;;;10012.0;13;10013.0;12;;;10002.5;0.0
3;15000;INTARIAN_PEPPER_ROOT;17008;8;17007;12;;;17021.0;8;17023.0;11;;;17015.0;0.0
3;15100;ASH_COATED_OSMIUM;9994;14;9992;12;9989;10;10010.0;13;10012.0;12;10013.0;10;10002.5;0.0
3;15100;INTARIAN_PEPPER_ROOT;17010;8;17008;4;;;17024.0;8;17025.0;8;;;17017.5;0.0
3;15200;ASH_COATED_OSMIUM;9990;30;9988;25;9987;14;10006.0;10;10007.0;20;10010.0;21;9997.5;0.0
3;15200;INTARIAN_PEPPER_ROOT;17010;10;17008;11;;;17023.0;12;17026.0;12;;;17016.5;0.0
3;15300;ASH_COATED_OSMIUM;9994;14;9993;11;;;10010.0;2;10011.0;14;;;10002.5;0.0
3;15300;INTARIAN_PEPPER_ROOT;17008;11;17006;12;;;17022.0;18;17024.0;8;;;17015.5;0.0
3;15400;ASH_COATED_OSMIUM;9990;15;;;;;10006.0;28;;;;;9997.5;0.0
3;15400;INTARIAN_PEPPER_ROOT;17004;9;;;;;17022.0;23;;;;;17012.5;0.0
3;15500;ASH_COATED_OSMIUM;9990;14;9987;11;;;10006.0;10;10007.0;15;;;9997.5;0.0
3;15500;INTARIAN_PEPPER_ROOT;17010;12;17009;12;17007;24;17022.0;8;17023.0;9;17026.0;11;17015.5;0.0
3;15600;ASH_COATED_OSMIUM;9994;14;;;;;10010.0;13;;;;;10002.5;0.0
3;15600;INTARIAN_PEPPER_ROOT;17008;22;;;;;17021.0;10;;;;;17014.5;0.0
3;15700;ASH_COATED_OSMIUM;9994;21;9993;15;9990;29;10010.0;15;10012.0;11;10015.0;11;10002.5;0.0
3;15700;INTARIAN_PEPPER_ROOT;17008;11;17007;10;;;17024.0;10;17026.0;15;;;17016.0;0.0
3;15800;ASH_COATED_OSMIUM;9990;13;9988;15;;;10006.0;20;10009.0;12;;;9997.5;0.0
3;15800;INTARIAN_PEPPER_ROOT;17007;12;17006;11;;;17021.0;12;17023.0;21;;;17014.0;0.0
3;15900;ASH_COATED_OSMIUM;9987;24;9984;11;;;10008.0;13;10009.0;13;;;9997.5;0.0
3;15900;INTARIAN_PEPPER_ROOT;17010;22;;;;;17023.0;10;;;;;17016.5;0.0
3;16000;ASH_COATED_OSMIUM;9990;10;9989;21;9987;15;10006.0;14;10008.0;10;10010.0;12;9997.5;0.0
3;16000;INTARIAN_PEPPER_ROOT;17006;10;17005;12;17004;8;17021.0;12;17022.0;23;17025.0;12;17014.0;0.0
3;16100;ASH_COATED_OSMIUM;9992;13;9991;10;;;10003.0;13;10006.0;15;;;9997.5;0.0
3;16100;INTARIAN_PEPPER_ROOT;17008;8;17007;11;;;17029.0;12;17031.0;11;;;17019.0;0.0
3;16200;ASH_COATED_OSMIUM;9990;29;9989;15;;;10006.0;13;10007.0;14;;;9997.5;0.0
3;16200;INTARIAN_PEPPER_ROOT;17010;8;17008;8;17006;8;17025.0;10;17027.0;12;17029.0;10;17018.0;0.0
3;16300;ASH_COATED_OSMIUM;9988;14;9985;11;9984;12;10006.0;13;10008.0;15;10009.0;24;9997.5;0.0
3;16300;INTARIAN_PEPPER_ROOT;17008;19;17007;9;;;17023.0;12;17024.0;24;;;17016.0;0.0
3;16400;ASH_COATED_OSMIUM;9994;10;9991;11;;;10010.0;10;10012.0;11;;;10002.5;0.0
3;16400;INTARIAN_PEPPER_ROOT;17012;8;17009;8;17006;11;17027.0;15;17028.0;12;17030.0;11;17019.5;0.0
3;16500;ASH_COATED_OSMIUM;9990;15;9987;8;9985;12;10006.0;15;10009.0;14;10012.0;12;9997.5;0.0
3;16500;INTARIAN_PEPPER_ROOT;17008;11;;;;;17022.0;8;;;;;17015.5;0.0
3;16600;ASH_COATED_OSMIUM;9990;20;9987;10;;;10006.0;21;10007.0;30;;;9997.5;0.0
3;16600;INTARIAN_PEPPER_ROOT;17007;10;17004;10;17002;11;17024.0;11;17025.0;10;17028.0;12;17015.5;0.0
3;16700;ASH_COATED_OSMIUM;9993;9;;;;;10012.0;12;;;;;10002.5;0.0
3;16700;INTARIAN_PEPPER_ROOT;17010;12;17009;24;;;17023.0;11;17026.0;23;;;17017.0;0.0
3;16800;ASH_COATED_OSMIUM;9990;10;;;;;10006.0;21;;;;;9997.5;0.0
3;16800;INTARIAN_PEPPER_ROOT;17010;11;17007;9;;;17028.0;10;17031.0;11;;;17018.5;0.0
3;16900;ASH_COATED_OSMIUM;9994;29;9993;15;9990;15;10010.0;5;10012.0;13;10013.0;11;10002.5;0.0
3;16900;INTARIAN_PEPPER_ROOT;17009;8;17008;9;;;17025.0;11;17028.0;25;;;17017.0;0.0
3;17000;ASH_COATED_OSMIUM;9994;11;;;;;10010.0;13;;;;;10002.5;0.0
3;17000;INTARIAN_PEPPER_ROOT;17013;12;17011;8;;;17027.0;11;17030.0;22;;;17020.0;0.0
3;17100;ASH_COATED_OSMIUM;9990;29;9988;13;;;10006.0;21;10009.0;23;;;9997.5;0.0
3;17100;INTARIAN_PEPPER_ROOT;17009;17;17008;8;;;17022.0;8;17024.0;9;;;17015.5;0.0
3;17200;ASH_COATED_OSMIUM;9990;10;;;;;10006.0;12;;;;;9997.5;0.0
3;17200;INTARIAN_PEPPER_ROOT;17012;8;17009;12;17006;15;17025.0;9;17027.0;10;17030.0;8;17019.0;0.0
3;17300;ASH_COATED_OSMIUM;9988;27;9987;11;;;10007.0;15;10009.0;25;;;9997.5;0.0
3;17300;INTARIAN_PEPPER_ROOT;17009;10;17006;11;17004;11;17028.0;9;17029.0;8;17030.0;11;17018.5;0.0
3;17400;ASH_COATED_OSMIUM;9990;10;;;;;10006.0;13;;;;;9997.5;0.0
3;17400;INTARIAN_PEPPER_ROOT;17011;10;17009;11;17008;8;17026.0;12;17027.0;10;17029.0;10;17018.5;0.0
3;17500;ASH_COATED_OSMIUM;9990;12;;;;;10006.0;12;;;;;9997.5;0.0
3;17500;INTARIAN_PEPPER_ROOT;17010;11;;;;;17022.0;15;;;;;17016.5;0.0
3;17600;ASH_COATED_OSMIUM;9988;11;;;;;10006.0;23;;;;;9997.5;0.0
3;17600;INTARIAN_PEPPER_ROOT;17011;8;17008;15;17005;11;17028.0;15;17031.0;8;17034.0;9;17019.5;0.0
3;17700;ASH_COATED_OSMIUM;9993;10;9990;12;;;10012.0;10;10015.0;14;;;10002.5;0.0
3;17700;INTARIAN_PEPPER_ROOT;17008;8;17006;20;;;17021.0;9;17024.0;9;;;17015.0;0.0
3;17800;ASH_COATED_OSMIUM;9994;13;;;;;10010.0;12;;;;;10002.5;0.0
3;17800;INTARIAN_PEPPER_ROOT;17011;11;17010;8;17008;8;17025.0;9;17026.0;8;17029.0;12;17018.0;0.0
3;17900;ASH_COATED_OSMIUM;9994;14;;;;;10010.0;21;;;;;10002.5;0.0
3;17900;INTARIAN_PEPPER_ROOT;17010;11;17008;9;17006;9;17023.0;10;17024.0;9;17027.0;9;17017.0;0.0
3;18000;ASH_COATED_OSMIUM;9994;11;;;;;10010.0;22;;;;;10002.5;0.0
3;18000;INTARIAN_PEPPER_ROOT;17010;8;;;;;17023.0;9;;;;;17017.0;0.0
3;18100;ASH_COATED_OSMIUM;9990;11;9989;15;9988;21;10006.0;10;10008.0;12;10011.0;27;9997.5;0.0
3;18100;INTARIAN_PEPPER_ROOT;17009;12;;;;;17023.0;11;;;;;17016.0;0.0
3;18200;ASH_COATED_OSMIUM;9990;14;9987;28;;;10006.0;25;10008.0;10;;;9997.5;0.0
3;18200;INTARIAN_PEPPER_ROOT;17010;12;17009;19;17007;12;17025.0;10;17026.0;8;17029.0;15;17017.5;0.0
3;18300;ASH_COATED_OSMIUM;9994;23;9993;11;9990;10;10010.0;14;10012.0;13;10014.0;10;10002.5;0.0
3;18300;INTARIAN_PEPPER_ROOT;17008;12;;;;;17022.0;8;;;;;17015.0;0.0
3;18400;ASH_COATED_OSMIUM;9993;15;;;;;10012.0;29;;;;;10002.5;0.0
3;18400;INTARIAN_PEPPER_ROOT;17016;18;;;;;17029.0;8;;;;;17022.0;0.0
3;18500;ASH_COATED_OSMIUM;9994;11;9991;13;;;10010.0;15;10011.0;14;;;10002.5;0.0
3;18500;INTARIAN_PEPPER_ROOT;17012;22;;;;;17026.0;24;;;;;17019.5;0.0
3;18600;ASH_COATED_OSMIUM;9998;14;;;;;10008.0;13;;;;;10002.5;0.0
3;18600;INTARIAN_PEPPER_ROOT;17012;8;;;;;17025.0;24;;;;;17018.0;0.0
3;18700;ASH_COATED_OSMIUM;9994;4;;;;;10010.0;24;;;;;10002.5;0.0
3;18700;INTARIAN_PEPPER_ROOT;17010;10;17007;10;17005;22;17023.0;11;17025.0;19;17028.0;8;17017.0;0.0
3;18800;ASH_COATED_OSMIUM;9994;15;9992;10;9990;10;10010.0;13;10011.0;15;10014.0;15;10002.5;0.0
3;18800;INTARIAN_PEPPER_ROOT;17013;12;17010;8;;;17029.0;5;17030.0;12;;;17021.0;0.0
3;18900;ASH_COATED_OSMIUM;9994;12;9992;13;;;10010.0;15;10011.0;13;;;10002.5;0.0
3;18900;INTARIAN_PEPPER_ROOT;17012;8;;;;;17029.0;11;;;;;17020.0;0.0
3;19000;ASH_COATED_OSMIUM;10000;11;;;;;10006.0;27;;;;;10002.5;0.0
3;19000;INTARIAN_PEPPER_ROOT;17020;10;17017;16;;;17033.0;11;17036.0;10;;;17026.0;0.0
3;19100;ASH_COATED_OSMIUM;9994;15;;;;;10010.0;11;;;;;10002.5;0.0
3;19100;INTARIAN_PEPPER_ROOT;17018;11;;;;;17032.0;11;;;;;17025.0;0.0
3;19200;ASH_COATED_OSMIUM;9994;15;9991;10;;;10010.0;12;10011.0;13;;;10002.5;0.0
3;19200;INTARIAN_PEPPER_ROOT;17006;8;17004;9;17002;11;17024.0;25;17026.0;12;17029.0;12;17015.5;0.0
3;19300;ASH_COATED_OSMIUM;9994;14;9992;14;;;10010.0;11;10011.0;10;;;10002.5;0.0
3;19300;INTARIAN_PEPPER_ROOT;17010;10;17009;15;;;17025.0;8;17026.0;10;;;17017.5;0.0
3;19400;ASH_COATED_OSMIUM;9988;10;;;;;10007.0;13;;;;;9997.5;0.0
3;19400;INTARIAN_PEPPER_ROOT;17010;9;17008;12;17007;12;17024.0;10;17026.0;21;17029.0;8;17017.5;0.0
3;19500;ASH_COATED_OSMIUM;9994;11;9993;4;;;10012.0;12;10014.0;10;;;10002.5;0.0
3;19500;INTARIAN_PEPPER_ROOT;17014;9;17013;12;17010;11;17028.0;9;17029.0;11;17032.0;9;17021.5;0.0
3;19600;ASH_COATED_OSMIUM;9994;27;;;;;10010.0;12;;;;;10002.5;0.0
3;19600;INTARIAN_PEPPER_ROOT;17016;15;17013;25;;;17029.0;22;17030.0;9;;;17023.0;0.0
3;19700;ASH_COATED_OSMIUM;9990;12;;;;;10006.0;12;;;;;9997.5;0.0
3;19700;INTARIAN_PEPPER_ROOT;17024;8;;;;;17039.0;10;;;;;17031.0;0.0
3;19800;ASH_COATED_OSMIUM;9994;15;9993;13;;;10010.0;13;10011.0;14;;;10002.5;0.0
3;19800;INTARIAN_PEPPER_ROOT;17015;11;17012;9;17009;15;17031.0;9;17033.0;12;17035.0;12;17023.0;0.0
3;19900;ASH_COATED_OSMIUM;9998;24;9995;15;;;10008.0;14;10011.0;25;;;10002.5;0.0
3;19900;INTARIAN_PEPPER_ROOT;17012;12;;;;;17025.0;11;;;;;17019.0;0.0
3;20000;ASH_COATED_OSMIUM;9988;15;9986;10;;;10007.0;15;10008.0;30;;;9997.5;0.0
3;20000;INTARIAN_PEPPER_ROOT;17016;10;17014;11;;;17029.0;11;17032.0;9;;;17022.0;0.0
3;20100;ASH_COATED_OSMIUM;9990;13;9987;14;9986;14;10006.0;23;10009.0;15;10011.0;11;9997.5;0.0
3;20100;INTARIAN_PEPPER_ROOT;17014;8;17012;8;17009;11;17028.0;11;17031.0;17;17032.0;17;17021.0;0.0
3;20200;ASH_COATED_OSMIUM;9994;14;9991;13;9989;13;10010.0;15;10012.0;11;10014.0;12;10002.5;0.0
3;20200;INTARIAN_PEPPER_ROOT;17016;19;17013;9;;;17029.0;12;17030.0;9;;;17023.0;0.0
3;20300;ASH_COATED_OSMIUM;9990;10;;;;;10006.0;10;;;;;9997.5;0.0
3;20300;INTARIAN_PEPPER_ROOT;17014;11;;;;;17029.0;12;;;;;17021.5;0.0
3;20400;ASH_COATED_OSMIUM;9990;24;;;;;10006.0;11;;;;;9997.5;0.0
3;20400;INTARIAN_PEPPER_ROOT;17015;10;17014;10;17011;10;17028.0;8;17031.0;8;17034.0;10;17021.5;0.0
3;20500;ASH_COATED_OSMIUM;9994;28;9991;12;9990;11;10000.0;15;10002.0;13;10004.0;11;9997.5;0.0
3;20500;INTARIAN_PEPPER_ROOT;17015;20;;;;;17028.0;9;;;;;17021.5;0.0
3;20600;ASH_COATED_OSMIUM;9992;12;;;;;10013.0;10;;;;;10002.5;0.0
3;20600;INTARIAN_PEPPER_ROOT;17014;9;17011;12;;;17028.0;9;17029.0;10;;;17020.5;0.0
3;20700;ASH_COATED_OSMIUM;9994;13;9992;13;;;10010.0;13;10011.0;11;;;10002.5;0.0
3;20700;INTARIAN_PEPPER_ROOT;17016;11;17013;12;;;17028.0;9;17030.0;11;;;17021.5;0.0
3;20800;ASH_COATED_OSMIUM;9994;12;9992;11;;;10010.0;15;10013.0;26;;;10002.5;0.0
3;20800;INTARIAN_PEPPER_ROOT;17012;11;17009;11;;;17027.0;12;17030.0;12;;;17019.5;0.0
3;20900;ASH_COATED_OSMIUM;9994;10;9992;5;;;10010.0;10;10011.0;10;;;10002.5;0.0
3;20900;INTARIAN_PEPPER_ROOT;17014;11;17011;12;;;17027.0;9;17030.0;8;;;17020.0;0.0
3;21000;ASH_COATED_OSMIUM;9990;15;9988;14;;;10006.0;25;10007.0;12;;;9997.5;0.0
3;21000;INTARIAN_PEPPER_ROOT;17015;12;17014;11;17011;11;17028.0;9;17030.0;8;17033.0;10;17021.5;0.0
3;21100;ASH_COATED_OSMIUM;9990;12;9989;14;;;10006.0;12;10007.0;12;;;9997.5;0.0
3;21100;INTARIAN_PEPPER_ROOT;17016;12;17014;8;;;17032.0;8;17035.0;12;;;17023.5;0.0
3;21200;ASH_COATED_OSMIUM;9990;13;9987;12;;;10006.0;15;10008.0;12;;;9997.5;0.0
3;21200;INTARIAN_PEPPER_ROOT;17016;11;;;;;17029.0;9;;;;;17022.0;0.0
3;21300;ASH_COATED_OSMIUM;9994;12;;;;;10012.0;13;;;;;10002.5;0.0
3;21300;INTARIAN_PEPPER_ROOT;17012;12;;;;;17026.0;9;;;;;17018.5;0.0
3;21400;ASH_COATED_OSMIUM;9992;13;9991;27;;;10013.0;13;10016.0;14;;;10002.5;0.0
3;21400;INTARIAN_PEPPER_ROOT;17012;11;17011;11;17009;8;17024.0;12;17026.0;8;17028.0;24;17017.5;0.0
3;21500;ASH_COATED_OSMIUM;9988;15;9985;15;9982;21;10006.0;13;10009.0;24;10012.0;15;9997.5;0.0
3;21500;INTARIAN_PEPPER_ROOT;17022;10;17019;10;17018;19;17033.0;20;17036.0;9;17038.0;9;17027.5;0.0
3;21600;ASH_COATED_OSMIUM;9994;30;9992;12;;;10010.0;15;10012.0;11;;;10002.5;0.0
3;21600;INTARIAN_PEPPER_ROOT;17012;11;;;;;17034.0;8;;;;;17023.0;0.0
3;21700;ASH_COATED_OSMIUM;9988;29;9987;14;;;10006.0;21;10008.0;14;;;9997.5;0.0
3;21700;INTARIAN_PEPPER_ROOT;17013;18;17011;11;17008;22;17028.0;11;17030.0;9;17032.0;11;17020.5;0.0
3;21800;ASH_COATED_OSMIUM;9990;30;9988;14;9986;23;10006.0;11;10009.0;14;10010.0;24;9997.5;0.0
3;21800;INTARIAN_PEPPER_ROOT;17020;11;17018;20;;;17033.0;5;17035.0;22;;;17026.0;0.0
3;21900;ASH_COATED_OSMIUM;9993;14;9990;10;9988;27;10012.0;13;10015.0;11;10017.0;28;10002.5;0.0
3;21900;INTARIAN_PEPPER_ROOT;17015;10;;;;;17027.0;9;;;;;17021.0;0.0
3;22000;ASH_COATED_OSMIUM;9990;13;9988;13;;;10006.0;11;10009.0;13;;;9997.5;0.0
3;22000;INTARIAN_PEPPER_ROOT;17016;11;17015;8;17013;12;17028.0;11;17030.0;22;17031.0;11;17022.0;0.0
3;22100;ASH_COATED_OSMIUM;9998;13;9995;13;9992;30;10008.0;14;10011.0;13;10013.0;27;10002.5;0.0
3;22100;INTARIAN_PEPPER_ROOT;17012;9;17011;10;17008;19;17029.0;9;17030.0;11;17032.0;10;17020.0;0.0
3;22200;ASH_COATED_OSMIUM;9994;10;9993;14;9991;12;10012.0;11;10013.0;10;10015.0;21;10002.5;0.0
3;22200;INTARIAN_PEPPER_ROOT;17014;12;17011;12;17009;11;17032.0;9;17034.0;12;17035.0;11;17023.0;0.0
3;22300;ASH_COATED_OSMIUM;9992;12;9991;11;;;10013.0;15;10015.0;13;;;10002.5;0.0
3;22300;INTARIAN_PEPPER_ROOT;17019;11;17017;10;17016;12;17033.0;16;17035.0;12;17036.0;11;17026.0;0.0
3;22400;ASH_COATED_OSMIUM;9990;13;9988;13;;;10006.0;15;10007.0;2;;;9997.5;0.0
3;22400;INTARIAN_PEPPER_ROOT;17017;12;;;;;17032.0;12;;;;;17024.5;0.0
3;22500;ASH_COATED_OSMIUM;9990;23;;;;;10006.0;11;;;;;9997.5;0.0
3;22500;INTARIAN_PEPPER_ROOT;17013;21;;;;;17030.0;10;;;;;17021.5;0.0
3;22600;ASH_COATED_OSMIUM;9990;11;9989;15;9987;11;10006.0;12;10008.0;4;10009.0;14;9997.5;0.0
3;22600;INTARIAN_PEPPER_ROOT;17018;9;17017;9;17015;12;17030.0;11;17032.0;12;17033.0;8;17024.0;0.0
3;22700;ASH_COATED_OSMIUM;9994;11;;;;;10010.0;10;;;;;10002.5;0.0
3;22700;INTARIAN_PEPPER_ROOT;17014;25;;;;;17029.0;11;;;;;17021.5;0.0
3;22800;ASH_COATED_OSMIUM;9992;10;9989;30;9986;8;10004.0;14;10006.0;5;10009.0;14;9997.5;0.0
3;22800;INTARIAN_PEPPER_ROOT;17018;12;17015;22;17014;10;17032.0;10;17034.0;20;17037.0;11;17025.0;0.0
3;22900;ASH_COATED_OSMIUM;9990;21;9989;10;9986;13;10006.0;10;10008.0;12;10011.0;12;9997.5;0.0
3;22900;INTARIAN_PEPPER_ROOT;17018;19;17017;9;;;17030.0;10;17032.0;8;;;17024.0;0.0
3;23000;ASH_COATED_OSMIUM;9988;11;9986;11;9983;26;10007.0;10;10008.0;10;10010.0;12;9997.5;0.0
3;23000;INTARIAN_PEPPER_ROOT;17015;23;17013;11;17011;11;17032.0;11;17035.0;12;17036.0;10;17023.5;0.0
3;23100;ASH_COATED_OSMIUM;9990;10;9987;15;;;10006.0;12;10008.0;15;;;9997.5;0.0
3;23100;INTARIAN_PEPPER_ROOT;17014;11;17013;8;;;17027.0;12;17029.0;23;;;17020.5;0.0
3;23200;ASH_COATED_OSMIUM;9990;15;9988;12;;;10006.0;10;10007.0;23;;;9997.5;0.0
3;23200;INTARIAN_PEPPER_ROOT;17016;9;17015;12;17012;8;17029.0;8;17031.0;20;17032.0;11;17023.0;0.0
3;23300;ASH_COATED_OSMIUM;9990;26;9987;30;9984;12;10006.0;13;10008.0;11;10011.0;14;9997.5;0.0
3;23300;INTARIAN_PEPPER_ROOT;17014;11;17011;12;17010;12;17026.0;15;17027.0;12;17029.0;23;17019.5;0.0
3;23400;ASH_COATED_OSMIUM;9988;15;;;;;10007.0;13;;;;;9997.5;0.0
3;23400;INTARIAN_PEPPER_ROOT;17016;10;17015;9;17012;9;17029.0;23;17032.0;12;17034.0;22;17022.0;0.0
3;23500;ASH_COATED_OSMIUM;10000;12;9997;10;9995;2;10006.0;10;10007.0;12;10010.0;11;10002.5;0.0
3;23500;INTARIAN_PEPPER_ROOT;17015;11;17013;11;;;17030.0;11;17033.0;8;;;17022.5;0.0
3;23600;ASH_COATED_OSMIUM;9992;13;;;;;10013.0;12;;;;;10002.5;0.0
3;23600;INTARIAN_PEPPER_ROOT;17014;9;17013;12;;;17029.0;11;17032.0;8;;;17021.0;0.0
3;23700;ASH_COATED_OSMIUM;9998;12;9997;15;9995;14;10007.0;12;10009.0;13;10012.0;29;10002.5;0.0
3;23700;INTARIAN_PEPPER_ROOT;17019;12;17018;10;17015;10;17032.0;9;17033.0;11;17035.0;25;17025.5;0.0
3;23800;ASH_COATED_OSMIUM;9990;14;9988;13;;;10006.0;11;10008.0;11;;;9997.5;0.0
3;23800;INTARIAN_PEPPER_ROOT;17016;8;17013;8;;;17030.0;23;17032.0;25;;;17023.5;0.0
3;23900;ASH_COATED_OSMIUM;9994;13;;;;;10010.0;11;;;;;10002.5;0.0
3;23900;INTARIAN_PEPPER_ROOT;17016;9;17015;11;;;17031.0;8;17034.0;12;;;17024.0;0.0
3;24000;ASH_COATED_OSMIUM;9994;11;9993;10;;;10010.0;25;10013.0;14;;;10002.5;0.0
3;24000;INTARIAN_PEPPER_ROOT;17016;12;17013;17;;;17029.0;12;17032.0;24;;;17022.5;0.0
3;24100;ASH_COATED_OSMIUM;9990;13;9989;28;;;10006.0;26;10008.0;14;;;9997.5;0.0
3;24100;INTARIAN_PEPPER_ROOT;17017;12;;;;;17030.0;16;;;;;17023.5;0.0
3;24200;ASH_COATED_OSMIUM;9988;11;9986;15;9985;21;10006.0;12;10009.0;15;10010.0;29;9997.5;0.0
3;24200;INTARIAN_PEPPER_ROOT;17018;9;17017;10;;;17032.0;9;17035.0;12;;;17025.5;0.0
3;24300;ASH_COATED_OSMIUM;9994;15;9991;11;;;10010.0;12;10012.0;14;;;10002.5;0.0
3;24300;INTARIAN_PEPPER_ROOT;17014;11;17011;10;17010;9;17028.0;9;17031.0;9;17033.0;10;17021.0;0.0
3;24400;ASH_COATED_OSMIUM;9994;14;9991;27;;;10010.0;15;10013.0;10;;;10002.5;0.0
3;24400;INTARIAN_PEPPER_ROOT;17020;10;17017;10;17015;10;17033.0;11;17034.0;12;17036.0;11;17026.0;0.0
3;24500;ASH_COATED_OSMIUM;9994;10;9992;14;;;10012.0;11;10014.0;14;;;10002.5;0.0
3;24500;INTARIAN_PEPPER_ROOT;17020;8;17018;12;;;17038.0;15;17041.0;11;;;17028.5;0.0
3;24600;ASH_COATED_OSMIUM;9992;11;;;;;10013.0;12;;;;;10002.5;0.0
3;24600;INTARIAN_PEPPER_ROOT;17016;10;17013;10;17011;19;17030.0;12;17033.0;11;17036.0;9;17023.0;0.0
3;24700;ASH_COATED_OSMIUM;9990;10;9987;27;;;10006.0;5;10008.0;14;;;9997.5;0.0
3;24700;INTARIAN_PEPPER_ROOT;17019;11;17017;10;17015;10;17029.0;18;17030.0;12;17031.0;8;17024.0;0.0
3;24800;ASH_COATED_OSMIUM;9990;15;;;;;10006.0;13;;;;;9997.5;0.0
3;24800;INTARIAN_PEPPER_ROOT;17011;10;17009;9;17007;9;17024.0;8;17026.0;9;17027.0;12;17017.5;0.0
3;24900;ASH_COATED_OSMIUM;9990;15;9988;12;;;10006.0;10;10008.0;14;;;9997.5;0.0
3;24900;INTARIAN_PEPPER_ROOT;17022;19;;;;;17034.0;10;;;;;17028.0;0.0
3;25000;ASH_COATED_OSMIUM;9990;11;9987;10;9985;13;10006.0;11;10007.0;13;10008.0;21;9997.5;0.0
3;25000;INTARIAN_PEPPER_ROOT;17019;11;;;;;17031.0;23;;;;;17025.0;0.0
3;25100;ASH_COATED_OSMIUM;9994;13;;;;;10012.0;14;;;;;10002.5;0.0
3;25100;INTARIAN_PEPPER_ROOT;17018;25;17016;11;;;17037.0;12;17040.0;10;;;17027.0;0.0
3;25200;ASH_COATED_OSMIUM;9990;10;9989;12;9988;11;10006.0;15;10008.0;10;10011.0;28;9997.5;0.0
3;25200;INTARIAN_PEPPER_ROOT;17022;12;;;;;17035.0;22;;;;;17028.5;0.0
3;25300;ASH_COATED_OSMIUM;9994;12;;;;;10010.0;12;;;;;10002.5;0.0
3;25300;INTARIAN_PEPPER_ROOT;17020;23;17018;20;17015;10;17037.0;17;17038.0;9;17040.0;10;17028.5;0.0
3;25400;ASH_COATED_OSMIUM;9994;10;;;;;10010.0;14;;;;;10002.5;0.0
3;25400;INTARIAN_PEPPER_ROOT;17016;8;17013;8;;;17031.0;8;17032.0;10;;;17024.0;0.0
3;25500;ASH_COATED_OSMIUM;9990;25;9989;24;9988;11;10006.0;14;10007.0;24;10009.0;10;9997.5;0.0
3;25500;INTARIAN_PEPPER_ROOT;17018;9;17017;9;;;17031.0;20;17034.0;9;;;17024.0;0.0
3;25600;ASH_COATED_OSMIUM;9988;30;9986;14;;;10007.0;12;10009.0;10;;;9997.5;0.0
3;25600;INTARIAN_PEPPER_ROOT;17016;21;17013;9;;;17028.0;8;17031.0;11;;;17021.5;0.0
3;25700;ASH_COATED_OSMIUM;9996;13;;;;;10008.0;15;;;;;10002.5;0.0
3;25700;INTARIAN_PEPPER_ROOT;17020;9;17017;12;;;17036.0;12;17037.0;8;;;17027.5;0.0
3;25800;ASH_COATED_OSMIUM;9990;15;9987;11;9985;14;10006.0;14;10009.0;14;10012.0;11;9997.5;0.0
3;25800;INTARIAN_PEPPER_ROOT;17014;11;17013;11;;;17036.0;9;17037.0;8;;;17024.5;0.0
3;25900;ASH_COATED_OSMIUM;9990;11;9988;11;;;10006.0;22;10009.0;10;;;9997.5;0.0
3;25900;INTARIAN_PEPPER_ROOT;17020;15;17018;19;;;17033.0;11;17035.0;10;;;17026.0;0.0
3;26000;ASH_COATED_OSMIUM;9994;10;9992;4;;;10010.0;25;10013.0;10;;;10002.5;0.0
3;26000;INTARIAN_PEPPER_ROOT;17019;11;17017;11;17015;9;17032.0;11;17035.0;12;17037.0;8;17025.5;0.0
3;26100;ASH_COATED_OSMIUM;9994;10;9991;12;9989;11;10010.0;22;10012.0;12;10013.0;15;10002.5;0.0
3;26100;INTARIAN_PEPPER_ROOT;17018;12;17015;11;;;17033.0;3;17036.0;8;;;17026.0;0.0
3;26200;ASH_COATED_OSMIUM;9994;10;;;;;10010.0;12;;;;;10002.5;0.0
3;26200;INTARIAN_PEPPER_ROOT;17020;10;17019;9;;;17033.0;8;17035.0;10;;;17026.0;0.0
3;26300;ASH_COATED_OSMIUM;9994;3;9991;11;;;10010.0;22;10011.0;12;;;10002.5;0.0
3;26300;INTARIAN_PEPPER_ROOT;17016;3;17013;10;;;17028.0;3;17029.0;10;;;17022.5;0.0
3;26400;ASH_COATED_OSMIUM;9994;15;;;;;10012.0;14;;;;;10002.5;0.0
3;26400;INTARIAN_PEPPER_ROOT;17020;9;17018;12;;;17037.0;9;17038.0;11;;;17028.0;0.0
3;26500;ASH_COATED_OSMIUM;9994;30;;;;;10010.0;10;;;;;10002.5;0.0
3;26500;INTARIAN_PEPPER_ROOT;17018;9;17015;24;17013;18;17031.0;9;17033.0;9;17036.0;9;17024.5;0.0
3;26600;ASH_COATED_OSMIUM;9988;13;9985;13;9983;10;10007.0;25;10009.0;13;10011.0;11;9997.5;0.0
3;26600;INTARIAN_PEPPER_ROOT;17019;12;17018;11;;;17034.0;11;17036.0;19;;;17026.5;0.0
3;26700;ASH_COATED_OSMIUM;9988;13;9987;14;;;10007.0;30;10009.0;11;;;9997.5;0.0
3;26700;INTARIAN_PEPPER_ROOT;17023;11;17020;11;;;17036.0;12;17038.0;11;;;17029.5;0.0
3;26800;ASH_COATED_OSMIUM;9990;10;9988;14;;;10006.0;12;10009.0;13;;;9997.5;0.0
3;26800;INTARIAN_PEPPER_ROOT;17018;22;17016;12;;;17031.0;9;17033.0;8;;;17024.5;0.0
3;26900;ASH_COATED_OSMIUM;9990;8;9989;13;9987;13;10006.0;14;10008.0;13;10010.0;12;9997.5;0.0
3;26900;INTARIAN_PEPPER_ROOT;17016;12;;;;;17033.0;9;;;;;17024.5;0.0
3;27000;ASH_COATED_OSMIUM;9994;15;9993;11;;;10010.0;20;10011.0;10;;;10002.5;0.0
3;27000;INTARIAN_PEPPER_ROOT;17022;15;17019;9;17017;24;17036.0;19;17038.0;10;17039.0;23;17028.5;0.0
3;27100;ASH_COATED_OSMIUM;9994;23;9993;11;;;10012.0;12;10013.0;15;;;10002.5;0.0
3;27100;INTARIAN_PEPPER_ROOT;17018;12;17017;12;;;17036.0;10;17038.0;8;;;17027.5;0.0
3;27200;ASH_COATED_OSMIUM;9994;24;9991;23;9989;15;10012.0;13;10013.0;15;10014.0;13;10002.5;0.0
3;27200;INTARIAN_PEPPER_ROOT;17020;7;;;;;17034.0;10;;;;;17027.0;0.0
3;27300;ASH_COATED_OSMIUM;9990;14;9988;15;;;10006.0;3;10009.0;28;;;9997.5;0.0
3;27300;INTARIAN_PEPPER_ROOT;17024;12;17021;9;17018;11;17038.0;12;17040.0;12;17042.0;11;17031.0;0.0
3;27400;ASH_COATED_OSMIUM;9992;23;;;;;10013.0;10;;;;;10002.5;0.0
3;27400;INTARIAN_PEPPER_ROOT;17020;9;17018;10;;;17034.0;8;17037.0;11;;;17027.5;0.0
3;27500;ASH_COATED_OSMIUM;9992;10;9989;13;;;10003.0;13;10006.0;12;;;9997.5;0.0
3;27500;INTARIAN_PEPPER_ROOT;17020;8;17017;12;17014;24;17036.0;9;17037.0;9;17040.0;10;17028.0;0.0
3;27600;ASH_COATED_OSMIUM;9994;14;9992;4;;;10010.0;4;10012.0;11;;;10002.5;0.0
3;27600;INTARIAN_PEPPER_ROOT;17028;9;;;;;17045.0;12;;;;;17036.5;0.0
3;27700;ASH_COATED_OSMIUM;9990;10;9989;30;;;10006.0;28;10007.0;13;;;9997.5;0.0
3;27700;INTARIAN_PEPPER_ROOT;17022;10;17020;10;;;17037.0;12;17040.0;10;;;17030.0;0.0
3;27800;ASH_COATED_OSMIUM;9988;12;;;;;10007.0;10;;;;;9997.5;0.0
3;27800;INTARIAN_PEPPER_ROOT;17020;12;;;;;17035.0;8;;;;;17028.0;0.0
3;27900;ASH_COATED_OSMIUM;9994;13;;;;;10010.0;3;;;;;10002.5;0.0
3;27900;INTARIAN_PEPPER_ROOT;17016;20;17014;11;;;17034.0;8;17037.0;12;;;17025.0;0.0
3;28000;ASH_COATED_OSMIUM;9988;11;;;;;10006.0;13;;;;;9997.5;0.0
3;28000;INTARIAN_PEPPER_ROOT;17018;11;17016;16;17015;20;17030.0;12;17033.0;12;17036.0;11;17024.0;0.0
3;28100;ASH_COATED_OSMIUM;9990;15;9987;13;9984;14;10006.0;14;10008.0;15;10010.0;11;9997.5;0.0
3;28100;INTARIAN_PEPPER_ROOT;17022;10;17021;10;17019;10;17037.0;9;17040.0;16;17042.0;9;17030.0;0.0
3;28200;ASH_COATED_OSMIUM;9990;14;9988;10;9986;13;10006.0;13;10008.0;27;10011.0;12;9997.5;0.0
3;28200;INTARIAN_PEPPER_ROOT;17021;12;17020;12;;;17034.0;11;17035.0;19;;;17027.5;0.0
3;28300;ASH_COATED_OSMIUM;9994;20;9992;12;;;10010.0;15;10011.0;14;;;10002.5;0.0
3;28300;INTARIAN_PEPPER_ROOT;17026;8;17025;11;;;17038.0;9;17041.0;11;;;17031.5;0.0
3;28400;ASH_COATED_OSMIUM;9990;29;;;;;10006.0;11;;;;;9997.5;0.0
3;28400;INTARIAN_PEPPER_ROOT;17024;3;17021;8;;;17036.0;8;17039.0;11;;;17030.0;0.0
3;28500;ASH_COATED_OSMIUM;9994;10;;;;;10010.0;13;;;;;10002.5;0.0
3;28500;INTARIAN_PEPPER_ROOT;17021;12;17018;10;;;17034.0;8;17035.0;12;;;17027.5;0.0
3;28600;ASH_COATED_OSMIUM;9990;24;9987;11;;;10006.0;10;10007.0;12;;;9997.5;0.0
3;28600;INTARIAN_PEPPER_ROOT;17023;8;17020;12;;;17042.0;10;17043.0;8;;;17032.5;0.0
3;28700;ASH_COATED_OSMIUM;9988;13;9987;13;9984;13;10007.0;14;10010.0;13;10012.0;15;9997.5;0.0
3;28700;INTARIAN_PEPPER_ROOT;17020;23;17019;8;17017;8;17039.0;11;17041.0;8;17042.0;10;17029.0;0.0
3;28800;ASH_COATED_OSMIUM;9994;14;9993;12;;;10010.0;20;10013.0;12;;;10002.5;0.0
3;28800;INTARIAN_PEPPER_ROOT;17020;8;17017;10;17014;8;17035.0;12;17036.0;8;17037.0;9;17027.0;0.0
3;28900;ASH_COATED_OSMIUM;9994;14;9991;13;;;10000.0;26;10003.0;13;;;9997.5;0.0
3;28900;INTARIAN_PEPPER_ROOT;17023;8;17020;12;;;17039.0;11;17042.0;17;;;17031.0;0.0
3;29000;ASH_COATED_OSMIUM;9994;14;9993;15;9990;14;10010.0;15;10013.0;12;10014.0;14;10002.5;0.0
3;29000;INTARIAN_PEPPER_ROOT;17022;9;;;;;17034.0;8;;;;;17028.0;0.0
3;29100;ASH_COATED_OSMIUM;9992;15;9991;14;;;10013.0;12;10016.0;15;;;10002.5;0.0
3;29100;INTARIAN_PEPPER_ROOT;17022;12;17021;11;17018;11;17039.0;8;17040.0;10;17042.0;22;17030.5;0.0
3;29200;ASH_COATED_OSMIUM;9994;11;9991;13;9989;5;10012.0;12;10013.0;10;10014.0;22;10002.5;0.0
3;29200;INTARIAN_PEPPER_ROOT;17020;8;17018;10;;;17038.0;8;17039.0;12;;;17029.5;0.0
3;29300;ASH_COATED_OSMIUM;9994;12;9992;20;;;10010.0;13;10011.0;13;;;10002.5;0.0
3;29300;INTARIAN_PEPPER_ROOT;17020;8;;;;;17033.0;12;;;;;17026.5;0.0
3;29400;ASH_COATED_OSMIUM;9990;10;9987;13;9985;26;10006.0;28;10009.0;15;10012.0;14;9997.5;0.0
3;29400;INTARIAN_PEPPER_ROOT;17022;11;;;;;17039.0;11;;;;;17030.5;0.0
3;29500;ASH_COATED_OSMIUM;9990;14;9988;14;9987;15;10006.0;14;10008.0;26;10009.0;26;9997.5;0.0
3;29500;INTARIAN_PEPPER_ROOT;17030;10;17028;16;;;17043.0;11;17045.0;11;;;17036.5;0.0
3;29600;ASH_COATED_OSMIUM;9988;13;;;;;10006.0;14;;;;;9997.5;0.0
3;29600;INTARIAN_PEPPER_ROOT;17022;23;;;;;17036.0;10;;;;;17029.5;0.0
3;29700;ASH_COATED_OSMIUM;9994;27;9993;30;9990;11;10010.0;15;10013.0;12;10015.0;10;10002.5;0.0
3;29700;INTARIAN_PEPPER_ROOT;17024;9;17021;12;;;17036.0;9;17039.0;8;;;17030.0;0.0
3;29800;ASH_COATED_OSMIUM;9993;10;;;;;10002.0;30;;;;;9997.5;0.0
3;29800;INTARIAN_PEPPER_ROOT;17020;8;17017;12;;;17035.0;9;17037.0;11;;;17028.0;0.0
3;29900;ASH_COATED_OSMIUM;9990;13;9987;2;;;10006.0;12;10007.0;12;;;9997.5;0.0
3;29900;INTARIAN_PEPPER_ROOT;17022;11;17020;11;17018;11;17035.0;9;17036.0;10;17037.0;10;17028.5;0.0
3;30000;ASH_COATED_OSMIUM;9994;12;9992;11;;;10010.0;12;10013.0;12;;;10002.5;0.0
3;30000;INTARIAN_PEPPER_ROOT;17018;12;17016;11;;;17031.0;8;17032.0;9;;;17025.0;0.0
3;30100;ASH_COATED_OSMIUM;9994;15;;;;;10012.0;11;;;;;10002.5;0.0
3;30100;INTARIAN_PEPPER_ROOT;17024;12;17023;10;17021;20;17043.0;8;17045.0;10;17047.0;11;17033.5;0.0
3;30200;ASH_COATED_OSMIUM;9994;12;;;;;10010.0;22;;;;;10002.5;0.0
3;30200;INTARIAN_PEPPER_ROOT;17022;12;17021;19;;;17035.0;9;17038.0;12;;;17028.5;0.0
3;30300;ASH_COATED_OSMIUM;9998;14;9996;15;;;10008.0;22;10009.0;15;;;10002.5;0.0
3;30300;INTARIAN_PEPPER_ROOT;17023;8;17022;8;17021;10;17037.0;11;17039.0;8;17041.0;9;17030.0;0.0
3;30400;ASH_COATED_OSMIUM;9994;15;;;;;10010.0;14;;;;;10002.5;0.0
3;30400;INTARIAN_PEPPER_ROOT;17032;10;;;;;17036.0;16;;;;;17034.5;0.0
3;30500;ASH_COATED_OSMIUM;9994;12;9993;10;9992;10;10012.0;10;10015.0;10;10018.0;26;10002.5;0.0
3;30500;INTARIAN_PEPPER_ROOT;17024;10;17023;10;;;17037.0;9;17038.0;8;;;17031.0;0.0
3;30600;ASH_COATED_OSMIUM;9990;10;9987;13;;;10006.0;13;10008.0;29;;;9997.5;0.0
3;30600;INTARIAN_PEPPER_ROOT;17024;17;;;;;17038.0;9;;;;;17031.5;0.0
3;30700;ASH_COATED_OSMIUM;9994;25;9993;14;9991;10;10010.0;14;10012.0;12;10014.0;28;10002.5;0.0
3;30700;INTARIAN_PEPPER_ROOT;17029;9;17027;9;;;17042.0;11;17045.0;11;;;17035.5;0.0
3;30800;ASH_COATED_OSMIUM;9994;13;9992;15;;;10010.0;11;10012.0;10;;;10002.5;0.0
3;30800;INTARIAN_PEPPER_ROOT;17024;11;;;;;17038.0;12;;;;;17031.5;0.0
3;30900;ASH_COATED_OSMIUM;9990;11;9989;14;9988;12;10006.0;11;10007.0;15;10009.0;15;9997.5;0.0
3;30900;INTARIAN_PEPPER_ROOT;17022;11;17021;23;17019;6;17035.0;10;17037.0;12;17040.0;10;17028.0;0.0
3;31000;ASH_COATED_OSMIUM;9994;12;;;;;10010.0;14;;;;;10002.5;0.0
3;31000;INTARIAN_PEPPER_ROOT;17029;10;;;;;17036.0;11;;;;;17032.5;0.0
3;31100;ASH_COATED_OSMIUM;9994;14;9991;10;;;10012.0;23;10013.0;10;;;10002.5;0.0
3;31100;INTARIAN_PEPPER_ROOT;17019;12;;;;;17035.0;8;;;;;17027.0;0.0
3;31200;ASH_COATED_OSMIUM;9993;21;9990;12;9988;10;10012.0;29;10014.0;13;10015.0;14;10002.5;0.0
3;31200;INTARIAN_PEPPER_ROOT;17025;23;17024;12;;;17042.0;11;17044.0;25;;;17033.5;0.0
3;31300;ASH_COATED_OSMIUM;9990;12;9989;10;;;10006.0;15;10007.0;27;;;9997.5;0.0
3;31300;INTARIAN_PEPPER_ROOT;17028;11;17025;10;17024;10;17040.0;19;17043.0;11;17044.0;9;17034.0;0.0
3;31400;ASH_COATED_OSMIUM;9993;29;9990;14;9988;12;10012.0;26;10014.0;13;10015.0;26;10002.5;0.0
3;31400;INTARIAN_PEPPER_ROOT;17026;15;17023;12;;;17040.0;9;17041.0;10;;;17033.5;0.0
3;31500;ASH_COATED_OSMIUM;9994;12;9991;15;;;10010.0;11;10012.0;10;;;10002.5;0.0
3;31500;INTARIAN_PEPPER_ROOT;17036;10;17033;24;;;17041.0;8;17043.0;8;;;17038.0;0.0
3;31600;ASH_COATED_OSMIUM;9990;10;9989;13;;;10006.0;13;10007.0;26;;;9997.5;0.0
3;31600;INTARIAN_PEPPER_ROOT;17026;5;;;;;17041.0;12;;;;;17033.5;0.0
3;31700;ASH_COATED_OSMIUM;9988;5;9987;13;;;10006.0;14;10007.0;10;;;9997.5;0.0
3;31700;INTARIAN_PEPPER_ROOT;17024;12;17021;15;;;17032.0;8;17034.0;12;;;17028.5;0.0
3;31800;ASH_COATED_OSMIUM;9990;11;9989;27;;;10006.0;11;10008.0;24;;;9997.5;0.0
3;31800;INTARIAN_PEPPER_ROOT;17024;12;17023;21;17021;11;17040.0;8;17043.0;8;17046.0;8;17031.5;0.0
3;31900;ASH_COATED_OSMIUM;9994;15;9992;21;;;10010.0;30;10013.0;14;;;10002.5;0.0
3;31900;INTARIAN_PEPPER_ROOT;17016;10;17015;12;;;17033.0;10;17035.0;9;;;17025.0;0.0
3;32000;ASH_COATED_OSMIUM;9988;13;;;;;10007.0;10;;;;;9997.5;0.0
3;32000;INTARIAN_PEPPER_ROOT;17024;11;;;;;17037.0;20;;;;;17031.0;0.0
3;32100;ASH_COATED_OSMIUM;9990;10;9987;14;;;10006.0;12;10009.0;11;;;9997.5;0.0
3;32100;INTARIAN_PEPPER_ROOT;17026;9;17024;10;;;17040.0;20;17041.0;10;;;17033.5;0.0
3;32200;ASH_COATED_OSMIUM;9987;14;;;;;10008.0;10;;;;;9997.5;0.0
3;32200;INTARIAN_PEPPER_ROOT;17026;11;17025;8;17024;8;17045.0;8;17048.0;10;17051.0;12;17035.5;0.0
3;32300;ASH_COATED_OSMIUM;9990;12;9988;15;9986;14;10006.0;12;10009.0;15;10011.0;5;9997.5;0.0
3;32300;INTARIAN_PEPPER_ROOT;17024;10;;;;;17041.0;25;;;;;17032.0;0.0
3;32400;ASH_COATED_OSMIUM;9988;14;9987;12;9984;14;10006.0;10;10007.0;12;10008.0;10;9997.5;0.0
3;32400;INTARIAN_PEPPER_ROOT;17026;10;;;;;17041.0;8;;;;;17033.0;0.0
3;32500;ASH_COATED_OSMIUM;9988;15;9985;11;;;10007.0;12;10010.0;15;;;9997.5;0.0
3;32500;INTARIAN_PEPPER_ROOT;17028;12;17027;8;17024;11;17041.0;8;17042.0;11;17043.0;10;17034.0;0.0
3;32600;ASH_COATED_OSMIUM;9990;10;;;;;10006.0;14;;;;;9997.5;0.0
3;32600;INTARIAN_PEPPER_ROOT;17028;10;17026;9;;;17041.0;16;17042.0;21;;;17035.0;0.0
3;32700;ASH_COATED_OSMIUM;9988;12;;;;;10007.0;11;;;;;9997.5;0.0
3;32700;INTARIAN_PEPPER_ROOT;17027;9;17024;9;;;17040.0;12;17042.0;8;;;17033.5;0.0
3;32800;ASH_COATED_OSMIUM;9994;10;9992;10;;;10012.0;15;10013.0;11;;;10002.5;0.0
3;32800;INTARIAN_PEPPER_ROOT;17027;11;17024;20;;;17045.0;8;17048.0;10;;;17036.0;0.0
3;32900;ASH_COATED_OSMIUM;9994;14;9991;24;;;10010.0;11;10013.0;27;;;10002.5;0.0
3;32900;INTARIAN_PEPPER_ROOT;17027;4;17026;9;;;17041.0;10;17044.0;11;;;17034.0;0.0
3;33000;ASH_COATED_OSMIUM;9990;24;9988;12;9987;10;10006.0;29;10008.0;13;10010.0;11;9997.5;0.0
3;33000;INTARIAN_PEPPER_ROOT;17025;8;17022;11;17021;9;17038.0;10;17039.0;10;17040.0;8;17031.5;0.0
3;33100;ASH_COATED_OSMIUM;9990;10;9989;12;9986;5;10006.0;11;10008.0;12;10011.0;10;9997.5;0.0
3;33100;INTARIAN_PEPPER_ROOT;17029;8;17027;10;;;17036.0;8;17038.0;9;;;17032.5;0.0
3;33200;ASH_COATED_OSMIUM;9994;15;9993;11;9991;24;10012.0;11;10015.0;14;10018.0;12;10002.5;0.0
3;33200;INTARIAN_PEPPER_ROOT;17024;11;17021;11;17018;10;17039.0;11;17042.0;9;17044.0;12;17031.5;0.0
3;33300;ASH_COATED_OSMIUM;9994;13;9991;11;9988;14;10010.0;15;10013.0;11;10015.0;20;10002.5;0.0
3;33300;INTARIAN_PEPPER_ROOT;17032;12;;;;;17047.0;19;;;;;17039.5;0.0
3;33400;ASH_COATED_OSMIUM;9994;11;9993;11;;;10010.0;11;10011.0;13;;;10002.5;0.0
3;33400;INTARIAN_PEPPER_ROOT;17030;8;17028;8;17026;12;17047.0;10;17049.0;10;17052.0;10;17038.0;0.0
3;33500;ASH_COATED_OSMIUM;9994;25;9993;27;;;10010.0;12;10011.0;12;;;10002.5;0.0
3;33500;INTARIAN_PEPPER_ROOT;17027;10;;;;;17040.0;9;;;;;17033.5;0.0
3;33600;ASH_COATED_OSMIUM;9990;21;9987;25;9985;11;10006.0;14;10009.0;14;10012.0;14;9997.5;0.0
3;33600;INTARIAN_PEPPER_ROOT;17029;19;17028;8;;;17041.0;9;17044.0;11;;;17035.0;0.0
3;33700;ASH_COATED_OSMIUM;9993;15;9991;15;;;10012.0;11;10015.0;25;;;10002.5;0.0
3;33700;INTARIAN_PEPPER_ROOT;17028;8;17026;19;;;17041.0;20;17042.0;11;;;17034.0;0.0
3;33800;ASH_COATED_OSMIUM;9990;10;9988;15;;;10006.0;13;10007.0;14;;;9997.5;0.0
3;33800;INTARIAN_PEPPER_ROOT;17022;8;;;;;17037.0;10;;;;;17030.0;0.0
3;33900;ASH_COATED_OSMIUM;9990;13;;;;;10006.0;14;;;;;9997.5;0.0
3;33900;INTARIAN_PEPPER_ROOT;17023;23;17022;8;;;17033.0;11;17036.0;11;;;17028.0;0.0
3;34000;ASH_COATED_OSMIUM;9988;13;;;;;10006.0;14;;;;;9997.5;0.0
3;34000;INTARIAN_PEPPER_ROOT;17023;24;17022;12;;;17038.0;8;17041.0;12;;;17030.5;0.0
3;34100;ASH_COATED_OSMIUM;9992;12;9989;15;;;10004.0;13;10005.0;15;;;9997.5;0.0
3;34100;INTARIAN_PEPPER_ROOT;17026;12;;;;;17038.0;11;;;;;17031.5;0.0
3;34200;ASH_COATED_OSMIUM;9992;26;9989;12;;;10002.0;9;10004.0;13;;;9997.5;0.0
3;34200;INTARIAN_PEPPER_ROOT;17026;11;17023;17;;;17040.0;11;17042.0;11;;;17033.5;0.0
3;34300;ASH_COATED_OSMIUM;9994;14;9992;15;;;10012.0;14;10015.0;27;;;10002.5;0.0
3;34300;INTARIAN_PEPPER_ROOT;17024;10;17023;10;17020;11;17043.0;21;17044.0;11;17045.0;8;17033.5;0.0
3;34400;ASH_COATED_OSMIUM;9993;14;;;;;10002.0;13;;;;;9997.5;0.0
3;34400;INTARIAN_PEPPER_ROOT;17032;12;17030;11;;;17046.0;9;17048.0;12;;;17039.5;0.0
3;34500;ASH_COATED_OSMIUM;9990;11;9988;20;9986;12;10006.0;10;10007.0;11;10008.0;25;9997.5;0.0
3;34500;INTARIAN_PEPPER_ROOT;17027;25;17024;10;;;17042.0;12;17043.0;24;;;17034.5;0.0
3;34600;ASH_COATED_OSMIUM;9988;14;;;;;10007.0;15;;;;;9997.5;0.0
3;34600;INTARIAN_PEPPER_ROOT;17030;8;17028;9;17025;9;17042.0;12;17045.0;9;17046.0;12;17036.5;0.0
3;34700;ASH_COATED_OSMIUM;9994;13;9992;20;9990;14;10010.0;29;10013.0;13;10016.0;13;10002.5;0.0
3;34700;INTARIAN_PEPPER_ROOT;17029;16;17027;10;;;17043.0;10;17044.0;9;;;17036.0;0.0
3;34800;ASH_COATED_OSMIUM;9990;10;9989;11;;;10006.0;25;10007.0;15;;;9997.5;0.0
3;34800;INTARIAN_PEPPER_ROOT;17031;11;17030;12;;;17045.0;11;17047.0;9;;;17038.0;0.0
3;34900;ASH_COATED_OSMIUM;9994;13;;;;;10010.0;29;;;;;10002.5;0.0
3;34900;INTARIAN_PEPPER_ROOT;17032;10;;;;;17045.0;12;;;;;17039.0;0.0
3;35000;ASH_COATED_OSMIUM;9988;5;9986;14;9983;10;10006.0;10;10007.0;15;10009.0;10;9997.5;0.0
3;35000;INTARIAN_PEPPER_ROOT;17018;9;;;;;17030.0;11;;;;;17024.5;0.0
3;35100;ASH_COATED_OSMIUM;9994;12;9992;13;9989;13;10012.0;27;10013.0;30;10016.0;15;10002.5;0.0
3;35100;INTARIAN_PEPPER_ROOT;17028;22;;;;;17042.0;9;;;;;17034.5;0.0
3;35200;ASH_COATED_OSMIUM;9990;12;9989;13;;;10006.0;15;10007.0;11;;;9997.5;0.0
3;35200;INTARIAN_PEPPER_ROOT;17031;10;;;;;17043.0;10;;;;;17037.0;0.0
3;35300;ASH_COATED_OSMIUM;9994;10;;;;;10010.0;13;;;;;10002.5;0.0
3;35300;INTARIAN_PEPPER_ROOT;17026;9;17024;9;;;17040.0;8;17041.0;9;;;17032.5;0.0
3;35400;ASH_COATED_OSMIUM;9988;27;;;;;10007.0;10;;;;;9997.5;0.0
3;35400;INTARIAN_PEPPER_ROOT;17030;9;;;;;17043.0;10;;;;;17036.5;0.0
3;35500;ASH_COATED_OSMIUM;9990;28;9987;10;;;10006.0;15;10007.0;15;;;9997.5;0.0
3;35500;INTARIAN_PEPPER_ROOT;17026;16;17025;11;17024;9;17041.0;9;17042.0;9;17044.0;23;17033.5;0.0
3;35600;ASH_COATED_OSMIUM;9990;13;9988;12;;;10006.0;15;10009.0;10;;;9997.5;0.0
3;35600;INTARIAN_PEPPER_ROOT;17028;10;17025;11;;;17040.0;9;17041.0;10;;;17033.5;0.0
3;35700;ASH_COATED_OSMIUM;9999;14;9998;13;9995;11;10006.0;15;10007.0;13;10010.0;15;10002.5;0.0
3;35700;INTARIAN_PEPPER_ROOT;17027;19;;;;;17048.0;8;;;;;17037.5;0.0
3;35800;ASH_COATED_OSMIUM;9994;15;9992;13;;;10010.0;10;10013.0;20;;;10002.5;0.0
3;35800;INTARIAN_PEPPER_ROOT;17030;16;17029;12;;;17044.0;8;17045.0;10;;;17036.5;0.0
3;35900;ASH_COATED_OSMIUM;9990;15;9989;12;;;10006.0;15;10008.0;11;;;9997.5;0.0
3;35900;INTARIAN_PEPPER_ROOT;17028;23;17027;10;;;17043.0;9;17045.0;10;;;17035.0;0.0
3;36000;ASH_COATED_OSMIUM;9994;15;9992;12;;;10010.0;25;10013.0;12;;;10002.5;0.0
3;36000;INTARIAN_PEPPER_ROOT;17020;8;17018;9;17016;11;17038.0;9;17040.0;8;17041.0;12;17029.0;0.0
3;36100;ASH_COATED_OSMIUM;9990;14;9987;14;;;10006.0;12;10007.0;10;;;9997.5;0.0
3;36100;INTARIAN_PEPPER_ROOT;17028;12;17025;10;17022;15;17045.0;9;17047.0;24;17049.0;8;17036.0;0.0
3;36200;ASH_COATED_OSMIUM;9994;12;;;;;10010.0;23;;;;;10002.5;0.0
3;36200;INTARIAN_PEPPER_ROOT;17026;10;17024;12;;;17045.0;11;17047.0;11;;;17035.5;0.0
3;36300;ASH_COATED_OSMIUM;9994;11;9993;13;;;10010.0;15;10011.0;13;;;10002.5;0.0
3;36300;INTARIAN_PEPPER_ROOT;17030;25;;;;;17036.0;9;;;;;17033.5;0.0
3;36400;ASH_COATED_OSMIUM;9988;12;9987;15;;;10006.0;11;10007.0;15;;;9997.5;0.0
3;36400;INTARIAN_PEPPER_ROOT;17030;12;;;;;17044.0;10;;;;;17037.5;0.0
3;36500;ASH_COATED_OSMIUM;9990;13;9988;12;;;10006.0;11;10007.0;26;;;9997.5;0.0
3;36500;INTARIAN_PEPPER_ROOT;17038;10;;;;;17042.0;20;;;;;17039.5;0.0
3;36600;ASH_COATED_OSMIUM;9994;9;9992;15;;;10010.0;12;10013.0;14;;;10002.5;0.0
3;36600;INTARIAN_PEPPER_ROOT;17028;8;17026;19;;;17045.0;19;17046.0;8;;;17036.5;0.0
3;36700;ASH_COATED_OSMIUM;9990;12;;;;;10006.0;11;;;;;9997.5;0.0
3;36700;INTARIAN_PEPPER_ROOT;17030;9;;;;;17044.0;9;;;;;17037.0;0.0
3;36800;ASH_COATED_OSMIUM;9990;10;9988;12;;;10006.0;15;10009.0;11;;;9997.5;0.0
3;36800;INTARIAN_PEPPER_ROOT;17029;12;17027;3;;;17046.0;11;17048.0;8;;;17037.5;0.0
3;36900;ASH_COATED_OSMIUM;9994;14;9992;12;;;10010.0;12;10011.0;15;;;10002.5;0.0
3;36900;INTARIAN_PEPPER_ROOT;17028;8;17025;10;17022;9;17043.0;16;17046.0;8;17047.0;12;17035.5;0.0
3;37000;ASH_COATED_OSMIUM;9990;12;9989;13;;;10006.0;14;10008.0;15;;;9997.5;0.0
3;37000;INTARIAN_PEPPER_ROOT;17029;10;17028;12;;;17048.0;11;17049.0;10;;;17038.5;0.0
3;37100;ASH_COATED_OSMIUM;9994;15;9992;13;9991;15;10010.0;12;10013.0;11;10014.0;12;10002.5;0.0
3;37100;INTARIAN_PEPPER_ROOT;17028;11;17026;10;;;17040.0;12;17042.0;12;;;17034.5;0.0
3;37200;ASH_COATED_OSMIUM;9994;23;9992;26;9991;21;10010.0;21;10013.0;10;10016.0;14;10002.5;0.0
3;37200;INTARIAN_PEPPER_ROOT;17028;11;;;;;17040.0;11;;;;;17034.0;0.0
3;37300;ASH_COATED_OSMIUM;9994;14;9993;12;9990;14;10012.0;15;10015.0;14;10016.0;12;10002.5;0.0
3;37300;INTARIAN_PEPPER_ROOT;17028;8;17026;9;;;17045.0;8;17048.0;12;;;17036.5;0.0
3;37400;ASH_COATED_OSMIUM;9990;30;9987;3;;;10006.0;11;10009.0;15;;;9997.5;0.0
3;37400;INTARIAN_PEPPER_ROOT;17030;9;17029;9;;;17045.0;11;17046.0;8;;;17038.0;0.0
3;37500;ASH_COATED_OSMIUM;9990;21;9988;10;;;10006.0;11;10009.0;28;;;9997.5;0.0
3;37500;INTARIAN_PEPPER_ROOT;17030;12;;;;;17045.0;12;;;;;17037.5;0.0
3;37600;ASH_COATED_OSMIUM;9998;12;;;;;10007.0;15;;;;;10002.5;0.0
3;37600;INTARIAN_PEPPER_ROOT;17030;9;17029;8;17028;10;17045.0;8;17046.0;11;17047.0;12;17037.0;0.0
3;37700;ASH_COATED_OSMIUM;9993;10;9990;11;;;10012.0;10;10014.0;12;;;10002.5;0.0
3;37700;INTARIAN_PEPPER_ROOT;17032;9;17029;11;;;17049.0;9;17052.0;12;;;17040.0;0.0
3;37800;ASH_COATED_OSMIUM;9990;10;;;;;10006.0;11;;;;;9997.5;0.0
3;37800;INTARIAN_PEPPER_ROOT;17031;9;;;;;17043.0;7;;;;;17037.0;0.0
3;37900;ASH_COATED_OSMIUM;9994;15;9992;9;;;10001.0;13;10004.0;14;;;9997.5;0.0
3;37900;INTARIAN_PEPPER_ROOT;17032;20;17030;8;17027;12;17047.0;10;17048.0;8;17051.0;8;17040.0;0.0
3;38000;ASH_COATED_OSMIUM;9990;12;9989;13;9986;11;10006.0;15;10008.0;15;10009.0;11;9997.5;0.0
3;38000;INTARIAN_PEPPER_ROOT;17032;10;;;;;17047.0;8;;;;;17039.5;0.0
3;38100;ASH_COATED_OSMIUM;9990;13;;;;;10006.0;11;;;;;9997.5;0.0
3;38100;INTARIAN_PEPPER_ROOT;17030;22;17028;15;;;17042.0;11;17045.0;8;;;17036.5;0.0
3;38200;ASH_COATED_OSMIUM;9994;10;9993;10;;;10010.0;11;10011.0;11;;;10002.5;0.0
3;38200;INTARIAN_PEPPER_ROOT;17028;11;17025;22;17022;8;17045.0;21;17046.0;8;17048.0;9;17037.0;0.0
3;38300;ASH_COATED_OSMIUM;9990;10;9987;10;;;10006.0;14;10008.0;29;;;9997.5;0.0
3;38300;INTARIAN_PEPPER_ROOT;17032;9;;;;;17044.0;11;;;;;17038.0;0.0
3;38400;ASH_COATED_OSMIUM;9993;12;;;;;10012.0;14;;;;;10002.5;0.0
3;38400;INTARIAN_PEPPER_ROOT;17028;12;17025;11;17024;10;17046.0;8;17049.0;12;17052.0;10;17037.5;0.0
3;38500;ASH_COATED_OSMIUM;9997;14;9996;13;;;10008.0;12;10010.0;12;;;10002.5;0.0
3;38500;INTARIAN_PEPPER_ROOT;17034;12;17032;8;;;17047.0;9;17050.0;16;;;17040.5;0.0
3;38600;ASH_COATED_OSMIUM;9994;12;;;;;10010.0;15;;;;;10002.5;0.0
3;38600;INTARIAN_PEPPER_ROOT;17035;11;;;;;17054.0;8;;;;;17044.5;0.0
3;38700;ASH_COATED_OSMIUM;9993;21;9991;13;;;10012.0;14;10015.0;6;;;10002.5;0.0
3;38700;INTARIAN_PEPPER_ROOT;17035;8;17033;11;;;17048.0;11;17051.0;10;;;17041.5;0.0
3;38800;ASH_COATED_OSMIUM;10000;14;9999;4;;;10006.0;14;10009.0;10;;;10002.5;0.0
3;38800;INTARIAN_PEPPER_ROOT;17025;12;17022;23;;;17042.0;12;17044.0;11;;;17033.5;0.0
3;38900;ASH_COATED_OSMIUM;9994;15;9991;15;;;10010.0;15;10012.0;15;;;10002.5;0.0
3;38900;INTARIAN_PEPPER_ROOT;17033;10;17030;12;;;17049.0;10;17052.0;8;;;17041.0;0.0
3;39000;ASH_COATED_OSMIUM;9993;11;;;;;10012.0;25;;;;;10002.5;0.0
3;39000;INTARIAN_PEPPER_ROOT;17030;25;17029;8;;;17044.0;23;17045.0;10;;;17037.5;0.0
3;39100;ASH_COATED_OSMIUM;9994;13;;;;;10010.0;13;;;;;10002.5;0.0
3;39100;INTARIAN_PEPPER_ROOT;17031;10;17028;9;;;17047.0;10;17050.0;11;;;17039.0;0.0
3;39200;ASH_COATED_OSMIUM;9990;29;9989;22;9986;12;10006.0;11;10007.0;13;10010.0;15;9997.5;0.0
3;39200;INTARIAN_PEPPER_ROOT;17034;9;;;;;17049.0;12;;;;;17041.5;0.0
3;39300;ASH_COATED_OSMIUM;9988;14;;;;;10007.0;21;;;;;9997.5;0.0
3;39300;INTARIAN_PEPPER_ROOT;17024;8;;;;;17038.0;11;;;;;17031.0;0.0
3;39400;ASH_COATED_OSMIUM;9994;11;;;;;10010.0;10;;;;;10002.5;0.0
3;39400;INTARIAN_PEPPER_ROOT;17032;8;17031;9;17029;8;17045.0;10;17047.0;12;17048.0;7;17039.0;0.0
3;39500;ASH_COATED_OSMIUM;9988;12;9985;13;;;10006.0;12;10007.0;4;;;9997.5;0.0
3;39500;INTARIAN_PEPPER_ROOT;17032;12;;;;;17047.0;12;;;;;17040.0;0.0
3;39600;ASH_COATED_OSMIUM;9998;11;9997;11;9994;13;10007.0;29;10008.0;13;10009.0;11;10002.5;0.0
3;39600;INTARIAN_PEPPER_ROOT;17030;8;17027;9;;;17044.0;10;17047.0;10;;;17037.5;0.0
3;39700;ASH_COATED_OSMIUM;9994;14;9993;10;;;10010.0;15;10012.0;22;;;10002.5;0.0
3;39700;INTARIAN_PEPPER_ROOT;17031;11;17028;10;;;17047.0;12;17049.0;9;;;17039.0;0.0
3;39800;ASH_COATED_OSMIUM;9988;14;;;;;10007.0;10;;;;;9997.5;0.0
3;39800;INTARIAN_PEPPER_ROOT;17033;10;17031;8;17029;11;17047.0;10;17050.0;12;17052.0;9;17040.0;0.0
3;39900;ASH_COATED_OSMIUM;9990;13;9989;13;9987;8;10006.0;2;10008.0;14;10010.0;11;9997.5;0.0
3;39900;INTARIAN_PEPPER_ROOT;17034;23;;;;;17049.0;12;;;;;17041.0;0.0
3;40000;ASH_COATED_OSMIUM;9988;13;9987;14;9984;13;10007.0;11;10009.0;10;10011.0;14;9997.5;0.0
3;40000;INTARIAN_PEPPER_ROOT;17038;11;;;;;17054.0;10;;;;;17046.0;0.0
3;40100;ASH_COATED_OSMIUM;9990;10;9988;12;9986;15;10006.0;12;10009.0;12;10010.0;14;9997.5;0.0
3;40100;INTARIAN_PEPPER_ROOT;17032;11;17031;9;17029;8;17046.0;12;17048.0;8;17051.0;9;17038.5;0.0
3;40200;ASH_COATED_OSMIUM;9990;14;;;;;10006.0;13;;;;;9997.5;0.0
3;40200;INTARIAN_PEPPER_ROOT;17030;25;;;;;17048.0;18;;;;;17039.5;0.0
3;40300;ASH_COATED_OSMIUM;9994;11;9993;13;9992;29;10012.0;21;10015.0;10;10018.0;2;10002.5;0.0
3;40300;INTARIAN_PEPPER_ROOT;17036;11;17035;10;17033;12;17049.0;17;17051.0;10;17054.0;10;17042.0;0.0
3;40400;ASH_COATED_OSMIUM;9988;15;;;;;10007.0;11;;;;;9997.5;0.0
3;40400;INTARIAN_PEPPER_ROOT;17035;8;;;;;17049.0;9;;;;;17042.0;0.0
3;40500;ASH_COATED_OSMIUM;9990;12;;;;;10006.0;26;;;;;9997.5;0.0
3;40500;INTARIAN_PEPPER_ROOT;17032;8;;;;;17044.0;18;;;;;17038.5;0.0
3;40600;ASH_COATED_OSMIUM;9994;11;9992;12;9991;15;10010.0;13;10013.0;15;10015.0;15;10002.5;0.0
3;40600;INTARIAN_PEPPER_ROOT;17032;9;17031;11;;;17046.0;9;17048.0;12;;;17039.5;0.0
3;40700;ASH_COATED_OSMIUM;9988;10;9985;13;;;10007.0;10;10010.0;15;;;9997.5;0.0
3;40700;INTARIAN_PEPPER_ROOT;17042;12;17040;15;;;17057.0;11;17058.0;9;;;17049.0;0.0
3;40800;ASH_COATED_OSMIUM;9994;12;9992;14;;;10010.0;13;10013.0;15;;;10002.5;0.0
3;40800;INTARIAN_PEPPER_ROOT;17030;11;17029;10;17026;9;17046.0;11;17048.0;11;17051.0;11;17038.5;0.0
3;40900;ASH_COATED_OSMIUM;9990;28;9987;12;;;10006.0;10;10008.0;15;;;9997.5;0.0
3;40900;INTARIAN_PEPPER_ROOT;17035;9;17034;10;;;17048.0;8;17051.0;11;;;17041.5;0.0
3;41000;ASH_COATED_OSMIUM;9990;14;;;;;10006.0;12;;;;;9997.5;0.0
3;41000;INTARIAN_PEPPER_ROOT;17031;9;;;;;17046.0;8;;;;;17038.5;0.0
3;41100;ASH_COATED_OSMIUM;9990;26;9988;12;;;10006.0;10;10007.0;13;;;9997.5;0.0
3;41100;INTARIAN_PEPPER_ROOT;17028;9;;;;;17044.0;8;;;;;17036.5;0.0
3;41200;ASH_COATED_OSMIUM;9990;23;9989;10;9987;27;10006.0;15;10008.0;24;10010.0;11;9997.5;0.0
3;41200;INTARIAN_PEPPER_ROOT;17034;8;17031;10;;;17049.0;12;17051.0;10;;;17041.5;0.0
3;41300;ASH_COATED_OSMIUM;9990;24;9989;11;9987;11;10006.0;14;10008.0;13;10010.0;27;9997.5;0.0
3;41300;INTARIAN_PEPPER_ROOT;17034;9;17032;10;;;17048.0;10;17049.0;8;;;17041.5;0.0
3;41400;ASH_COATED_OSMIUM;9994;11;9991;10;;;10010.0;5;10012.0;5;;;10002.5;0.0
3;41400;INTARIAN_PEPPER_ROOT;17036;11;17034;8;;;17048.0;12;17049.0;11;;;17041.5;0.0
3;41500;ASH_COATED_OSMIUM;9988;15;9986;15;9984;14;10006.0;15;10008.0;15;10009.0;13;9997.5;0.0
3;41500;INTARIAN_PEPPER_ROOT;17038;25;;;;;17053.0;10;;;;;17046.0;0.0
3;41600;ASH_COATED_OSMIUM;9990;13;;;;;10006.0;3;;;;;9997.5;0.0
3;41600;INTARIAN_PEPPER_ROOT;17038;20;;;;;17051.0;10;;;;;17044.0;0.0
3;41700;ASH_COATED_OSMIUM;9994;3;9992;12;9989;10;10010.0;10;10011.0;12;10013.0;12;10002.5;0.0
3;41700;INTARIAN_PEPPER_ROOT;17040;12;17039;22;;;17052.0;24;17055.0;9;;;17045.5;0.0
3;41800;ASH_COATED_OSMIUM;9994;12;9991;5;9989;13;10010.0;10;10013.0;10;10016.0;14;10002.5;0.0
3;41800;INTARIAN_PEPPER_ROOT;17034;21;17031;9;17028;9;17052.0;8;17055.0;10;17057.0;10;17043.5;0.0
3;41900;ASH_COATED_OSMIUM;9994;15;9993;13;9990;12;10010.0;15;10011.0;12;10012.0;10;10002.5;0.0
3;41900;INTARIAN_PEPPER_ROOT;17035;10;;;;;17049.0;10;;;;;17042.0;0.0
3;42000;ASH_COATED_OSMIUM;9990;14;9988;14;;;10006.0;11;10009.0;10;;;9997.5;0.0
3;42000;INTARIAN_PEPPER_ROOT;17036;10;;;;;17049.0;17;;;;;17042.5;0.0
3;42100;ASH_COATED_OSMIUM;9993;14;;;;;10012.0;4;;;;;10002.5;0.0
3;42100;INTARIAN_PEPPER_ROOT;17036;12;;;;;17049.0;8;;;;;17042.5;0.0
3;42200;ASH_COATED_OSMIUM;9994;10;9993;14;;;10012.0;10;10014.0;23;;;10002.5;0.0
3;42200;INTARIAN_PEPPER_ROOT;17038;8;17037;8;;;17052.0;17;17055.0;9;;;17045.0;0.0
3;42300;ASH_COATED_OSMIUM;9990;3;;;;;10006.0;11;;;;;9997.5;0.0
3;42300;INTARIAN_PEPPER_ROOT;17029;23;17028;9;;;17046.0;10;17049.0;22;;;17037.5;0.0
3;42400;ASH_COATED_OSMIUM;9994;21;9991;13;;;10010.0;14;10012.0;14;;;10002.5;0.0
3;42400;INTARIAN_PEPPER_ROOT;17040;25;17037;9;;;17054.0;11;17055.0;12;;;17047.5;0.0
3;42500;ASH_COATED_OSMIUM;9993;20;9992;13;9990;11;10012.0;12;10015.0;12;10018.0;27;10002.5;0.0
3;42500;INTARIAN_PEPPER_ROOT;17037;8;17035;4;;;17052.0;10;17053.0;21;;;17044.5;0.0
3;42600;ASH_COATED_OSMIUM;9993;15;;;;;10012.0;15;;;;;10002.5;0.0
3;42600;INTARIAN_PEPPER_ROOT;17034;12;17032;12;;;17049.0;11;17050.0;10;;;17042.0;0.0
3;42700;ASH_COATED_OSMIUM;9994;22;9991;10;9990;14;10002.0;11;10004.0;15;10005.0;11;9997.5;0.0
3;42700;INTARIAN_PEPPER_ROOT;17038;9;;;;;17056.0;12;;;;;17047.0;0.0
3;42800;ASH_COATED_OSMIUM;9994;12;9993;13;;;10010.0;12;10011.0;14;;;10002.5;0.0
3;42800;INTARIAN_PEPPER_ROOT;17039;9;17038;11;;;17052.0;11;17055.0;10;;;17045.5;0.0
3;42900;ASH_COATED_OSMIUM;9988;13;9987;13;;;10006.0;13;10009.0;15;;;9997.5;0.0
3;42900;INTARIAN_PEPPER_ROOT;17034;12;17033;11;;;17047.0;10;17050.0;11;;;17040.5;0.0
3;43000;ASH_COATED_OSMIUM;9990;13;9989;10;9986;13;10006.0;13;10007.0;13;10010.0;24;9997.5;0.0
3;43000;INTARIAN_PEPPER_ROOT;17038;10;;;;;17054.0;8;;;;;17045.5;0.0
3;43100;ASH_COATED_OSMIUM;9994;13;9992;13;9991;13;10012.0;30;10013.0;12;10016.0;14;10002.5;0.0
3;43100;INTARIAN_PEPPER_ROOT;17034;24;;;;;17047.0;12;;;;;17040.5;0.0
3;43200;ASH_COATED_OSMIUM;9990;10;;;;;10006.0;12;;;;;9997.5;0.0
3;43200;INTARIAN_PEPPER_ROOT;17036;8;17033;8;;;17051.0;12;17053.0;11;;;17043.0;0.0
3;43300;ASH_COATED_OSMIUM;9994;10;;;;;10010.0;13;;;;;10002.5;0.0
3;43300;INTARIAN_PEPPER_ROOT;17036;8;;;;;17053.0;8;;;;;17044.5;0.0
3;43400;ASH_COATED_OSMIUM;9993;10;9992;15;9990;14;10002.0;12;10003.0;24;10006.0;29;9997.5;0.0
3;43400;INTARIAN_PEPPER_ROOT;17036;22;;;;;17051.0;8;;;;;17043.0;0.0
3;43500;ASH_COATED_OSMIUM;9990;14;9989;10;9987;14;10006.0;12;10008.0;25;10011.0;15;9997.5;0.0
3;43500;INTARIAN_PEPPER_ROOT;17040;9;17038;8;;;17053.0;9;17056.0;19;;;17047.0;0.0
3;43600;ASH_COATED_OSMIUM;9994;15;;;;;10010.0;14;;;;;10002.5;0.0
3;43600;INTARIAN_PEPPER_ROOT;17034;8;17032;10;;;17049.0;8;17052.0;12;;;17041.5;0.0
3;43700;ASH_COATED_OSMIUM;9988;13;9987;5;;;10007.0;14;10009.0;10;;;9997.5;0.0
3;43700;INTARIAN_PEPPER_ROOT;17036;8;17034;16;;;17050.0;10;17053.0;12;;;17042.5;0.0
3;43800;ASH_COATED_OSMIUM;9990;10;9988;14;;;10006.0;11;10008.0;14;;;9997.5;0.0
3;43800;INTARIAN_PEPPER_ROOT;17035;20;;;;;17048.0;10;;;;;17041.5;0.0
3;43900;ASH_COATED_OSMIUM;9994;14;9993;10;9992;13;10012.0;22;10014.0;10;10016.0;2;10002.5;0.0
3;43900;INTARIAN_PEPPER_ROOT;17038;21;17035;11;17034;12;17051.0;11;17053.0;9;17056.0;10;17044.5;0.0
3;44000;ASH_COATED_OSMIUM;9994;15;9992;24;9991;12;10010.0;29;10012.0;14;10013.0;11;10002.5;0.0
3;44000;INTARIAN_PEPPER_ROOT;17038;16;17035;12;17034;25;17051.0;18;17054.0;12;17056.0;22;17044.0;0.0
3;44100;ASH_COATED_OSMIUM;9994;11;9991;13;9989;30;10010.0;11;10012.0;14;10013.0;14;10002.5;0.0
3;44100;INTARIAN_PEPPER_ROOT;17035;12;17032;8;;;17050.0;10;17051.0;11;;;17042.5;0.0
3;44200;ASH_COATED_OSMIUM;9988;11;9987;14;;;10007.0;11;10008.0;27;;;9997.5;0.0
3;44200;INTARIAN_PEPPER_ROOT;17044;10;17041;11;;;17057.0;10;17060.0;10;;;17050.0;0.0
3;44300;ASH_COATED_OSMIUM;9990;20;9989;14;9986;15;10006.0;15;10007.0;14;10009.0;10;9997.5;0.0
3;44300;INTARIAN_PEPPER_ROOT;17034;8;;;;;17049.0;15;;;;;17041.5;0.0
3;44400;ASH_COATED_OSMIUM;9994;10;9991;27;9988;14;10010.0;11;10012.0;21;10013.0;12;10002.5;0.0
3;44400;INTARIAN_PEPPER_ROOT;17038;22;;;;;17050.0;9;;;;;17044.0;0.0
3;44500;ASH_COATED_OSMIUM;9994;11;9991;12;9989;12;10010.0;11;10011.0;15;10012.0;4;10002.5;0.0
3;44500;INTARIAN_PEPPER_ROOT;17038;10;;;;;17051.0;10;;;;;17045.0;0.0
3;44600;ASH_COATED_OSMIUM;9990;25;9989;11;9987;11;10006.0;14;10007.0;12;10010.0;21;9997.5;0.0
3;44600;INTARIAN_PEPPER_ROOT;17038;10;17037;8;;;17052.0;12;17053.0;8;;;17045.0;0.0
3;44700;ASH_COATED_OSMIUM;9988;12;;;;;10007.0;11;;;;;9997.5;0.0
3;44700;INTARIAN_PEPPER_ROOT;17044;12;17043;9;;;17051.0;17;17052.0;10;;;17048.0;0.0
3;44800;ASH_COATED_OSMIUM;9993;14;9990;14;;;10012.0;10;10014.0;20;;;10002.5;0.0
3;44800;INTARIAN_PEPPER_ROOT;17040;11;17037;8;;;17054.0;9;17056.0;10;;;17047.0;0.0
3;44900;ASH_COATED_OSMIUM;9990;21;9988;12;9986;15;10006.0;14;10007.0;30;10008.0;10;9997.5;0.0
3;44900;INTARIAN_PEPPER_ROOT;17038;11;17035;12;;;17052.0;15;17053.0;17;;;17044.5;0.0
3;45000;ASH_COATED_OSMIUM;9994;11;9991;11;9988;15;10010.0;14;10013.0;26;10014.0;5;10002.5;0.0
3;45000;INTARIAN_PEPPER_ROOT;17034;11;17033;9;;;17049.0;11;17052.0;12;;;17041.0;0.0
3;45100;ASH_COATED_OSMIUM;9994;12;;;;;10012.0;14;;;;;10002.5;0.0
3;45100;INTARIAN_PEPPER_ROOT;17039;12;17038;9;17037;12;17053.0;20;17054.0;10;17057.0;10;17046.0;0.0
3;45200;ASH_COATED_OSMIUM;9990;22;9987;11;;;10006.0;12;10007.0;15;;;9997.5;0.0
3;45200;INTARIAN_PEPPER_ROOT;17036;11;;;;;17054.0;10;;;;;17045.5;0.0
3;45300;ASH_COATED_OSMIUM;9994;2;9992;25;;;10010.0;25;10013.0;11;;;10002.5;0.0
3;45300;INTARIAN_PEPPER_ROOT;17036;8;17033;9;;;17052.0;10;17053.0;10;;;17044.0;0.0
3;45400;ASH_COATED_OSMIUM;9994;12;;;;;10010.0;14;;;;;10002.5;0.0
3;45400;INTARIAN_PEPPER_ROOT;17039;10;17036;21;;;17053.0;12;17054.0;12;;;17046.0;0.0
3;45500;ASH_COATED_OSMIUM;9990;27;;;;;10006.0;14;;;;;9997.5;0.0
3;45500;INTARIAN_PEPPER_ROOT;17040;8;;;;;17053.0;9;;;;;17046.0;0.0
3;45600;ASH_COATED_OSMIUM;9988;13;;;;;10006.0;25;;;;;9997.5;0.0
3;45600;INTARIAN_PEPPER_ROOT;17034;9;;;;;17049.0;8;;;;;17041.0;0.0
3;45700;ASH_COATED_OSMIUM;9994;15;9991;13;;;10010.0;26;10012.0;13;;;10002.5;0.0
3;45700;INTARIAN_PEPPER_ROOT;17037;20;17034;10;;;17046.0;10;17047.0;8;;;17041.5;0.0
3;45800;ASH_COATED_OSMIUM;9992;29;9989;11;9986;15;10002.0;15;10005.0;15;10007.0;11;9997.5;0.0
3;45800;INTARIAN_PEPPER_ROOT;17040;10;17037;10;17035;11;17057.0;12;17060.0;11;17062.0;12;17048.0;0.0
3;45900;ASH_COATED_OSMIUM;9988;15;9986;14;9985;13;10007.0;13;10008.0;13;10009.0;13;9997.5;0.0
3;45900;INTARIAN_PEPPER_ROOT;17040;12;17039;12;17036;11;17050.0;8;17053.0;17;17056.0;19;17044.5;0.0
3;46000;ASH_COATED_OSMIUM;9996;3;9995;14;;;10009.0;12;10011.0;14;;;10002.5;0.0
3;46000;INTARIAN_PEPPER_ROOT;17038;8;17036;10;;;17053.0;11;17056.0;9;;;17045.5;0.0
3;46100;ASH_COATED_OSMIUM;9990;15;9988;10;;;10006.0;14;10007.0;12;;;9997.5;0.0
3;46100;INTARIAN_PEPPER_ROOT;17042;8;17040;11;;;17054.0;24;17056.0;8;;;17047.5;0.0
3;46200;ASH_COATED_OSMIUM;9994;10;;;;;10010.0;14;;;;;10002.5;0.0
3;46200;INTARIAN_PEPPER_ROOT;17038;10;;;;;17052.0;9;;;;;17044.5;0.0
3;46300;ASH_COATED_OSMIUM;9988;14;9987;25;;;10006.0;10;10008.0;27;;;9997.5;0.0
3;46300;INTARIAN_PEPPER_ROOT;17041;8;17040;8;;;17055.0;11;17057.0;11;;;17048.0;0.0
3;46400;ASH_COATED_OSMIUM;9992;10;9991;13;9990;10;10002.0;12;10003.0;14;10004.0;14;9997.5;0.0
3;46400;INTARIAN_PEPPER_ROOT;17040;23;;;;;17053.0;9;;;;;17047.0;0.0
3;46500;ASH_COATED_OSMIUM;9994;13;;;;;10010.0;29;;;;;10002.5;0.0
3;46500;INTARIAN_PEPPER_ROOT;17044;15;17042;9;;;17060.0;11;17062.0;10;;;17051.5;0.0
3;46600;ASH_COATED_OSMIUM;9988;12;9985;12;;;10006.0;12;10009.0;27;;;9997.5;0.0
3;46600;INTARIAN_PEPPER_ROOT;17038;17;17037;21;;;17054.0;15;17057.0;11;;;17046.5;0.0
3;46700;ASH_COATED_OSMIUM;9988;14;9987;11;;;10007.0;11;10009.0;6;;;9997.5;0.0
3;46700;INTARIAN_PEPPER_ROOT;17030;10;;;;;17051.0;8;;;;;17040.5;0.0
3;46800;ASH_COATED_OSMIUM;9990;10;9988;11;;;10006.0;12;10008.0;10;;;9997.5;0.0
3;46800;INTARIAN_PEPPER_ROOT;17040;12;17039;12;;;17055.0;9;17057.0;9;;;17047.5;0.0
3;46900;ASH_COATED_OSMIUM;9990;13;;;;;10006.0;13;;;;;9997.5;0.0
3;46900;INTARIAN_PEPPER_ROOT;17040;11;;;;;17052.0;9;;;;;17045.5;0.0
3;47000;ASH_COATED_OSMIUM;9988;10;9985;15;;;10007.0;14;10010.0;12;;;9997.5;0.0
3;47000;INTARIAN_PEPPER_ROOT;17040;8;17038;21;;;17054.0;11;17057.0;8;;;17046.5;0.0
3;47100;ASH_COATED_OSMIUM;9990;11;9989;2;;;10006.0;10;10007.0;11;;;9997.5;0.0
3;47100;INTARIAN_PEPPER_ROOT;17041;11;;;;;17053.0;12;;;;;17047.0;0.0
3;47200;ASH_COATED_OSMIUM;9990;14;9989;14;9986;25;10006.0;15;10007.0;11;10010.0;15;9997.5;0.0
3;47200;INTARIAN_PEPPER_ROOT;17036;10;17035;8;;;17055.0;8;17056.0;8;;;17045.5;0.0
3;47300;ASH_COATED_OSMIUM;9990;12;9987;20;;;10006.0;11;10009.0;25;;;9997.5;0.0
3;47300;INTARIAN_PEPPER_ROOT;17044;8;;;;;17048.0;15;;;;;17046.5;0.0
3;47400;ASH_COATED_OSMIUM;9988;12;9987;12;;;10006.0;25;10007.0;29;;;9997.5;0.0
3;47400;INTARIAN_PEPPER_ROOT;17040;10;17039;10;17037;12;17055.0;10;17056.0;6;17057.0;9;17048.0;0.0
3;47500;ASH_COATED_OSMIUM;9987;14;9985;12;9982;12;10008.0;14;10010.0;10;10013.0;12;9997.5;0.0
3;47500;INTARIAN_PEPPER_ROOT;17040;8;17037;9;17035;9;17054.0;15;17057.0;23;17058.0;8;17047.5;0.0
3;47600;ASH_COATED_OSMIUM;9990;11;9989;10;;;10006.0;10;10008.0;13;;;9997.5;0.0
3;47600;INTARIAN_PEPPER_ROOT;17040;12;17039;11;;;17050.0;10;17052.0;24;;;17045.5;0.0
3;47700;ASH_COATED_OSMIUM;9994;15;9992;12;;;10010.0;8;10013.0;23;;;10002.5;0.0
3;47700;INTARIAN_PEPPER_ROOT;17042;11;;;;;17056.0;11;;;;;17048.5;0.0
3;47800;ASH_COATED_OSMIUM;9994;23;9993;14;9991;10;10000.0;12;10003.0;10;10005.0;15;9997.5;0.0
3;47800;INTARIAN_PEPPER_ROOT;17044;12;;;;;17056.0;12;;;;;17050.5;0.0
3;47900;ASH_COATED_OSMIUM;9988;12;;;;;10006.0;24;;;;;9997.5;0.0
3;47900;INTARIAN_PEPPER_ROOT;17034;10;17033;16;17030;11;17051.0;10;17054.0;11;17057.0;10;17042.5;0.0
3;48000;ASH_COATED_OSMIUM;9994;15;;;;;10010.0;10;;;;;10002.5;0.0
3;48000;INTARIAN_PEPPER_ROOT;17036;12;17034;9;;;17054.0;11;17055.0;8;;;17045.0;0.0
3;48100;ASH_COATED_OSMIUM;9994;27;9993;10;9991;10;10010.0;13;10011.0;28;10012.0;11;10002.5;0.0
3;48100;INTARIAN_PEPPER_ROOT;17040;9;;;;;17052.0;11;;;;;17046.0;0.0
3;48200;ASH_COATED_OSMIUM;9990;10;;;;;10006.0;11;;;;;9997.5;0.0
3;48200;INTARIAN_PEPPER_ROOT;17038;9;17037;24;17035;12;17050.0;10;17052.0;24;17054.0;23;17044.5;0.0
3;48300;ASH_COATED_OSMIUM;9994;13;9993;30;;;10010.0;15;10013.0;11;;;10002.5;0.0
3;48300;INTARIAN_PEPPER_ROOT;17050;8;17047;8;17046;8;17065.0;8;17066.0;9;17069.0;9;17057.5;0.0
3;48400;ASH_COATED_OSMIUM;9998;15;9995;13;9993;25;10007.0;10;10008.0;29;10010.0;11;10002.5;0.0
3;48400;INTARIAN_PEPPER_ROOT;17042;23;17040;17;17038;22;17057.0;11;17059.0;8;17061.0;11;17049.5;0.0
3;48500;ASH_COATED_OSMIUM;9990;12;;;;;10006.0;29;;;;;9997.5;0.0
3;48500;INTARIAN_PEPPER_ROOT;17042;9;17040;11;;;17055.0;10;17056.0;9;;;17048.5;0.0
3;48600;ASH_COATED_OSMIUM;9988;11;;;;;10007.0;11;;;;;9997.5;0.0
3;48600;INTARIAN_PEPPER_ROOT;17038;11;;;;;17054.0;10;;;;;17046.5;0.0
3;48700;ASH_COATED_OSMIUM;9988;14;9986;14;9983;13;10006.0;2;10008.0;14;10011.0;28;9997.5;0.0
3;48700;INTARIAN_PEPPER_ROOT;17040;8;17039;10;;;17053.0;11;17055.0;11;;;17047.0;0.0
3;48800;ASH_COATED_OSMIUM;9994;24;9993;14;;;10010.0;4;10013.0;11;;;10002.5;0.0
3;48800;INTARIAN_PEPPER_ROOT;17042;10;;;;;17056.0;8;;;;;17049.0;0.0
3;48900;ASH_COATED_OSMIUM;9990;11;9988;10;;;10006.0;11;10009.0;15;;;9997.5;0.0
3;48900;INTARIAN_PEPPER_ROOT;17040;10;;;;;17053.0;11;;;;;17047.0;0.0
3;49000;ASH_COATED_OSMIUM;9988;15;9987;13;;;10006.0;13;10008.0;13;;;9997.5;0.0
3;49000;INTARIAN_PEPPER_ROOT;17042;12;17040;10;;;17055.0;21;17058.0;8;;;17048.0;0.0
3;49100;ASH_COATED_OSMIUM;9990;15;9989;13;;;10006.0;10;10008.0;11;;;9997.5;0.0
3;49100;INTARIAN_PEPPER_ROOT;17047;6;17044;8;17041;8;17059.0;10;17062.0;12;17063.0;18;17053.0;0.0
3;49200;ASH_COATED_OSMIUM;9988;12;9985;14;;;10006.0;14;10008.0;12;;;9997.5;0.0
3;49200;INTARIAN_PEPPER_ROOT;17043;8;17041;11;17038;20;17056.0;19;17059.0;18;17060.0;11;17049.5;0.0
3;49300;ASH_COATED_OSMIUM;9990;10;;;;;10006.0;11;;;;;9997.5;0.0
3;49300;INTARIAN_PEPPER_ROOT;17042;24;;;;;17058.0;12;;;;;17050.5;0.0
3;49400;ASH_COATED_OSMIUM;9994;28;9993;15;;;10010.0;14;10013.0;11;;;10002.5;0.0
3;49400;INTARIAN_PEPPER_ROOT;17040;10;17037;10;17034;19;17054.0;9;17055.0;9;17056.0;16;17046.5;0.0
3;49500;ASH_COATED_OSMIUM;9998;15;9996;4;9993;14;10007.0;15;10010.0;28;10013.0;11;10002.5;0.0
3;49500;INTARIAN_PEPPER_ROOT;17039;25;17036;10;17035;10;17057.0;11;17059.0;12;17062.0;11;17048.0;0.0
3;49600;ASH_COATED_OSMIUM;9990;28;9987;10;;;10006.0;13;10008.0;15;;;9997.5;0.0
3;49600;INTARIAN_PEPPER_ROOT;17046;9;17045;8;17042;12;17060.0;12;17063.0;11;17064.0;11;17052.5;0.0
3;49700;ASH_COATED_OSMIUM;9994;14;;;;;10010.0;14;;;;;10002.5;0.0
3;49700;INTARIAN_PEPPER_ROOT;17048;19;;;;;17051.0;23;;;;;17049.5;0.0
3;49800;ASH_COATED_OSMIUM;9988;14;9986;28;9983;15;10007.0;13;10010.0;11;10013.0;15;9997.5;0.0
3;49800;INTARIAN_PEPPER_ROOT;17042;10;;;;;17056.0;12;;;;;17049.5;0.0
3;49900;ASH_COATED_OSMIUM;9993;15;9992;14;;;10012.0;15;10015.0;11;;;10002.5;0.0
3;49900;INTARIAN_PEPPER_ROOT;17036;10;;;;;17048.0;10;;;;;17042.0;0.0
3;50000;ASH_COATED_OSMIUM;9994;14;;;;;10010.0;25;;;;;10002.5;0.0
3;50000;INTARIAN_PEPPER_ROOT;17040;21;17037;9;;;17053.0;9;17056.0;20;;;17047.0;0.0
3;50100;ASH_COATED_OSMIUM;9988;28;9986;13;9983;10;10006.0;10;10009.0;5;10010.0;14;9997.5;0.0
3;50100;INTARIAN_PEPPER_ROOT;17041;22;17038;9;;;17054.0;12;17055.0;12;;;17047.5;0.0
3;50200;ASH_COATED_OSMIUM;9994;14;9992;29;;;10010.0;12;10013.0;15;;;10002.5;0.0
3;50200;INTARIAN_PEPPER_ROOT;17048;9;;;;;17051.0;8;;;;;17049.5;0.0
3;50300;ASH_COATED_OSMIUM;9988;15;;;;;10007.0;12;;;;;9997.5;0.0
3;50300;INTARIAN_PEPPER_ROOT;17042;5;;;;;17054.0;16;;;;;17048.0;0.0
3;50400;ASH_COATED_OSMIUM;9994;26;9993;22;;;10010.0;10;10012.0;11;;;10002.5;0.0
3;50400;INTARIAN_PEPPER_ROOT;17044;8;17042;10;17041;8;17056.0;16;17057.0;10;17059.0;8;17049.5;0.0
3;50500;ASH_COATED_OSMIUM;9994;15;9993;26;9991;15;10010.0;11;10012.0;23;10015.0;11;10002.5;0.0
3;50500;INTARIAN_PEPPER_ROOT;17042;11;17041;9;;;17056.0;17;17059.0;9;;;17049.0;0.0
3;50600;ASH_COATED_OSMIUM;9994;13;9992;8;;;10010.0;12;10011.0;13;;;10002.5;0.0
3;50600;INTARIAN_PEPPER_ROOT;17046;11;;;;;17060.0;11;;;;;17052.5;0.0
3;50700;ASH_COATED_OSMIUM;9994;15;9992;10;;;10012.0;15;10015.0;10;;;10002.5;0.0
3;50700;INTARIAN_PEPPER_ROOT;17045;12;;;;;17063.0;11;;;;;17054.0;0.0
3;50800;ASH_COATED_OSMIUM;9994;12;9991;11;9990;11;10012.0;26;10015.0;13;10017.0;24;10002.5;0.0
3;50800;INTARIAN_PEPPER_ROOT;17042;10;17039;8;;;17056.0;12;17058.0;12;;;17048.5;0.0
3;50900;ASH_COATED_OSMIUM;9990;11;9989;11;;;10006.0;14;10008.0;11;;;9997.5;0.0
3;50900;INTARIAN_PEPPER_ROOT;17040;11;17038;15;;;17059.0;12;17062.0;10;;;17049.0;0.0
3;51000;ASH_COATED_OSMIUM;9990;10;9989;21;;;10006.0;3;10007.0;25;;;9997.5;0.0
3;51000;INTARIAN_PEPPER_ROOT;17041;9;17038;10;;;17057.0;9;17059.0;12;;;17049.0;0.0
3;51100;ASH_COATED_OSMIUM;9988;13;;;;;10007.0;25;;;;;9997.5;0.0
3;51100;INTARIAN_PEPPER_ROOT;17041;12;;;;;17059.0;10;;;;;17050.0;0.0
3;51200;ASH_COATED_OSMIUM;9988;3;;;;;10006.0;15;;;;;9997.5;0.0
3;51200;INTARIAN_PEPPER_ROOT;17044;8;17043;11;;;17058.0;4;17061.0;10;;;17051.0;0.0
3;51300;ASH_COATED_OSMIUM;9988;11;9986;11;;;10006.0;28;10009.0;14;;;9997.5;0.0
3;51300;INTARIAN_PEPPER_ROOT;17044;8;17042;12;;;17059.0;12;17061.0;8;;;17052.0;0.0
3;51400;ASH_COATED_OSMIUM;9988;15;9987;10;;;10007.0;13;10009.0;10;;;9997.5;0.0
3;51400;INTARIAN_PEPPER_ROOT;17041;11;17039;17;;;17056.0;10;17057.0;11;;;17048.5;0.0
3;51500;ASH_COATED_OSMIUM;9990;11;9988;24;;;10006.0;13;10008.0;14;;;9997.5;0.0
3;51500;INTARIAN_PEPPER_ROOT;17048;10;;;;;17061.0;8;;;;;17054.0;0.0
3;51600;ASH_COATED_OSMIUM;9994;5;9991;12;9988;11;10010.0;13;10011.0;13;10014.0;10;10002.5;0.0
3;51600;INTARIAN_PEPPER_ROOT;17042;9;;;;;17055.0;10;;;;;17049.0;0.0
3;51700;ASH_COATED_OSMIUM;9988;12;9987;13;9984;20;10006.0;11;10007.0;25;10008.0;10;9997.5;0.0
3;51700;INTARIAN_PEPPER_ROOT;17043;16;17042;23;17039;17;17061.0;10;17064.0;8;17066.0;12;17052.0;0.0
3;51800;ASH_COATED_OSMIUM;9994;14;9993;15;9992;26;10000.0;8;10002.0;14;10004.0;28;9997.5;0.0
3;51800;INTARIAN_PEPPER_ROOT;17045;9;17044;8;17043;12;17057.0;15;17060.0;11;17063.0;12;17051.0;0.0
3;51900;ASH_COATED_OSMIUM;9990;14;9988;11;9987;11;10006.0;14;10008.0;25;10010.0;15;9997.5;0.0
3;51900;INTARIAN_PEPPER_ROOT;17042;11;17041;10;;;17057.0;10;17058.0;19;;;17050.0;0.0
3;52000;ASH_COATED_OSMIUM;9988;4;9987;14;9986;15;10007.0;14;10010.0;15;10012.0;10;9997.5;0.0
3;52000;INTARIAN_PEPPER_ROOT;17042;9;17039;9;17038;11;17055.0;10;17057.0;8;17060.0;9;17049.0;0.0
3;52100;ASH_COATED_OSMIUM;9990;10;9989;11;9987;24;10006.0;15;10007.0;12;10010.0;13;9997.5;0.0
3;52100;INTARIAN_PEPPER_ROOT;17038;21;17036;17;;;17050.0;20;17053.0;12;;;17044.0;0.0
3;52200;ASH_COATED_OSMIUM;9988;13;9987;12;;;10007.0;30;10010.0;11;;;9997.5;0.0
3;52200;INTARIAN_PEPPER_ROOT;17041;9;;;;;17054.0;9;;;;;17047.5;0.0
3;52300;ASH_COATED_OSMIUM;9994;11;9993;15;9991;11;10012.0;12;10015.0;13;10018.0;10;10002.5;0.0
3;52300;INTARIAN_PEPPER_ROOT;17037;3;17034;9;17031;11;17049.0;11;17052.0;10;17055.0;10;17043.0;0.0
3;52400;ASH_COATED_OSMIUM;9990;12;9987;12;;;10006.0;12;10007.0;14;;;9997.5;0.0
3;52400;INTARIAN_PEPPER_ROOT;17044;8;;;;;17058.0;8;;;;;17051.0;0.0
3;52500;ASH_COATED_OSMIUM;9994;12;9993;25;;;10010.0;27;10011.0;11;;;10002.5;0.0
3;52500;INTARIAN_PEPPER_ROOT;17048;10;;;;;17061.0;12;;;;;17055.0;0.0
3;52600;ASH_COATED_OSMIUM;9994;12;;;;;10010.0;11;;;;;10002.5;0.0
3;52600;INTARIAN_PEPPER_ROOT;17049;9;17048;10;17045;16;17063.0;17;17066.0;8;17068.0;9;17056.0;0.0
3;52700;ASH_COATED_OSMIUM;9994;10;9993;21;9990;13;10010.0;27;10013.0;30;10016.0;12;10002.5;0.0
3;52700;INTARIAN_PEPPER_ROOT;17042;10;17039;11;;;17058.0;8;17060.0;10;;;17049.5;0.0
3;52800;ASH_COATED_OSMIUM;9990;11;9987;11;;;10006.0;15;10009.0;14;;;9997.5;0.0
3;52800;INTARIAN_PEPPER_ROOT;17047;22;17045;9;;;17065.0;11;17068.0;11;;;17056.0;0.0
3;52900;ASH_COATED_OSMIUM;9994;30;9993;13;;;10010.0;10;10012.0;11;;;10002.5;0.0
3;52900;INTARIAN_PEPPER_ROOT;17044;9;;;;;17060.0;12;;;;;17052.5;0.0
3;53000;ASH_COATED_OSMIUM;9990;14;9989;14;;;10006.0;12;10009.0;24;;;9997.5;0.0
3;53000;INTARIAN_PEPPER_ROOT;17045;12;17043;8;;;17061.0;8;17063.0;9;;;17053.0;0.0
3;53100;ASH_COATED_OSMIUM;9994;14;9991;11;;;10010.0;10;10012.0;11;;;10002.5;0.0
3;53100;INTARIAN_PEPPER_ROOT;17044;12;;;;;17057.0;8;;;;;17050.0;0.0
3;53200;ASH_COATED_OSMIUM;9988;14;;;;;10006.0;15;;;;;9997.5;0.0
3;53200;INTARIAN_PEPPER_ROOT;17048;9;17046;12;17044;8;17065.0;11;17067.0;22;17069.0;11;17056.0;0.0
3;53300;ASH_COATED_OSMIUM;9990;20;;;;;10006.0;14;;;;;9997.5;0.0
3;53300;INTARIAN_PEPPER_ROOT;17042;10;17040;11;17038;15;17057.0;11;17058.0;11;17060.0;9;17049.5;0.0
3;53400;ASH_COATED_OSMIUM;9990;23;;;;;10006.0;14;;;;;9997.5;0.0
3;53400;INTARIAN_PEPPER_ROOT;17048;8;;;;;17060.0;24;;;;;17053.5;0.0
3;53500;ASH_COATED_OSMIUM;9990;12;9988;22;;;10006.0;13;10008.0;20;;;9997.5;0.0
3;53500;INTARIAN_PEPPER_ROOT;17046;9;17043;9;;;17059.0;17;17061.0;10;;;17053.0;0.0
3;53600;ASH_COATED_OSMIUM;9994;20;;;;;10010.0;10;;;;;10002.5;0.0
3;53600;INTARIAN_PEPPER_ROOT;17050;11;;;;;17065.0;10;;;;;17057.0;0.0
3;53700;ASH_COATED_OSMIUM;9987;12;9985;12;9983;13;10008.0;10;10010.0;3;10012.0;14;9997.5;0.0
3;53700;INTARIAN_PEPPER_ROOT;17051;11;17050;21;;;17055.0;10;17056.0;11;;;17053.0;0.0
3;53800;ASH_COATED_OSMIUM;9990;21;9989;14;9987;12;10006.0;23;10009.0;14;10012.0;14;9997.5;0.0
3;53800;INTARIAN_PEPPER_ROOT;17046;11;17045;11;;;17062.0;12;17064.0;9;;;17054.5;0.0
3;53900;ASH_COATED_OSMIUM;9993;11;9990;10;9988;23;10012.0;12;10013.0;11;10014.0;25;10002.5;0.0
3;53900;INTARIAN_PEPPER_ROOT;17048;11;17045;10;;;17060.0;10;17063.0;12;;;17054.0;0.0
3;54000;ASH_COATED_OSMIUM;9994;13;9992;15;9991;15;10012.0;13;10014.0;11;10016.0;15;10002.5;0.0
3;54000;INTARIAN_PEPPER_ROOT;17047;8;17046;24;;;17061.0;12;17064.0;10;;;17054.0;0.0
3;54100;ASH_COATED_OSMIUM;9988;13;;;;;10006.0;13;;;;;9997.5;0.0
3;54100;INTARIAN_PEPPER_ROOT;17046;12;17043;9;;;17059.0;11;17060.0;12;;;17052.0;0.0
3;54200;ASH_COATED_OSMIUM;9994;10;9991;12;;;10010.0;15;10011.0;13;;;10002.5;0.0
3;54200;INTARIAN_PEPPER_ROOT;17049;10;17047;9;;;17062.0;12;17064.0;11;;;17055.5;0.0
3;54300;ASH_COATED_OSMIUM;9990;15;;;;;10006.0;27;;;;;9997.5;0.0
3;54300;INTARIAN_PEPPER_ROOT;17048;9;;;;;17062.0;11;;;;;17055.0;0.0
3;54400;ASH_COATED_OSMIUM;9988;15;;;;;10006.0;12;;;;;9997.5;0.0
3;54400;INTARIAN_PEPPER_ROOT;17042;11;17040;9;;;17059.0;9;17061.0;8;;;17051.0;0.0
3;54500;ASH_COATED_OSMIUM;9994;15;9993;12;;;10010.0;10;10013.0;30;;;10002.5;0.0
3;54500;INTARIAN_PEPPER_ROOT;17043;9;;;;;17059.0;12;;;;;17051.0;0.0
3;54600;ASH_COATED_OSMIUM;9994;15;9993;11;9991;12;10010.0;15;10012.0;9;10014.0;25;10002.5;0.0
3;54600;INTARIAN_PEPPER_ROOT;17050;15;;;;;17054.0;24;;;;;17051.5;0.0
3;54700;ASH_COATED_OSMIUM;9990;14;9989;4;9988;12;10006.0;12;10009.0;13;10011.0;12;9997.5;0.0
3;54700;INTARIAN_PEPPER_ROOT;17048;7;17047;12;;;17061.0;12;17063.0;10;;;17054.0;0.0
3;54800;ASH_COATED_OSMIUM;9994;13;9991;13;;;10010.0;12;10013.0;15;;;10002.5;0.0
3;54800;INTARIAN_PEPPER_ROOT;17044;22;17043;8;;;17057.0;10;17058.0;12;;;17050.5;0.0
3;54900;ASH_COATED_OSMIUM;9990;11;9989;10;;;10006.0;12;10008.0;15;;;9997.5;0.0
3;54900;INTARIAN_PEPPER_ROOT;17051;8;17050;10;;;17064.0;11;17065.0;10;;;17057.5;0.0
3;55000;ASH_COATED_OSMIUM;9988;13;9985;14;9982;13;10006.0;11;10008.0;14;10009.0;24;9997.5;0.0
3;55000;INTARIAN_PEPPER_ROOT;17046;12;;;;;17058.0;11;;;;;17052.5;0.0
3;55100;ASH_COATED_OSMIUM;9994;15;;;;;10010.0;14;;;;;10002.5;0.0
3;55100;INTARIAN_PEPPER_ROOT;17051;10;17049;11;;;17065.0;9;17067.0;10;;;17058.0;0.0
3;55200;ASH_COATED_OSMIUM;9994;14;9993;30;;;10012.0;10;10013.0;13;;;10002.5;0.0
3;55200;INTARIAN_PEPPER_ROOT;17046;17;17044;12;;;17062.0;8;17063.0;8;;;17054.0;0.0
3;55300;ASH_COATED_OSMIUM;9990;11;;;;;10006.0;10;;;;;9997.5;0.0
3;55300;INTARIAN_PEPPER_ROOT;17049;8;;;;;17063.0;10;;;;;17056.0;0.0
3;55400;ASH_COATED_OSMIUM;9990;8;9988;12;9985;12;10006.0;13;10009.0;10;10011.0;27;9997.5;0.0
3;55400;INTARIAN_PEPPER_ROOT;17049;19;17048;9;;;17064.0;21;17067.0;10;;;17056.5;0.0
3;55500;ASH_COATED_OSMIUM;9988;23;;;;;10006.0;14;;;;;9997.5;0.0
3;55500;INTARIAN_PEPPER_ROOT;17049;8;;;;;17065.0;12;;;;;17057.0;0.0
3;55600;ASH_COATED_OSMIUM;9990;14;9989;27;9988;23;10006.0;15;10008.0;11;10010.0;12;9997.5;0.0
3;55600;INTARIAN_PEPPER_ROOT;17048;8;;;;;17065.0;10;;;;;17056.0;0.0
3;55700;ASH_COATED_OSMIUM;9994;12;;;;;10012.0;14;;;;;10002.5;0.0
3;55700;INTARIAN_PEPPER_ROOT;17044;8;17041;7;17038;8;17061.0;8;17064.0;12;17065.0;9;17052.5;0.0
3;55800;ASH_COATED_OSMIUM;9994;11;9992;14;;;10010.0;20;10013.0;15;;;10002.5;0.0
3;55800;INTARIAN_PEPPER_ROOT;17041;10;;;;;17056.0;10;;;;;17048.5;0.0
3;55900;ASH_COATED_OSMIUM;9988;24;9986;10;;;10006.0;10;10008.0;15;;;9997.5;0.0
3;55900;INTARIAN_PEPPER_ROOT;17048;8;17045;11;17044;9;17064.0;9;17066.0;9;17069.0;10;17056.0;0.0
3;56000;ASH_COATED_OSMIUM;9990;5;9989;11;9987;15;10006.0;14;10009.0;15;10010.0;10;9997.5;0.0
3;56000;INTARIAN_PEPPER_ROOT;17052;23;17051;9;;;17064.0;9;17066.0;8;;;17057.5;0.0
3;56100;ASH_COATED_OSMIUM;9994;11;9993;12;;;10010.0;23;10012.0;30;;;10002.5;0.0
3;56100;INTARIAN_PEPPER_ROOT;17050;9;17047;12;17045;12;17063.0;12;17064.0;8;17066.0;4;17056.0;0.0
3;56200;ASH_COATED_OSMIUM;9994;30;9991;10;;;10010.0;2;10012.0;14;;;10002.5;0.0
3;56200;INTARIAN_PEPPER_ROOT;17048;12;17047;8;17045;10;17064.0;19;17067.0;10;17069.0;12;17055.5;0.0
3;56300;ASH_COATED_OSMIUM;9990;12;;;;;10006.0;30;;;;;9997.5;0.0
3;56300;INTARIAN_PEPPER_ROOT;17050;11;17047;11;17044;8;17063.0;10;17065.0;12;17066.0;12;17056.0;0.0
3;56400;ASH_COATED_OSMIUM;9990;15;9989;12;;;10006.0;10;10008.0;13;;;9997.5;0.0
3;56400;INTARIAN_PEPPER_ROOT;17052;10;17049;22;;;17071.0;8;17074.0;8;;;17061.0;0.0
3;56500;ASH_COATED_OSMIUM;9994;13;9993;15;9990;13;10010.0;11;10013.0;12;10015.0;14;10002.5;0.0
3;56500;INTARIAN_PEPPER_ROOT;17048;8;;;;;17065.0;9;;;;;17056.0;0.0
3;56600;ASH_COATED_OSMIUM;9988;10;9987;15;9986;15;10007.0;6;10008.0;25;10009.0;13;9997.5;0.0
3;56600;INTARIAN_PEPPER_ROOT;17046;10;;;;;17060.0;12;;;;;17053.5;0.0
3;56700;ASH_COATED_OSMIUM;9990;11;9987;10;;;10006.0;28;10009.0;14;;;9997.5;0.0
3;56700;INTARIAN_PEPPER_ROOT;17052;10;17050;8;17048;20;17066.0;10;17069.0;9;17070.0;9;17059.0;0.0
3;56800;ASH_COATED_OSMIUM;9988;14;9987;11;9986;12;10007.0;12;10008.0;14;10011.0;13;9997.5;0.0
3;56800;INTARIAN_PEPPER_ROOT;17052;22;17049;9;17046;8;17068.0;12;17069.0;11;17070.0;10;17060.5;0.0
3;56900;ASH_COATED_OSMIUM;9994;10;;;;;10010.0;10;;;;;10002.5;0.0
3;56900;INTARIAN_PEPPER_ROOT;17050;25;17048;12;;;17062.0;8;17064.0;10;;;17055.5;0.0
3;57000;ASH_COATED_OSMIUM;9990;15;9987;13;9986;15;10006.0;27;10008.0;15;10009.0;14;9997.5;0.0
3;57000;INTARIAN_PEPPER_ROOT;17048;11;;;;;17065.0;8;;;;;17057.0;0.0
3;57100;ASH_COATED_OSMIUM;9994;11;9992;12;9990;11;10010.0;4;10012.0;12;10014.0;12;10002.5;0.0
3;57100;INTARIAN_PEPPER_ROOT;17048;11;17045;9;;;17064.0;10;17066.0;11;;;17056.0;0.0
3;57200;ASH_COATED_OSMIUM;9990;15;9988;12;;;10006.0;14;10007.0;10;;;9997.5;0.0
3;57200;INTARIAN_PEPPER_ROOT;17050;12;;;;;17067.0;8;;;;;17058.5;0.0
3;57300;ASH_COATED_OSMIUM;9994;15;9993;21;;;10010.0;13;10013.0;4;;;10002.5;0.0
3;57300;INTARIAN_PEPPER_ROOT;17045;12;17042;23;17041;10;17061.0;12;17064.0;11;17066.0;11;17053.0;0.0
3;57400;ASH_COATED_OSMIUM;9993;15;9992;11;;;10012.0;10;10013.0;12;;;10002.5;0.0
3;57400;INTARIAN_PEPPER_ROOT;17054;12;;;;;17072.0;8;;;;;17062.5;0.0
3;57500;ASH_COATED_OSMIUM;9994;10;9992;13;;;10010.0;29;10013.0;26;;;10002.5;0.0
3;57500;INTARIAN_PEPPER_ROOT;17051;8;17048;11;;;17067.0;16;17069.0;10;;;17059.0;0.0
3;57600;ASH_COATED_OSMIUM;9990;23;9988;25;;;10006.0;12;10008.0;20;;;9997.5;0.0
3;57600;INTARIAN_PEPPER_ROOT;17054;10;17052;12;;;17068.0;10;17070.0;11;;;17061.5;0.0
3;57700;ASH_COATED_OSMIUM;9990;13;9987;13;;;10006.0;12;10007.0;10;;;9997.5;0.0
3;57700;INTARIAN_PEPPER_ROOT;17051;11;;;;;17063.0;9;;;;;17057.0;0.0
3;57800;ASH_COATED_OSMIUM;9990;12;9989;13;;;10006.0;10;10008.0;11;;;9997.5;0.0
3;57800;INTARIAN_PEPPER_ROOT;17050;9;17049;8;17047;8;17064.0;24;17067.0;8;17069.0;9;17057.5;0.0
3;57900;ASH_COATED_OSMIUM;9994;15;9992;11;9991;12;10012.0;14;10014.0;11;10017.0;12;10002.5;0.0
3;57900;INTARIAN_PEPPER_ROOT;17049;16;;;;;17062.0;9;;;;;17055.5;0.0
3;58000;ASH_COATED_OSMIUM;9990;14;9988;15;9986;15;10006.0;4;10007.0;15;10008.0;13;9997.5;0.0
3;58000;INTARIAN_PEPPER_ROOT;17052;5;17049;9;;;17067.0;8;17069.0;11;;;17059.0;0.0
3;58100;ASH_COATED_OSMIUM;9990;15;;;;;10006.0;12;;;;;9997.5;0.0
3;58100;INTARIAN_PEPPER_ROOT;17053;11;;;;;17068.0;12;;;;;17060.5;0.0
3;58200;ASH_COATED_OSMIUM;9994;11;;;;;10010.0;25;;;;;10002.5;0.0
3;58200;INTARIAN_PEPPER_ROOT;17050;9;17047;21;;;17064.0;10;17067.0;10;;;17056.5;0.0
3;58300;ASH_COATED_OSMIUM;9990;2;9988;14;9985;26;10006.0;14;10008.0;14;10011.0;5;9997.5;0.0
3;58300;INTARIAN_PEPPER_ROOT;17053;12;17052;12;;;17068.0;6;17071.0;10;;;17060.5;0.0
3;58400;ASH_COATED_OSMIUM;9994;12;9991;13;;;10010.0;15;10011.0;12;;;10002.5;0.0
3;58400;INTARIAN_PEPPER_ROOT;17050;24;17047;10;17045;19;17063.0;12;17066.0;12;17067.0;16;17057.0;0.0
3;58500;ASH_COATED_OSMIUM;9990;11;9987;11;;;10006.0;11;10009.0;15;;;9997.5;0.0
3;58500;INTARIAN_PEPPER_ROOT;17052;10;17051;8;17049;10;17055.0;22;17056.0;10;17059.0;9;17054.0;0.0
3;58600;ASH_COATED_OSMIUM;9992;11;9989;11;;;10002.0;28;10003.0;10;;;9997.5;0.0
3;58600;INTARIAN_PEPPER_ROOT;17058;8;;;;;17071.0;12;;;;;17064.0;0.0
3;58700;ASH_COATED_OSMIUM;9994;12;9991;15;;;10010.0;11;10012.0;15;;;10002.5;0.0
3;58700;INTARIAN_PEPPER_ROOT;17045;12;;;;;17061.0;12;;;;;17053.0;0.0
3;58800;ASH_COATED_OSMIUM;9994;13;9991;11;9989;26;10010.0;15;10012.0;11;10013.0;13;10002.5;0.0
3;58800;INTARIAN_PEPPER_ROOT;17052;8;17050;24;;;17067.0;11;17069.0;16;;;17060.0;0.0
3;58900;ASH_COATED_OSMIUM;9994;13;;;;;10011.0;27;;;;;10002.5;0.0
3;58900;INTARIAN_PEPPER_ROOT;17054;25;;;;;17068.0;11;;;;;17060.5;0.0
3;59000;ASH_COATED_OSMIUM;9990;23;9988;14;;;10006.0;14;10008.0;13;;;9997.5;0.0
3;59000;INTARIAN_PEPPER_ROOT;17049;12;;;;;17069.0;12;;;;;17059.0;0.0
3;59100;ASH_COATED_OSMIUM;9992;8;9989;12;9987;10;10013.0;21;10014.0;27;10016.0;24;10002.5;0.0
3;59100;INTARIAN_PEPPER_ROOT;17056;25;;;;;17070.0;10;;;;;17062.5;0.0
3;59200;ASH_COATED_OSMIUM;9990;12;9989;11;;;10006.0;13;10009.0;12;;;9997.5;0.0
3;59200;INTARIAN_PEPPER_ROOT;17050;7;;;;;17068.0;12;;;;;17058.5;0.0
3;59300;ASH_COATED_OSMIUM;9998;11;;;;;10007.0;15;;;;;10002.5;0.0
3;59300;INTARIAN_PEPPER_ROOT;17052;18;17050;9;;;17066.0;11;17067.0;11;;;17059.0;0.0
3;59400;ASH_COATED_OSMIUM;9993;13;;;;;10012.0;12;;;;;10002.5;0.0
3;59400;INTARIAN_PEPPER_ROOT;17054;24;17053;9;17051;11;17068.0;9;17069.0;12;17072.0;8;17060.5;0.0
3;59500;ASH_COATED_OSMIUM;9992;13;9990;14;;;10013.0;13;10016.0;13;;;10002.5;0.0
3;59500;INTARIAN_PEPPER_ROOT;17048;9;;;;;17064.0;17;;;;;17056.0;0.0
3;59600;ASH_COATED_OSMIUM;9990;11;9988;12;9986;14;10006.0;12;10007.0;12;10008.0;27;9997.5;0.0
3;59600;INTARIAN_PEPPER_ROOT;17054;12;;;;;17066.0;8;;;;;17060.0;0.0
3;59700;ASH_COATED_OSMIUM;9994;14;9992;11;;;10010.0;10;10011.0;14;;;10002.5;0.0
3;59700;INTARIAN_PEPPER_ROOT;17053;18;17052;12;;;17067.0;19;17068.0;8;;;17060.0;0.0
3;59800;ASH_COATED_OSMIUM;9992;12;9990;15;;;10013.0;11;10015.0;30;;;10002.5;0.0
3;59800;INTARIAN_PEPPER_ROOT;17054;12;17051;9;;;17068.0;11;17070.0;11;;;17060.5;0.0
3;59900;ASH_COATED_OSMIUM;9994;12;;;;;10010.0;15;;;;;10002.5;0.0
3;59900;INTARIAN_PEPPER_ROOT;17056;21;17054;21;;;17070.0;10;17071.0;10;;;17063.5;0.0
3;60000;ASH_COATED_OSMIUM;9994;12;9991;11;;;10010.0;27;10011.0;14;;;10002.5;0.0
3;60000;INTARIAN_PEPPER_ROOT;17050;9;17048;11;17047;11;17064.0;8;17065.0;23;17067.0;12;17056.5;0.0
3;60100;ASH_COATED_OSMIUM;9994;14;;;;;10010.0;15;;;;;10002.5;0.0
3;60100;INTARIAN_PEPPER_ROOT;17058;9;17055;12;17053;10;17062.0;11;17063.0;9;17064.0;12;17060.0;0.0
3;60200;ASH_COATED_OSMIUM;9988;11;9985;10;;;10007.0;12;10009.0;26;;;9997.5;0.0
3;60200;INTARIAN_PEPPER_ROOT;17055;17;17052;22;17049;10;17067.0;18;17068.0;23;17070.0;8;17061.0;0.0
3;60300;ASH_COATED_OSMIUM;9994;12;9991;14;;;10010.0;11;10012.0;25;;;10002.5;0.0
3;60300;INTARIAN_PEPPER_ROOT;17056;8;17055;12;17052;8;17070.0;10;17073.0;12;17076.0;8;17063.0;0.0
3;60400;ASH_COATED_OSMIUM;9994;29;9992;23;;;10010.0;14;10013.0;14;;;10002.5;0.0
3;60400;INTARIAN_PEPPER_ROOT;17048;10;17046;8;17044;25;17063.0;12;17066.0;11;17069.0;4;17055.5;0.0
3;60500;ASH_COATED_OSMIUM;9990;23;9989;12;9986;14;10006.0;13;10009.0;15;10012.0;27;9997.5;0.0
3;60500;INTARIAN_PEPPER_ROOT;17052;9;17049;9;;;17065.0;21;17066.0;8;;;17058.0;0.0
3;60600;ASH_COATED_OSMIUM;10000;10;;;;;10005.0;14;;;;;10002.5;0.0
3;60600;INTARIAN_PEPPER_ROOT;17042;11;17039;12;17038;19;17057.0;7;17058.0;8;17061.0;10;17049.5;0.0
3;60700;ASH_COATED_OSMIUM;9994;20;9993;11;9991;28;10010.0;12;10011.0;11;10013.0;28;10002.5;0.0
3;60700;INTARIAN_PEPPER_ROOT;17054;8;;;;;17068.0;10;;;;;17061.0;0.0
3;60800;ASH_COATED_OSMIUM;9994;12;;;;;10010.0;14;;;;;10002.5;0.0
3;60800;INTARIAN_PEPPER_ROOT;17058;10;;;;;17070.0;12;;;;;17064.0;0.0
3;60900;ASH_COATED_OSMIUM;9990;10;9989;13;;;10006.0;29;10009.0;27;;;9997.5;0.0
3;60900;INTARIAN_PEPPER_ROOT;17053;8;17050;15;;;17068.0;8;17070.0;9;;;17060.5;0.0
3;61000;ASH_COATED_OSMIUM;9990;10;9989;11;;;10006.0;10;10007.0;12;;;9997.5;0.0
3;61000;INTARIAN_PEPPER_ROOT;17056;18;;;;;17069.0;9;;;;;17062.0;0.0
3;61100;ASH_COATED_OSMIUM;9994;12;9991;12;;;10012.0;27;10015.0;14;;;10002.5;0.0
3;61100;INTARIAN_PEPPER_ROOT;17052;10;17049;8;;;17069.0;11;17072.0;8;;;17060.0;0.0
3;61200;ASH_COATED_OSMIUM;9994;11;;;;;10010.0;29;;;;;10002.5;0.0
3;61200;INTARIAN_PEPPER_ROOT;17056;11;17055;8;17052;8;17070.0;12;17072.0;20;17075.0;9;17062.5;0.0
3;61300;ASH_COATED_OSMIUM;9994;30;9991;13;;;10010.0;11;10013.0;11;;;10002.5;0.0
3;61300;INTARIAN_PEPPER_ROOT;17055;9;;;;;17067.0;8;;;;;17061.0;0.0
3;61400;ASH_COATED_OSMIUM;9990;11;9987;14;;;10006.0;13;10009.0;15;;;9997.5;0.0
3;61400;INTARIAN_PEPPER_ROOT;17054;11;;;;;17068.0;23;;;;;17061.5;0.0
3;61500;ASH_COATED_OSMIUM;9990;15;9988;12;9985;24;10006.0;14;10009.0;13;10010.0;10;9997.5;0.0
3;61500;INTARIAN_PEPPER_ROOT;17064;12;17062;25;;;17077.0;11;17078.0;9;;;17071.0;0.0
