day;timestamp;product;bid_price_1;bid_volume_1;bid_price_2;bid_volume_2;bid_price_3;bid_volume_3;ask_price_1;ask_volume_1;ask_price_2;ask_volume_2;ask_price_3;ask_volume_3;mid_price;profit_and_loss
0;0;ASH_COATED_OSMIUM;9994;13;9992;10;9991;12;10010.0;22;10013.0;11;10014.0;15;10002.5;0.0
0;0;INTARIAN_PEPPER_ROOT;13993;9;13992;8;;;14007.0;9;14008.0;9;;;14000.0;0.0
0;100;ASH_COATED_OSMIUM;9990;14;9987;11;;;10006.0;14;10008.0;10;;;9997.5;0.0
0;100;INTARIAN_PEPPER_ROOT;13994;11;13991;10;13988;8;14009.0;8;14012.0;22;14013.0;12;14001.0;0.0
0;200;ASH_COATED_OSMIUM;9993;10;;;;;10012.0;13;;;;;10002.5;0.0
0;200;INTARIAN_PEPPER_ROOT;13993;15;13991;8;;;14013.0;9;14015.0;9;;;14003.0;0.0
0;300;ASH_COATED_OSMIUM;9990;10;9989;15;;;10006.0;13;10007.0;15;;;9997.5;0.0
0;300;INTARIAN_PEPPER_ROOT;13995;11;13993;16;;;14007.0;9;14010.0;9;;;14001.0;0.0
0;400;ASH_COATED_OSMIUM;9988;12;;;;;10006.0;14;;;;;9997.5;0.0
0;400;INTARIAN_PEPPER_ROOT;13993;12;13990;12;13989;12;13997.0;10;13998.0;25;14000.0;12;13995.0;0.0
0;500;ASH_COATED_OSMIUM;9994;26;9991;11;;;10010.0;10;10012.0;11;;;10002.5;0.0
0;500;INTARIAN_PEPPER_ROOT;13998;9;13997;4;;;14001.0;11;14002.0;8;;;14000.0;0.0
0;600;ASH_COATED_OSMIUM;9994;15;9992;12;9989;30;10010.0;11;10011.0;12;10012.0;14;10002.5;0.0
0;600;INTARIAN_PEPPER_ROOT;13996;9;;;;;14014.0;12;;;;;14005.0;0.0
0;700;ASH_COATED_OSMIUM;9990;2;;;;;10006.0;14;;;;;9997.5;0.0
0;700;INTARIAN_PEPPER_ROOT;13992;8;13989;11;13987;10;14010.0;10;14013.0;11;14016.0;11;14001.5;0.0
0;800;ASH_COATED_OSMIUM;9990;11;9989;10;9988;13;10006.0;15;10007.0;23;10008.0;14;9997.5;0.0
0;800;INTARIAN_PEPPER_ROOT;13992;11;;;;;14009.0;15;;;;;14001.0;0.0
0;900;ASH_COATED_OSMIUM;9992;21;;;;;10002.0;13;;;;;9997.5;0.0
0;900;INTARIAN_PEPPER_ROOT;13994;17;13993;11;13992;12;14009.0;10;14011.0;21;14012.0;10;14001.5;0.0
0;1000;ASH_COATED_OSMIUM;9994;12;9992;15;;;10010.0;11;10011.0;12;;;10002.5;0.0
0;1000;INTARIAN_PEPPER_ROOT;13998;11;;;;;14002.0;12;;;;;14000.0;0.0
0;1100;ASH_COATED_OSMIUM;9998;12;9997;10;;;10008.0;11;10009.0;13;;;10002.5;0.0
0;1100;INTARIAN_PEPPER_ROOT;13993;11;13992;12;;;14015.0;12;14018.0;11;;;14004.0;0.0
0;1200;ASH_COATED_OSMIUM;9988;23;;;;;10006.0;15;;;;;9997.5;0.0
0;1200;INTARIAN_PEPPER_ROOT;13992;12;13991;20;;;14009.0;12;14011.0;18;;;14000.5;0.0
0;1300;ASH_COATED_OSMIUM;9990;12;;;;;10006.0;14;;;;;9997.5;0.0
0;1300;INTARIAN_PEPPER_ROOT;13994;8;13992;8;13989;23;14012.0;10;14015.0;11;14018.0;10;14003.0;0.0
0;1400;ASH_COATED_OSMIUM;9994;11;;;;;10010.0;12;;;;;10002.5;0.0
0;1400;INTARIAN_PEPPER_ROOT;13993;9;13992;10;13991;12;14011.0;12;14014.0;10;14015.0;11;14002.0;0.0
0;1500;ASH_COATED_OSMIUM;9992;12;;;;;10013.0;15;;;;;10002.5;0.0
0;1500;INTARIAN_PEPPER_ROOT;13996;24;13994;24;13993;8;14011.0;11;14014.0;8;14016.0;10;14004.0;0.0
0;1600;ASH_COATED_OSMIUM;9988;2;9985;11;;;10007.0;26;10009.0;14;;;9997.5;0.0
0;1600;INTARIAN_PEPPER_ROOT;13993;10;13992;12;;;14011.0;10;14012.0;11;;;14002.0;0.0
0;1700;ASH_COATED_OSMIUM;9988;10;9986;14;;;10006.0;21;10009.0;13;;;9997.5;0.0
0;1700;INTARIAN_PEPPER_ROOT;13994;19;13993;11;13992;24;14008.0;10;14009.0;8;14011.0;12;14000.5;0.0
0;1800;ASH_COATED_OSMIUM;9993;14;9990;25;;;10012.0;11;10014.0;15;;;10002.5;0.0
0;1800;INTARIAN_PEPPER_ROOT;13990;9;;;;;14008.0;15;;;;;13999.0;0.0
0;1900;ASH_COATED_OSMIUM;9990;15;9987;20;;;10006.0;15;10009.0;15;;;9997.5;0.0
0;1900;INTARIAN_PEPPER_ROOT;13988;12;13987;10;13985;19;14003.0;12;14006.0;12;14007.0;11;13996.0;0.0
0;2000;ASH_COATED_OSMIUM;9998;15;9997;29;9995;28;10006.0;14;10008.0;13;10011.0;14;10002.5;0.0
0;2000;INTARIAN_PEPPER_ROOT;13992;9;;;;;14006.0;8;;;;;13998.5;0.0
0;2100;ASH_COATED_OSMIUM;9994;12;9993;11;;;10010.0;14;10013.0;24;;;10002.5;0.0
0;2100;INTARIAN_PEPPER_ROOT;13996;8;;;;;14011.0;10;;;;;14003.5;0.0
0;2200;ASH_COATED_OSMIUM;9994;21;;;;;10012.0;11;;;;;10002.5;0.0
0;2200;INTARIAN_PEPPER_ROOT;13996;8;13993;9;13990;8;14011.0;8;14013.0;11;14016.0;21;14004.0;0.0
0;2300;ASH_COATED_OSMIUM;9994;11;9991;14;;;10010.0;11;10012.0;10;;;10002.5;0.0
0;2300;INTARIAN_PEPPER_ROOT;13998;10;13996;11;13994;10;14010.0;12;14013.0;10;14016.0;9;14004.0;0.0
0;2400;ASH_COATED_OSMIUM;9994;14;9991;11;9990;30;10012.0;10;10014.0;26;10017.0;11;10002.5;0.0
0;2400;INTARIAN_PEPPER_ROOT;14004;9;;;;;14007.0;11;;;;;14005.5;0.0
0;2500;ASH_COATED_OSMIUM;9994;5;;;;;10010.0;13;;;;;10002.5;0.0
0;2500;INTARIAN_PEPPER_ROOT;13990;9;;;;;14006.0;12;;;;;13998.5;0.0
0;2600;ASH_COATED_OSMIUM;9994;27;9991;13;9988;12;10010.0;14;10013.0;24;10016.0;12;10002.5;0.0
0;2600;INTARIAN_PEPPER_ROOT;13990;10;13988;11;13985;11;14010.0;11;14012.0;12;14013.0;15;14000.0;0.0
0;2700;ASH_COATED_OSMIUM;9993;11;9992;13;;;10012.0;2;10014.0;10;;;10002.5;0.0
0;2700;INTARIAN_PEPPER_ROOT;13996;10;13994;20;13992;10;14009.0;8;14011.0;21;14013.0;9;14002.0;0.0
0;2800;ASH_COATED_OSMIUM;9994;15;9992;15;9989;15;10010.0;15;10012.0;14;10013.0;11;10002.5;0.0
0;2800;INTARIAN_PEPPER_ROOT;13996;9;13993;10;13990;10;14011.0;10;14014.0;11;14017.0;22;14004.0;0.0
0;2900;ASH_COATED_OSMIUM;9990;12;;;;;10006.0;11;;;;;9997.5;0.0
0;2900;INTARIAN_PEPPER_ROOT;13997;10;13995;12;;;14014.0;8;14017.0;8;;;14005.5;0.0
0;3000;ASH_COATED_OSMIUM;9994;29;9992;11;;;10010.0;25;10012.0;10;;;10002.5;0.0
0;3000;INTARIAN_PEPPER_ROOT;13997;15;13994;12;13993;10;14015.0;24;14017.0;9;14018.0;18;14006.0;0.0
0;3100;ASH_COATED_OSMIUM;9990;24;;;;;10006.0;12;;;;;9997.5;0.0
0;3100;INTARIAN_PEPPER_ROOT;13992;12;13990;11;;;14005.0;23;14008.0;10;;;13999.0;0.0
0;3200;ASH_COATED_OSMIUM;9990;24;9988;12;9985;28;10006.0;28;10007.0;29;10010.0;12;9997.5;0.0
0;3200;INTARIAN_PEPPER_ROOT;13996;25;13995;11;;;14008.0;10;14009.0;19;;;14002.0;0.0
0;3300;ASH_COATED_OSMIUM;9990;10;9988;14;;;10006.0;15;10007.0;26;;;9997.5;0.0
0;3300;INTARIAN_PEPPER_ROOT;13994;10;13991;11;;;14007.0;8;14008.0;8;;;14001.0;0.0
0;3400;ASH_COATED_OSMIUM;9994;13;9991;12;;;10012.0;15;10014.0;14;;;10002.5;0.0
0;3400;INTARIAN_PEPPER_ROOT;13995;19;13993;10;;;14009.0;11;14012.0;10;;;14002.0;0.0
0;3500;ASH_COATED_OSMIUM;9993;20;;;;;10012.0;10;;;;;10002.5;0.0
0;3500;INTARIAN_PEPPER_ROOT;13997;12;13994;15;;;14010.0;11;14011.0;11;;;14003.5;0.0
0;3600;ASH_COATED_OSMIUM;9990;10;;;;;10006.0;13;;;;;9997.5;0.0
0;3600;INTARIAN_PEPPER_ROOT;13993;9;;;;;14007.0;10;;;;;14000.0;0.0
0;3700;ASH_COATED_OSMIUM;9990;14;9988;12;;;10006.0;13;10009.0;14;;;9997.5;0.0
0;3700;INTARIAN_PEPPER_ROOT;13994;11;;;;;14009.0;12;;;;;14002.0;0.0
0;3800;ASH_COATED_OSMIUM;9994;10;;;;;10010.0;12;;;;;10002.5;0.0
0;3800;INTARIAN_PEPPER_ROOT;13995;24;13993;12;13990;8;14013.0;11;14016.0;8;14018.0;9;14004.0;0.0
0;3900;ASH_COATED_OSMIUM;9994;2;9991;13;;;10010.0;13;10012.0;12;;;10002.5;0.0
0;3900;INTARIAN_PEPPER_ROOT;13994;8;13992;10;;;14012.0;12;14015.0;24;;;14003.0;0.0
0;4000;ASH_COATED_OSMIUM;9994;13;9992;21;;;10010.0;10;10013.0;14;;;10002.5;0.0
0;4000;INTARIAN_PEPPER_ROOT;13996;8;;;;;14011.0;8;;;;;14003.5;0.0
0;4100;ASH_COATED_OSMIUM;9988;26;9987;11;;;10007.0;11;10008.0;15;;;9997.5;0.0
0;4100;INTARIAN_PEPPER_ROOT;13994;11;13991;11;;;14007.0;9;14010.0;9;;;14000.0;0.0
0;4200;ASH_COATED_OSMIUM;9988;12;9985;12;9982;14;10007.0;15;10009.0;15;10011.0;14;9997.5;0.0
0;4200;INTARIAN_PEPPER_ROOT;13994;10;13993;12;;;14007.0;8;14008.0;8;;;14000.0;0.0
0;4300;ASH_COATED_OSMIUM;9990;12;9988;13;9986;9;10006.0;13;10008.0;11;10010.0;14;9997.5;0.0
0;4300;INTARIAN_PEPPER_ROOT;13998;12;13997;10;;;14010.0;22;14011.0;8;;;14004.5;0.0
0;4400;ASH_COATED_OSMIUM;9994;30;;;;;10010.0;4;;;;;10002.5;0.0
0;4400;INTARIAN_PEPPER_ROOT;13996;8;;;;;14009.0;12;;;;;14002.5;0.0
0;4500;ASH_COATED_OSMIUM;9988;13;9987;12;;;10007.0;13;10010.0;14;;;9997.5;0.0
0;4500;INTARIAN_PEPPER_ROOT;13996;10;;;;;14011.0;9;;;;;14003.0;0.0
0;4600;ASH_COATED_OSMIUM;9988;14;;;;;10006.0;14;;;;;9997.5;0.0
0;4600;INTARIAN_PEPPER_ROOT;13998;12;13995;9;;;14013.0;10;14015.0;9;;;14005.5;0.0
0;4700;ASH_COATED_OSMIUM;9988;11;9986;15;9983;24;10007.0;11;10008.0;29;10011.0;11;9997.5;0.0
0;4700;INTARIAN_PEPPER_ROOT;13998;11;;;;;14011.0;11;;;;;14004.5;0.0
0;4800;ASH_COATED_OSMIUM;9994;5;9993;11;9991;11;10012.0;26;10015.0;15;10016.0;15;10002.5;0.0
0;4800;INTARIAN_PEPPER_ROOT;13999;10;;;;;14011.0;10;;;;;14005.0;0.0
0;4900;ASH_COATED_OSMIUM;9990;13;9988;29;9985;10;10006.0;21;10009.0;15;10010.0;24;9997.5;0.0
0;4900;INTARIAN_PEPPER_ROOT;13996;24;13995;11;13992;9;14010.0;17;14011.0;11;14012.0;18;14003.5;0.0
0;5000;ASH_COATED_OSMIUM;9994;12;9992;8;9989;13;10010.0;11;10012.0;15;10013.0;15;10002.5;0.0
0;5000;INTARIAN_PEPPER_ROOT;13998;9;13997;9;13994;22;14011.0;8;14012.0;9;14013.0;12;14005.0;0.0
0;5100;ASH_COATED_OSMIUM;9988;25;;;;;10007.0;3;;;;;9997.5;0.0
0;5100;INTARIAN_PEPPER_ROOT;13998;9;13996;9;13995;8;14010.0;11;14012.0;8;14013.0;19;14004.0;0.0
0;5200;ASH_COATED_OSMIUM;9988;14;;;;;10006.0;2;;;;;9997.5;0.0
0;5200;INTARIAN_PEPPER_ROOT;13999;10;;;;;14013.0;22;;;;;14006.0;0.0
0;5300;ASH_COATED_OSMIUM;9990;11;9987;13;9984;23;10006.0;11;10008.0;29;10011.0;23;9997.5;0.0
0;5300;INTARIAN_PEPPER_ROOT;13998;8;13996;9;;;14012.0;21;14015.0;12;;;14005.5;0.0
0;5400;ASH_COATED_OSMIUM;9993;10;9991;10;9988;13;10012.0;24;10015.0;13;10016.0;14;10002.5;0.0
0;5400;INTARIAN_PEPPER_ROOT;13996;10;13994;17;;;14009.0;12;14011.0;11;;;14002.5;0.0
0;5500;ASH_COATED_OSMIUM;9990;13;9988;22;9987;26;10006.0;10;10007.0;3;10009.0;11;9997.5;0.0
0;5500;INTARIAN_PEPPER_ROOT;13999;10;13997;24;13994;12;14012.0;10;14014.0;12;14015.0;10;14005.5;0.0
0;5600;ASH_COATED_OSMIUM;9998;15;;;;;10007.0;6;;;;;10002.5;0.0
0;5600;INTARIAN_PEPPER_ROOT;14000;12;13998;23;13997;9;14012.0;12;14015.0;10;14017.0;9;14006.5;0.0
0;5700;ASH_COATED_OSMIUM;9988;15;9986;13;;;10007.0;14;10010.0;15;;;9997.5;0.0
0;5700;INTARIAN_PEPPER_ROOT;14008;24;14005;9;;;14012.0;25;14014.0;9;;;14010.5;0.0
0;5800;ASH_COATED_OSMIUM;9994;12;9993;12;9992;12;10010.0;14;10011.0;2;10013.0;12;10002.5;0.0
0;5800;INTARIAN_PEPPER_ROOT;13998;8;13995;25;13993;22;14011.0;9;14014.0;10;14016.0;11;14005.0;0.0
0;5900;ASH_COATED_OSMIUM;9990;14;;;;;10006.0;13;;;;;9997.5;0.0
0;5900;INTARIAN_PEPPER_ROOT;14000;15;13997;11;13995;8;14012.0;8;14015.0;9;14017.0;12;14006.5;0.0
0;6000;ASH_COATED_OSMIUM;9988;15;9987;15;9985;15;10007.0;11;10010.0;15;10012.0;11;9997.5;0.0
0;6000;INTARIAN_PEPPER_ROOT;14000;25;13999;8;13997;11;14013.0;9;14016.0;8;14017.0;11;14006.5;0.0
0;6100;ASH_COATED_OSMIUM;9998;28;9997;28;;;10008.0;14;10009.0;10;;;10002.5;0.0
0;6100;INTARIAN_PEPPER_ROOT;13998;8;13995;12;13992;11;14012.0;16;14013.0;12;14015.0;12;14005.0;0.0
0;6200;ASH_COATED_OSMIUM;9988;11;;;;;10006.0;15;;;;;9997.5;0.0
0;6200;INTARIAN_PEPPER_ROOT;14000;8;13997;8;13996;20;14016.0;9;14019.0;12;14021.0;10;14008.5;0.0
0;6300;ASH_COATED_OSMIUM;9990;15;9989;13;9986;11;10006.0;10;10007.0;15;10009.0;15;9997.5;0.0
0;6300;INTARIAN_PEPPER_ROOT;14001;12;14000;10;13997;8;14015.0;11;14018.0;23;14020.0;10;14008.0;0.0
0;6400;ASH_COATED_OSMIUM;9988;14;;;;;10007.0;13;;;;;9997.5;0.0
0;6400;INTARIAN_PEPPER_ROOT;14000;12;13998;8;;;14013.0;12;14014.0;11;;;14006.0;0.0
0;6500;ASH_COATED_OSMIUM;9994;10;9992;15;9990;14;10010.0;11;10013.0;15;10014.0;12;10002.5;0.0
0;6500;INTARIAN_PEPPER_ROOT;14004;23;14003;12;14001;11;14017.0;10;14020.0;12;14021.0;8;14010.5;0.0
0;6600;ASH_COATED_OSMIUM;9996;14;;;;;10008.0;13;;;;;10002.5;0.0
0;6600;INTARIAN_PEPPER_ROOT;14002;15;13999;8;;;14014.0;23;14016.0;23;;;14008.0;0.0
0;6700;ASH_COATED_OSMIUM;9990;14;9989;10;9988;11;10006.0;10;10008.0;11;10010.0;13;9997.5;0.0
0;6700;INTARIAN_PEPPER_ROOT;13998;9;13996;10;;;14020.0;12;14023.0;25;;;14009.5;0.0
0;6800;ASH_COATED_OSMIUM;9987;15;;;;;10008.0;14;;;;;9997.5;0.0
0;6800;INTARIAN_PEPPER_ROOT;14008;12;14005;11;14002;10;14022.0;22;14024.0;10;14025.0;19;14014.5;0.0
0;6900;ASH_COATED_OSMIUM;9994;10;9993;15;9992;21;10010.0;23;10012.0;11;10013.0;11;10002.5;0.0
0;6900;INTARIAN_PEPPER_ROOT;14008;8;;;;;14022.0;10;;;;;14015.0;0.0
0;7000;ASH_COATED_OSMIUM;9998;13;9995;11;9992;4;10008.0;10;10010.0;15;10011.0;26;10002.5;0.0
0;7000;INTARIAN_PEPPER_ROOT;14000;10;13998;12;;;14016.0;12;14018.0;10;;;14008.0;0.0
0;7100;ASH_COATED_OSMIUM;9990;14;;;;;10006.0;22;;;;;9997.5;0.0
0;7100;INTARIAN_PEPPER_ROOT;13998;16;;;;;14011.0;9;;;;;14004.0;0.0
0;7200;ASH_COATED_OSMIUM;9990;11;9988;26;;;10006.0;14;10009.0;13;;;9997.5;0.0
0;7200;INTARIAN_PEPPER_ROOT;13998;12;;;;;14015.0;9;;;;;14006.0;0.0
0;7300;ASH_COATED_OSMIUM;9990;28;9987;28;;;10006.0;13;10007.0;10;;;9997.5;0.0
0;7300;INTARIAN_PEPPER_ROOT;14002;11;13999;21;13997;9;14009.0;10;14011.0;12;14012.0;12;14006.0;0.0
0;7400;ASH_COATED_OSMIUM;9988;12;;;;;10006.0;12;;;;;9997.5;0.0
0;7400;INTARIAN_PEPPER_ROOT;14000;8;13998;15;;;14013.0;11;14015.0;9;;;14007.0;0.0
0;7500;ASH_COATED_OSMIUM;9993;13;9990;13;;;10012.0;12;10015.0;12;;;10002.5;0.0
0;7500;INTARIAN_PEPPER_ROOT;14002;11;13999;11;13998;10;14017.0;12;14019.0;11;14020.0;9;14009.5;0.0
0;7600;ASH_COATED_OSMIUM;9990;12;9989;13;9987;12;10006.0;10;10007.0;15;10009.0;4;9997.5;0.0
0;7600;INTARIAN_PEPPER_ROOT;14000;11;13997;11;13996;12;14013.0;9;14014.0;11;14016.0;16;14007.0;0.0
0;7700;ASH_COATED_OSMIUM;9994;11;9992;25;9991;12;10010.0;30;10012.0;13;10014.0;14;10002.5;0.0
0;7700;INTARIAN_PEPPER_ROOT;13998;11;13995;19;13993;10;14012.0;11;14013.0;10;14015.0;24;14005.0;0.0
0;7800;ASH_COATED_OSMIUM;9994;13;9993;14;;;10000.0;12;10001.0;15;;;9997.5;0.0
0;7800;INTARIAN_PEPPER_ROOT;14008;9;14007;10;14005;10;14012.0;12;14014.0;10;14017.0;9;14010.0;0.0
0;7900;ASH_COATED_OSMIUM;9994;15;9993;14;;;10010.0;24;10012.0;14;;;10002.5;0.0
0;7900;INTARIAN_PEPPER_ROOT;14000;9;13998;12;;;14016.0;9;14018.0;9;;;14008.0;0.0
0;8000;ASH_COATED_OSMIUM;9990;12;9988;12;9985;10;10006.0;10;10008.0;14;10010.0;22;9997.5;0.0
0;8000;INTARIAN_PEPPER_ROOT;14002;8;14000;23;;;14016.0;12;14019.0;16;;;14008.5;0.0
0;8100;ASH_COATED_OSMIUM;9988;15;9985;13;;;10007.0;23;10010.0;12;;;9997.5;0.0
0;8100;INTARIAN_PEPPER_ROOT;14004;10;14003;12;;;14020.0;10;14023.0;12;;;14012.5;0.0
0;8200;ASH_COATED_OSMIUM;9990;14;9988;11;;;10006.0;14;10007.0;5;;;9997.5;0.0
0;8200;INTARIAN_PEPPER_ROOT;14000;10;13997;12;13996;12;14013.0;12;14015.0;11;14016.0;12;14007.0;0.0
0;8300;ASH_COATED_OSMIUM;9996;20;9995;12;9993;12;10008.0;11;10011.0;15;10012.0;11;10002.5;0.0
0;8300;INTARIAN_PEPPER_ROOT;13998;12;13995;18;;;14012.0;11;14015.0;8;;;14005.0;0.0
0;8400;ASH_COATED_OSMIUM;9990;13;;;;;10006.0;14;;;;;9997.5;0.0
0;8400;INTARIAN_PEPPER_ROOT;14003;12;14002;15;13999;21;14015.0;12;14017.0;8;14019.0;12;14009.0;0.0
0;8500;ASH_COATED_OSMIUM;9988;14;9986;11;9984;10;10007.0;15;10009.0;15;10011.0;15;9997.5;0.0
0;8500;INTARIAN_PEPPER_ROOT;14008;10;;;;;14010.0;12;;;;;14009.0;0.0
0;8600;ASH_COATED_OSMIUM;9990;24;9989;15;9986;14;10006.0;11;10008.0;15;10011.0;12;9997.5;0.0
0;8600;INTARIAN_PEPPER_ROOT;14002;8;;;;;14018.0;12;;;;;14010.0;0.0
0;8700;ASH_COATED_OSMIUM;9992;15;;;;;10013.0;13;;;;;10002.5;0.0
0;8700;INTARIAN_PEPPER_ROOT;14000;8;13997;10;13995;9;14014.0;12;14016.0;11;14019.0;5;14006.5;0.0
0;8800;ASH_COATED_OSMIUM;9989;26;9986;10;9985;21;10006.0;10;10007.0;28;10009.0;27;9997.5;0.0
0;8800;INTARIAN_PEPPER_ROOT;14002;12;14000;9;13999;10;14017.0;9;14019.0;16;14021.0;20;14009.5;0.0
0;8900;ASH_COATED_OSMIUM;9990;21;9989;27;9987;15;10006.0;12;10007.0;14;10008.0;14;9997.5;0.0
0;8900;INTARIAN_PEPPER_ROOT;14000;10;13997;9;;;14015.0;11;14018.0;22;;;14007.5;0.0
0;9000;ASH_COATED_OSMIUM;9988;11;;;;;10006.0;15;;;;;9997.5;0.0
0;9000;INTARIAN_PEPPER_ROOT;14007;24;14005;18;;;14021.0;20;14022.0;8;;;14014.0;0.0
0;9100;ASH_COATED_OSMIUM;9994;15;9992;13;9991;11;10010.0;10;10012.0;12;10013.0;10;10002.5;0.0
0;9100;INTARIAN_PEPPER_ROOT;13998;11;13995;8;13993;11;14015.0;12;14018.0;10;14021.0;8;14006.5;0.0
0;9200;ASH_COATED_OSMIUM;9988;15;9986;13;;;10007.0;11;10008.0;4;;;9997.5;0.0
0;9200;INTARIAN_PEPPER_ROOT;14006;12;14005;10;;;14018.0;12;14020.0;12;;;14011.5;0.0
0;9300;ASH_COATED_OSMIUM;9994;13;9993;13;;;10012.0;20;10013.0;12;;;10002.5;0.0
0;9300;INTARIAN_PEPPER_ROOT;14002;5;;;;;14017.0;12;;;;;14009.0;0.0
0;9400;ASH_COATED_OSMIUM;9990;12;9988;14;;;10006.0;12;10007.0;11;;;9997.5;0.0
0;9400;INTARIAN_PEPPER_ROOT;14002;12;14001;8;;;14017.0;9;14019.0;12;;;14009.0;0.0
0;9500;ASH_COATED_OSMIUM;9994;11;9993;11;9990;11;10010.0;13;10011.0;10;10012.0;10;10002.5;0.0
0;9500;INTARIAN_PEPPER_ROOT;14002;8;14000;9;13999;22;14016.0;8;14018.0;11;14021.0;10;14009.5;0.0
0;9600;ASH_COATED_OSMIUM;9990;13;9989;15;;;10006.0;15;10008.0;14;;;9997.5;0.0
0;9600;INTARIAN_PEPPER_ROOT;14003;11;14002;16;;;14018.0;11;14021.0;8;;;14010.5;0.0
0;9700;ASH_COATED_OSMIUM;10000;10;9998;15;;;10006.0;15;10008.0;13;;;10002.5;0.0
0;9700;INTARIAN_PEPPER_ROOT;14004;9;;;;;14016.0;10;;;;;14010.0;0.0
0;9800;ASH_COATED_OSMIUM;9990;5;9988;11;9986;12;10006.0;12;10009.0;21;10010.0;10;9997.5;0.0
0;9800;INTARIAN_PEPPER_ROOT;14001;10;;;;;14015.0;9;;;;;14008.0;0.0
0;9900;ASH_COATED_OSMIUM;9988;12;9987;27;;;10006.0;15;10008.0;26;;;9997.5;0.0
0;9900;INTARIAN_PEPPER_ROOT;14004;8;14001;10;;;14020.0;11;14021.0;12;;;14012.5;0.0
0;10000;ASH_COATED_OSMIUM;9994;10;9993;14;9991;11;10012.0;13;10013.0;14;10016.0;25;10002.5;0.0
0;10000;INTARIAN_PEPPER_ROOT;14004;8;14002;11;;;14017.0;10;14020.0;10;;;14010.5;0.0
0;10100;ASH_COATED_OSMIUM;9993;28;9992;14;;;10012.0;15;10013.0;14;;;10002.5;0.0
0;10100;INTARIAN_PEPPER_ROOT;14012;12;14011;11;;;14025.0;16;14027.0;5;;;14019.0;0.0
0;10200;ASH_COATED_OSMIUM;9988;11;9986;10;9984;12;10007.0;10;10010.0;12;10013.0;14;9997.5;0.0
0;10200;INTARIAN_PEPPER_ROOT;13998;8;13995;11;;;14012.0;19;14015.0;8;;;14004.5;0.0
0;10300;ASH_COATED_OSMIUM;9990;15;9988;11;;;10006.0;15;10007.0;10;;;9997.5;0.0
0;10300;INTARIAN_PEPPER_ROOT;13997;11;13995;9;;;14018.0;8;14020.0;11;;;14007.5;0.0
0;10400;ASH_COATED_OSMIUM;9994;4;9992;14;;;10010.0;13;10011.0;10;;;10002.5;0.0
0;10400;INTARIAN_PEPPER_ROOT;14001;16;13999;11;;;14014.0;11;14016.0;8;;;14007.5;0.0
0;10500;ASH_COATED_OSMIUM;9990;13;9987;12;;;10006.0;12;10008.0;12;;;9997.5;0.0
0;10500;INTARIAN_PEPPER_ROOT;14000;8;;;;;14015.0;9;;;;;14008.0;0.0
0;10600;ASH_COATED_OSMIUM;9994;13;9991;13;;;10010.0;12;10011.0;10;;;10002.5;0.0
0;10600;INTARIAN_PEPPER_ROOT;14006;11;14005;24;;;14021.0;9;14022.0;12;;;14013.0;0.0
0;10700;ASH_COATED_OSMIUM;9994;10;9991;10;9989;13;10010.0;12;10011.0;4;10014.0;15;10002.5;0.0
0;10700;INTARIAN_PEPPER_ROOT;14002;11;13999;9;13998;17;14016.0;8;14018.0;9;14021.0;12;14009.0;0.0
0;10800;ASH_COATED_OSMIUM;9992;15;9990;10;;;10002.0;2;10003.0;15;;;9997.5;0.0
0;10800;INTARIAN_PEPPER_ROOT;14009;8;14006;8;;;14024.0;19;14027.0;25;;;14016.5;0.0
0;10900;ASH_COATED_OSMIUM;9993;30;9991;10;;;10012.0;13;10014.0;12;;;10002.5;0.0
0;10900;INTARIAN_PEPPER_ROOT;14003;12;14000;20;;;14018.0;9;14021.0;17;;;14010.5;0.0
0;11000;ASH_COATED_OSMIUM;9994;10;9992;12;;;10010.0;14;10012.0;13;;;10002.5;0.0
0;11000;INTARIAN_PEPPER_ROOT;14004;8;14002;19;13999;12;14019.0;24;14020.0;12;14023.0;9;14012.0;0.0
0;11100;ASH_COATED_OSMIUM;9987;10;9986;26;9983;24;10008.0;14;10010.0;29;10012.0;29;9997.5;0.0
0;11100;INTARIAN_PEPPER_ROOT;14006;12;14004;19;14001;10;14019.0;10;14022.0;9;14024.0;10;14012.5;0.0
0;11200;ASH_COATED_OSMIUM;9990;15;9988;15;;;10006.0;12;10007.0;15;;;9997.5;0.0
0;11200;INTARIAN_PEPPER_ROOT;14004;21;;;;;14018.0;10;;;;;14011.0;0.0
0;11300;ASH_COATED_OSMIUM;9988;11;;;;;10007.0;12;;;;;9997.5;0.0
0;11300;INTARIAN_PEPPER_ROOT;14002;11;13999;9;;;14015.0;9;14016.0;9;;;14009.0;0.0
0;11400;ASH_COATED_OSMIUM;9990;13;9988;12;9987;15;10006.0;13;10009.0;25;10011.0;29;9997.5;0.0
0;11400;INTARIAN_PEPPER_ROOT;14004;10;14003;10;;;14025.0;10;14028.0;8;;;14015.0;0.0
0;11500;ASH_COATED_OSMIUM;9990;15;9988;11;;;10006.0;14;10009.0;30;;;9997.5;0.0
0;11500;INTARIAN_PEPPER_ROOT;14006;9;14004;11;14001;9;14019.0;9;14022.0;12;14025.0;12;14013.0;0.0
0;11600;ASH_COATED_OSMIUM;9988;14;9987;14;;;10007.0;11;10008.0;21;;;9997.5;0.0
0;11600;INTARIAN_PEPPER_ROOT;14012;8;;;;;14014.0;11;;;;;14013.0;0.0
0;11700;ASH_COATED_OSMIUM;9988;11;9985;15;;;10007.0;26;10008.0;13;;;9997.5;0.0
0;11700;INTARIAN_PEPPER_ROOT;14006;12;;;;;14019.0;8;;;;;14012.5;0.0
0;11800;ASH_COATED_OSMIUM;9990;3;9988;10;;;10006.0;11;10009.0;10;;;9997.5;0.0
0;11800;INTARIAN_PEPPER_ROOT;14009;7;14008;9;14007;11;14023.0;12;14024.0;8;14027.0;21;14016.0;0.0
0;11900;ASH_COATED_OSMIUM;9990;10;9987;11;9985;24;10006.0;11;10008.0;28;10011.0;15;9997.5;0.0
0;11900;INTARIAN_PEPPER_ROOT;14002;10;;;;;14014.0;11;;;;;14008.0;0.0
0;12000;ASH_COATED_OSMIUM;9990;14;;;;;10006.0;10;;;;;9997.5;0.0
0;12000;INTARIAN_PEPPER_ROOT;14004;9;14001;9;13998;18;14017.0;10;14020.0;8;14023.0;8;14010.5;0.0
0;12100;ASH_COATED_OSMIUM;9990;26;;;;;10006.0;21;;;;;9997.5;0.0
0;12100;INTARIAN_PEPPER_ROOT;14006;10;14004;8;;;14019.0;12;14022.0;10;;;14013.0;0.0
0;12200;ASH_COATED_OSMIUM;9990;13;9987;13;;;10006.0;11;10007.0;14;;;9997.5;0.0
0;12200;INTARIAN_PEPPER_ROOT;14002;10;;;;;14016.0;10;;;;;14008.5;0.0
0;12300;ASH_COATED_OSMIUM;9990;10;9987;4;9985;13;10006.0;15;10009.0;15;10010.0;13;9997.5;0.0
0;12300;INTARIAN_PEPPER_ROOT;14014;8;14011;11;14010;10;14016.0;10;14018.0;16;14021.0;8;14015.5;0.0
0;12400;ASH_COATED_OSMIUM;9994;14;9993;15;9990;11;10010.0;12;10013.0;13;10015.0;15;10002.5;0.0
0;12400;INTARIAN_PEPPER_ROOT;14004;5;;;;;14020.0;9;;;;;14012.0;0.0
0;12500;ASH_COATED_OSMIUM;9990;13;9987;29;;;10006.0;15;10008.0;11;;;9997.5;0.0
0;12500;INTARIAN_PEPPER_ROOT;14004;9;;;;;14017.0;22;;;;;14010.0;0.0
0;12600;ASH_COATED_OSMIUM;9988;11;9985;14;;;10007.0;12;10008.0;28;;;9997.5;0.0
0;12600;INTARIAN_PEPPER_ROOT;14004;10;14002;9;;;14022.0;12;14024.0;8;;;14013.0;0.0
0;12700;ASH_COATED_OSMIUM;9994;13;;;;;10010.0;15;;;;;10002.5;0.0
0;12700;INTARIAN_PEPPER_ROOT;14003;11;14001;8;13998;11;14020.0;9;14022.0;11;14024.0;9;14011.5;0.0
0;12800;ASH_COATED_OSMIUM;9994;11;;;;;10012.0;14;;;;;10002.5;0.0
0;12800;INTARIAN_PEPPER_ROOT;14006;12;;;;;14019.0;11;;;;;14012.0;0.0
0;12900;ASH_COATED_OSMIUM;9990;11;9989;21;;;10006.0;14;10007.0;11;;;9997.5;0.0
0;12900;INTARIAN_PEPPER_ROOT;14008;9;14007;8;14006;11;14023.0;11;14024.0;8;14027.0;8;14015.0;0.0
0;13000;ASH_COATED_OSMIUM;9990;25;9989;12;9988;11;10006.0;13;10007.0;26;10008.0;15;9997.5;0.0
0;13000;INTARIAN_PEPPER_ROOT;14004;8;;;;;14019.0;9;;;;;14011.0;0.0
0;13100;ASH_COATED_OSMIUM;9994;2;9991;11;;;10010.0;26;10011.0;13;;;10002.5;0.0
0;13100;INTARIAN_PEPPER_ROOT;14006;12;14003;11;14000;11;14018.0;18;14020.0;8;14022.0;23;14011.5;0.0
0;13200;ASH_COATED_OSMIUM;9994;22;;;;;10010.0;10;;;;;10002.5;0.0
0;13200;INTARIAN_PEPPER_ROOT;14008;10;;;;;14021.0;11;;;;;14014.0;0.0
0;13300;ASH_COATED_OSMIUM;9994;24;;;;;10010.0;15;;;;;10002.5;0.0
0;13300;INTARIAN_PEPPER_ROOT;14007;11;;;;;14021.0;10;;;;;14014.0;0.0
0;13400;ASH_COATED_OSMIUM;9990;23;9987;11;9984;14;10006.0;21;10007.0;15;10008.0;15;9997.5;0.0
0;13400;INTARIAN_PEPPER_ROOT;14003;8;14002;23;;;14022.0;9;14025.0;11;;;14012.5;0.0
0;13500;ASH_COATED_OSMIUM;9990;15;9989;25;9987;14;10006.0;27;10008.0;4;10009.0;13;9997.5;0.0
0;13500;INTARIAN_PEPPER_ROOT;14010;18;14008;12;;;14023.0;20;14026.0;9;;;14016.5;0.0
0;13600;ASH_COATED_OSMIUM;9990;10;9989;10;9988;12;10006.0;15;10009.0;5;10011.0;14;9997.5;0.0
0;13600;INTARIAN_PEPPER_ROOT;14006;21;14003;12;14001;11;14020.0;12;14023.0;9;14025.0;11;14013.5;0.0
0;13700;ASH_COATED_OSMIUM;9990;27;9989;12;;;10006.0;12;10007.0;12;;;9997.5;0.0
0;13700;INTARIAN_PEPPER_ROOT;14006;11;14005;10;;;14018.0;21;14019.0;9;;;14012.5;0.0
0;13800;ASH_COATED_OSMIUM;9994;14;9993;10;;;10010.0;11;10013.0;11;;;10002.5;0.0
0;13800;INTARIAN_PEPPER_ROOT;14007;12;;;;;14020.0;9;;;;;14013.5;0.0
0;13900;ASH_COATED_OSMIUM;9990;11;;;;;10006.0;13;;;;;9997.5;0.0
0;13900;INTARIAN_PEPPER_ROOT;14006;10;;;;;14020.0;8;;;;;14013.0;0.0
0;14000;ASH_COATED_OSMIUM;9990;29;9988;14;;;10006.0;12;10009.0;12;;;9997.5;0.0
0;14000;INTARIAN_PEPPER_ROOT;14008;8;14005;11;14003;8;14022.0;22;14024.0;9;14027.0;23;14015.5;0.0
0;14100;ASH_COATED_OSMIUM;9994;15;9991;14;;;10010.0;15;10011.0;15;;;10002.5;0.0
0;14100;INTARIAN_PEPPER_ROOT;14006;11;14004;6;;;14021.0;8;14022.0;9;;;14013.5;0.0
0;14200;ASH_COATED_OSMIUM;9990;12;9988;29;;;10006.0;24;10007.0;12;;;9997.5;0.0
0;14200;INTARIAN_PEPPER_ROOT;14006;10;;;;;14024.0;8;;;;;14014.5;0.0
0;14300;ASH_COATED_OSMIUM;9994;12;9993;12;;;10010.0;11;10012.0;10;;;10002.5;0.0
0;14300;INTARIAN_PEPPER_ROOT;14005;24;14002;20;;;14020.0;8;14021.0;10;;;14012.5;0.0
0;14400;ASH_COATED_OSMIUM;9994;27;;;;;10010.0;12;;;;;10002.5;0.0
0;14400;INTARIAN_PEPPER_ROOT;14008;9;14006;10;;;14024.0;11;14027.0;10;;;14016.0;0.0
0;14500;ASH_COATED_OSMIUM;9994;15;;;;;10010.0;30;;;;;10002.5;0.0
0;14500;INTARIAN_PEPPER_ROOT;14013;11;14012;12;;;14017.0;9;14018.0;10;;;14015.0;0.0
0;14600;ASH_COATED_OSMIUM;9993;13;;;;;10012.0;10;;;;;10002.5;0.0
0;14600;INTARIAN_PEPPER_ROOT;14008;12;14005;10;;;14024.0;12;14026.0;10;;;14015.5;0.0
0;14700;ASH_COATED_OSMIUM;9994;13;;;;;10010.0;14;;;;;10002.5;0.0
0;14700;INTARIAN_PEPPER_ROOT;14008;12;14007;23;;;14023.0;8;14024.0;11;;;14015.5;0.0
0;14800;ASH_COATED_OSMIUM;9990;11;;;;;10006.0;11;;;;;9997.5;0.0
0;14800;INTARIAN_PEPPER_ROOT;14001;21;14000;19;;;14015.0;12;14018.0;22;;;14008.0;0.0
0;14900;ASH_COATED_OSMIUM;9987;15;9984;11;9983;20;10008.0;26;10011.0;15;10014.0;14;9997.5;0.0
0;14900;INTARIAN_PEPPER_ROOT;14005;12;;;;;14019.0;16;;;;;14012.0;0.0
0;15000;ASH_COATED_OSMIUM;9992;11;;;;;10002.0;21;;;;;9997.5;0.0
0;15000;INTARIAN_PEPPER_ROOT;14007;11;14006;9;14004;20;14025.0;9;14026.0;8;14029.0;9;14016.0;0.0
0;15100;ASH_COATED_OSMIUM;9995;15;9993;29;;;10010.0;14;10011.0;12;;;10002.5;0.0
0;15100;INTARIAN_PEPPER_ROOT;14010;9;14009;12;;;14025.0;11;14026.0;18;;;14018.0;0.0
0;15200;ASH_COATED_OSMIUM;9992;14;;;;;10003.0;22;;;;;9997.5;0.0
0;15200;INTARIAN_PEPPER_ROOT;14012;12;14011;21;;;14028.0;11;14031.0;9;;;14020.5;0.0
0;15300;ASH_COATED_OSMIUM;9994;15;9992;14;;;10010.0;12;10012.0;15;;;10002.5;0.0
0;15300;INTARIAN_PEPPER_ROOT;14016;18;14015;15;14013;8;14018.0;11;14019.0;15;14021.0;10;14017.0;0.0
0;15400;ASH_COATED_OSMIUM;9994;14;;;;;10010.0;13;;;;;10002.5;0.0
0;15400;INTARIAN_PEPPER_ROOT;14011;10;;;;;14023.0;25;;;;;14017.0;0.0
0;15500;ASH_COATED_OSMIUM;9993;5;;;;;10012.0;11;;;;;10002.5;0.0
0;15500;INTARIAN_PEPPER_ROOT;14008;12;14006;11;14003;11;14023.0;9;14026.0;8;14028.0;8;14015.5;0.0
0;15600;ASH_COATED_OSMIUM;9994;30;9992;12;;;10010.0;13;10013.0;14;;;10002.5;0.0
0;15600;INTARIAN_PEPPER_ROOT;14000;11;;;;;14018.0;11;;;;;14009.5;0.0
0;15700;ASH_COATED_OSMIUM;9990;12;;;;;10006.0;21;;;;;9997.5;0.0
0;15700;INTARIAN_PEPPER_ROOT;14009;12;14006;11;14003;11;14023.0;11;14026.0;12;14028.0;10;14016.0;0.0
0;15800;ASH_COATED_OSMIUM;9994;10;9992;14;9991;14;10010.0;10;10012.0;13;10013.0;12;10002.5;0.0
0;15800;INTARIAN_PEPPER_ROOT;14006;11;;;;;14023.0;20;;;;;14015.0;0.0
0;15900;ASH_COATED_OSMIUM;9990;15;9988;10;;;10006.0;15;10009.0;10;;;9997.5;0.0
0;15900;INTARIAN_PEPPER_ROOT;14014;23;14013;9;14011;11;14027.0;9;14028.0;21;14031.0;8;14021.0;0.0
0;16000;ASH_COATED_OSMIUM;9993;15;9990;21;;;10012.0;14;10014.0;10;;;10002.5;0.0
0;16000;INTARIAN_PEPPER_ROOT;14008;12;14007;9;;;14021.0;11;14022.0;11;;;14015.0;0.0
0;16100;ASH_COATED_OSMIUM;9988;15;9987;11;9985;10;10007.0;27;10009.0;5;10011.0;12;9997.5;0.0
0;16100;INTARIAN_PEPPER_ROOT;14013;8;14011;10;14009;19;14023.0;10;14026.0;8;14029.0;21;14018.0;0.0
0;16200;ASH_COATED_OSMIUM;9994;10;;;;;10010.0;13;;;;;10002.5;0.0
0;16200;INTARIAN_PEPPER_ROOT;14010;24;14007;8;;;14028.0;16;14030.0;11;;;14019.0;0.0
0;16300;ASH_COATED_OSMIUM;9994;15;;;;;10012.0;11;;;;;10002.5;0.0
0;16300;INTARIAN_PEPPER_ROOT;14009;11;14007;11;14004;11;14022.0;8;14024.0;11;14026.0;12;14015.5;0.0
0;16400;ASH_COATED_OSMIUM;9994;10;9992;13;;;10010.0;13;10012.0;12;;;10002.5;0.0
0;16400;INTARIAN_PEPPER_ROOT;14004;12;;;;;14019.0;17;;;;;14011.0;0.0
0;16500;ASH_COATED_OSMIUM;9994;10;;;;;10010.0;10;;;;;10002.5;0.0
0;16500;INTARIAN_PEPPER_ROOT;14006;10;14004;4;14001;5;14023.0;9;14024.0;9;14027.0;8;14015.0;0.0
0;16600;ASH_COATED_OSMIUM;9994;15;9993;13;9992;13;10010.0;15;10011.0;10;10012.0;10;10002.5;0.0
0;16600;INTARIAN_PEPPER_ROOT;14008;9;14005;11;;;14023.0;11;14026.0;8;;;14015.5;0.0
0;16700;ASH_COATED_OSMIUM;9993;15;9991;14;9989;30;10012.0;13;10014.0;15;10017.0;14;10002.5;0.0
0;16700;INTARIAN_PEPPER_ROOT;14011;8;14008;10;14006;12;14027.0;19;14028.0;12;14031.0;10;14019.0;0.0
0;16800;ASH_COATED_OSMIUM;9994;13;9991;14;;;10010.0;10;10013.0;15;;;10002.5;0.0
0;16800;INTARIAN_PEPPER_ROOT;14006;12;14003;11;14001;12;14020.0;9;14021.0;11;14022.0;9;14013.0;0.0
0;16900;ASH_COATED_OSMIUM;9996;15;9994;12;;;10009.0;3;10012.0;21;;;10002.5;0.0
0;16900;INTARIAN_PEPPER_ROOT;14007;11;14005;20;;;14023.0;11;14026.0;8;;;14015.0;0.0
0;17000;ASH_COATED_OSMIUM;9990;11;;;;;10006.0;13;;;;;9997.5;0.0
0;17000;INTARIAN_PEPPER_ROOT;14013;8;14011;11;14008;8;14025.0;8;14027.0;17;14028.0;10;14019.0;0.0
0;17100;ASH_COATED_OSMIUM;9994;11;9993;24;;;10010.0;12;10012.0;11;;;10002.5;0.0
0;17100;INTARIAN_PEPPER_ROOT;14014;25;14013;11;;;14028.0;21;14029.0;12;;;14020.5;0.0
0;17200;ASH_COATED_OSMIUM;9990;28;9989;13;;;10006.0;20;10009.0;23;;;9997.5;0.0
0;17200;INTARIAN_PEPPER_ROOT;14010;10;14009;10;14008;9;14026.0;19;14028.0;11;14029.0;8;14018.0;0.0
0;17300;ASH_COATED_OSMIUM;9994;15;;;;;10010.0;9;;;;;10002.5;0.0
0;17300;INTARIAN_PEPPER_ROOT;14010;11;14007;10;;;14024.0;8;14025.0;10;;;14016.5;0.0
0;17400;ASH_COATED_OSMIUM;9993;10;9990;15;9988;12;10002.0;10;10003.0;14;10005.0;13;9997.5;0.0
0;17400;INTARIAN_PEPPER_ROOT;14010;17;14009;8;;;14023.0;17;14026.0;10;;;14017.0;0.0
0;17500;ASH_COATED_OSMIUM;9988;12;9985;10;9983;12;10006.0;10;10008.0;14;10011.0;11;9997.5;0.0
0;17500;INTARIAN_PEPPER_ROOT;14010;12;14007;15;;;14019.0;11;14022.0;11;;;14015.0;0.0
0;17600;ASH_COATED_OSMIUM;9993;14;9992;22;;;10012.0;20;10014.0;14;;;10002.5;0.0
0;17600;INTARIAN_PEPPER_ROOT;14002;10;;;;;14018.0;12;;;;;14010.5;0.0
0;17700;ASH_COATED_OSMIUM;9988;11;9985;14;9984;12;10006.0;13;10009.0;13;10011.0;10;9997.5;0.0
0;17700;INTARIAN_PEPPER_ROOT;14010;23;;;;;14023.0;8;;;;;14016.5;0.0
0;17800;ASH_COATED_OSMIUM;9988;11;9985;14;;;10007.0;30;10010.0;28;;;9997.5;0.0
0;17800;INTARIAN_PEPPER_ROOT;14013;12;;;;;14027.0;25;;;;;14020.0;0.0
0;17900;ASH_COATED_OSMIUM;9993;15;9992;11;9990;13;10012.0;14;10015.0;10;10018.0;30;10002.5;0.0
0;17900;INTARIAN_PEPPER_ROOT;14008;25;;;;;14026.0;11;;;;;14017.5;0.0
0;18000;ASH_COATED_OSMIUM;9994;14;9992;11;;;10010.0;15;10012.0;15;;;10002.5;0.0
0;18000;INTARIAN_PEPPER_ROOT;14015;8;14014;17;;;14028.0;10;14029.0;10;;;14021.5;0.0
0;18100;ASH_COATED_OSMIUM;9994;29;9993;12;9992;14;10010.0;11;10012.0;11;10013.0;13;10002.5;0.0
0;18100;INTARIAN_PEPPER_ROOT;14010;9;14008;11;;;14026.0;18;14028.0;9;;;14017.5;0.0
0;18200;ASH_COATED_OSMIUM;9990;13;;;;;10006.0;13;;;;;9997.5;0.0
0;18200;INTARIAN_PEPPER_ROOT;14011;9;14009;20;;;14025.0;8;14027.0;21;;;14018.0;0.0
0;18300;ASH_COATED_OSMIUM;9990;15;9988;11;;;10006.0;14;10009.0;11;;;9997.5;0.0
0;18300;INTARIAN_PEPPER_ROOT;14012;12;;;;;14027.0;12;;;;;14019.0;0.0
0;18400;ASH_COATED_OSMIUM;9990;13;9988;26;;;10006.0;11;10009.0;13;;;9997.5;0.0
0;18400;INTARIAN_PEPPER_ROOT;14010;11;;;;;14027.0;10;;;;;14018.0;0.0
0;18500;ASH_COATED_OSMIUM;9990;14;9988;11;;;10006.0;11;10009.0;30;;;9997.5;0.0
0;18500;INTARIAN_PEPPER_ROOT;14006;11;14003;9;;;14024.0;10;14025.0;24;;;14015.0;0.0
0;18600;ASH_COATED_OSMIUM;9994;11;9993;15;9992;20;10010.0;20;10011.0;13;10012.0;11;10002.5;0.0
0;18600;INTARIAN_PEPPER_ROOT;14014;19;;;;;14030.0;9;;;;;14021.5;0.0
0;18700;ASH_COATED_OSMIUM;9990;11;9988;10;9986;12;10006.0;12;10008.0;13;10009.0;10;9997.5;0.0
0;18700;INTARIAN_PEPPER_ROOT;14012;12;14011;9;14009;11;14027.0;8;14028.0;11;14029.0;8;14019.0;0.0
0;18800;ASH_COATED_OSMIUM;9990;15;9987;30;;;10006.0;11;10007.0;21;;;9997.5;0.0
0;18800;INTARIAN_PEPPER_ROOT;14012;10;14009;19;14006;11;14028.0;17;14030.0;12;14031.0;12;14020.0;0.0
0;18900;ASH_COATED_OSMIUM;9994;11;9993;14;;;10012.0;10;10015.0;30;;;10002.5;0.0
0;18900;INTARIAN_PEPPER_ROOT;14012;10;14009;10;14006;10;14024.0;8;14025.0;25;14027.0;20;14018.5;0.0
0;19000;ASH_COATED_OSMIUM;9988;23;9985;13;9982;10;10006.0;21;10009.0;10;10010.0;14;9997.5;0.0
0;19000;INTARIAN_PEPPER_ROOT;14010;11;;;;;14023.0;11;;;;;14016.0;0.0
0;19100;ASH_COATED_OSMIUM;9994;12;;;;;10010.0;14;;;;;10002.5;0.0
0;19100;INTARIAN_PEPPER_ROOT;14010;9;14009;9;;;14025.0;22;14027.0;10;;;14017.5;0.0
0;19200;ASH_COATED_OSMIUM;9988;11;9987;10;9984;12;10006.0;14;10008.0;5;10011.0;28;9997.5;0.0
0;19200;INTARIAN_PEPPER_ROOT;14012;9;;;;;14027.0;9;;;;;14020.0;0.0
0;19300;ASH_COATED_OSMIUM;9988;21;9987;15;9984;13;10007.0;10;10008.0;10;10011.0;28;9997.5;0.0
0;19300;INTARIAN_PEPPER_ROOT;14016;10;14015;9;14014;8;14029.0;8;14030.0;10;14032.0;20;14022.0;0.0
0;19400;ASH_COATED_OSMIUM;9990;11;9988;14;9987;13;10006.0;13;10009.0;30;10012.0;13;9997.5;0.0
0;19400;INTARIAN_PEPPER_ROOT;14016;8;14015;25;;;14029.0;9;14031.0;8;;;14022.5;0.0
0;19500;ASH_COATED_OSMIUM;9994;11;9993;23;;;10010.0;14;10012.0;12;;;10002.5;0.0
0;19500;INTARIAN_PEPPER_ROOT;14014;11;14013;10;14010;11;14029.0;9;14032.0;8;14035.0;3;14021.0;0.0
0;19600;ASH_COATED_OSMIUM;9990;13;9987;10;9985;11;10006.0;10;10009.0;23;10012.0;12;9997.5;0.0
0;19600;INTARIAN_PEPPER_ROOT;14013;9;14011;10;;;14026.0;11;14028.0;10;;;14019.5;0.0
0;19700;ASH_COATED_OSMIUM;9988;15;9987;12;;;10007.0;10;10010.0;15;;;9997.5;0.0
0;19700;INTARIAN_PEPPER_ROOT;14012;16;14009;9;;;14025.0;9;14028.0;9;;;14019.0;0.0
0;19800;ASH_COATED_OSMIUM;9990;13;9987;12;;;10006.0;15;10008.0;12;;;9997.5;0.0
0;19800;INTARIAN_PEPPER_ROOT;14013;10;14012;12;14009;8;14027.0;11;14028.0;11;14029.0;8;14020.0;0.0
0;19900;ASH_COATED_OSMIUM;9994;12;;;;;10010.0;12;;;;;10002.5;0.0
0;19900;INTARIAN_PEPPER_ROOT;14014;10;14012;11;14011;8;14027.0;9;14028.0;10;14029.0;24;14020.0;0.0
0;20000;ASH_COATED_OSMIUM;9994;10;9991;11;;;10010.0;10;10013.0;13;;;10002.5;0.0
0;20000;INTARIAN_PEPPER_ROOT;14014;11;;;;;14030.0;12;;;;;14022.5;0.0
0;20100;ASH_COATED_OSMIUM;9994;10;9993;13;;;10010.0;13;10011.0;21;;;10002.5;0.0
0;20100;INTARIAN_PEPPER_ROOT;14010;16;;;;;14024.0;10;;;;;14017.0;0.0
0;20200;ASH_COATED_OSMIUM;9990;12;;;;;10006.0;10;;;;;9997.5;0.0
0;20200;INTARIAN_PEPPER_ROOT;14012;17;14010;3;14008;10;14030.0;12;14032.0;10;14034.0;12;14020.5;0.0
0;20300;ASH_COATED_OSMIUM;9994;4;9991;10;9989;23;10010.0;27;10011.0;14;10012.0;11;10002.5;0.0
0;20300;INTARIAN_PEPPER_ROOT;14016;3;14014;9;;;14029.0;12;14032.0;12;;;14022.0;0.0
0;20400;ASH_COATED_OSMIUM;9994;12;;;;;10010.0;11;;;;;10002.5;0.0
0;20400;INTARIAN_PEPPER_ROOT;14014;10;14011;10;14008;12;14028.0;11;14030.0;22;14032.0;9;14021.0;0.0
0;20500;ASH_COATED_OSMIUM;9988;15;9987;13;;;10007.0;15;10010.0;23;;;9997.5;0.0
0;20500;INTARIAN_PEPPER_ROOT;14009;12;14008;9;;;14027.0;23;14030.0;11;;;14018.0;0.0
0;20600;ASH_COATED_OSMIUM;9994;12;9991;12;9989;15;10012.0;14;10013.0;30;10015.0;26;10002.5;0.0
0;20600;INTARIAN_PEPPER_ROOT;14013;12;14011;9;;;14029.0;12;14032.0;12;;;14021.0;0.0
0;20700;ASH_COATED_OSMIUM;9993;12;9991;15;;;10012.0;22;10014.0;10;;;10002.5;0.0
0;20700;INTARIAN_PEPPER_ROOT;14017;8;14016;8;14013;8;14021.0;24;14024.0;9;14026.0;17;14019.0;0.0
0;20800;ASH_COATED_OSMIUM;9994;12;;;;;10010.0;10;;;;;10002.5;0.0
0;20800;INTARIAN_PEPPER_ROOT;14011;21;14008;10;14006;25;14026.0;10;14027.0;9;14030.0;9;14018.5;0.0
0;20900;ASH_COATED_OSMIUM;9994;14;;;;;10010.0;13;;;;;10002.5;0.0
0;20900;INTARIAN_PEPPER_ROOT;14014;11;14011;11;14010;9;14027.0;9;14030.0;12;14032.0;8;14021.0;0.0
0;21000;ASH_COATED_OSMIUM;9990;14;9987;11;;;10006.0;12;10008.0;11;;;9997.5;0.0
0;21000;INTARIAN_PEPPER_ROOT;14018;11;;;;;14032.0;12;;;;;14024.5;0.0
0;21100;ASH_COATED_OSMIUM;9990;15;;;;;10006.0;14;;;;;9997.5;0.0
0;21100;INTARIAN_PEPPER_ROOT;14012;12;14009;10;;;14030.0;11;14031.0;11;;;14021.0;0.0
0;21200;ASH_COATED_OSMIUM;9990;15;9988;23;9985;10;10006.0;2;10007.0;14;10009.0;20;9997.5;0.0
0;21200;INTARIAN_PEPPER_ROOT;14017;11;14015;9;;;14030.0;10;14031.0;10;;;14023.5;0.0
0;21300;ASH_COATED_OSMIUM;9990;14;;;;;10006.0;13;;;;;9997.5;0.0
0;21300;INTARIAN_PEPPER_ROOT;14015;9;;;;;14031.0;12;;;;;14023.0;0.0
0;21400;ASH_COATED_OSMIUM;9994;21;9992;14;;;10010.0;14;10012.0;21;;;10002.5;0.0
0;21400;INTARIAN_PEPPER_ROOT;14017;8;14016;8;14013;11;14031.0;12;14034.0;11;14037.0;21;14024.0;0.0
0;21500;ASH_COATED_OSMIUM;9990;10;9988;12;;;10006.0;14;10009.0;10;;;9997.5;0.0
0;21500;INTARIAN_PEPPER_ROOT;14013;9;14011;22;;;14027.0;10;14028.0;9;;;14020.0;0.0
0;21600;ASH_COATED_OSMIUM;9994;14;;;;;10010.0;28;;;;;10002.5;0.0
0;21600;INTARIAN_PEPPER_ROOT;14014;11;14012;10;14009;9;14029.0;9;14032.0;9;14035.0;11;14021.5;0.0
0;21700;ASH_COATED_OSMIUM;9994;11;9993;13;;;10010.0;10;10013.0;12;;;10002.5;0.0
0;21700;INTARIAN_PEPPER_ROOT;14018;9;14015;11;14012;8;14031.0;11;14034.0;10;14036.0;10;14024.5;0.0
0;21800;ASH_COATED_OSMIUM;9990;12;9987;13;;;10006.0;24;10008.0;30;;;9997.5;0.0
0;21800;INTARIAN_PEPPER_ROOT;14016;10;14015;10;;;14030.0;12;14032.0;10;;;14023.0;0.0
0;21900;ASH_COATED_OSMIUM;9994;11;9992;25;9991;22;10010.0;13;10011.0;12;10013.0;12;10002.5;0.0
0;21900;INTARIAN_PEPPER_ROOT;14022;19;;;;;14035.0;12;;;;;14028.0;0.0
0;22000;ASH_COATED_OSMIUM;9990;15;9987;30;9986;10;10006.0;13;10007.0;15;10010.0;10;9997.5;0.0
0;22000;INTARIAN_PEPPER_ROOT;14014;10;14011;10;14010;12;14029.0;10;14031.0;11;14034.0;10;14022.0;0.0
0;22100;ASH_COATED_OSMIUM;9988;11;9987;30;;;10006.0;11;10007.0;15;;;9997.5;0.0
0;22100;INTARIAN_PEPPER_ROOT;14013;25;14010;11;;;14028.0;9;14031.0;11;;;14020.5;0.0
0;22200;ASH_COATED_OSMIUM;9994;11;9993;13;9990;13;10010.0;11;10011.0;13;10014.0;15;10002.5;0.0
0;22200;INTARIAN_PEPPER_ROOT;14016;3;14013;9;;;14031.0;8;14034.0;22;;;14024.0;0.0
0;22300;ASH_COATED_OSMIUM;9998;15;9997;10;;;10008.0;13;10010.0;15;;;10002.5;0.0
0;22300;INTARIAN_PEPPER_ROOT;14018;21;14017;23;;;14034.0;9;14035.0;10;;;14025.5;0.0
0;22400;ASH_COATED_OSMIUM;9990;10;;;;;10006.0;13;;;;;9997.5;0.0
0;22400;INTARIAN_PEPPER_ROOT;14018;8;14016;11;14013;25;14030.0;22;14031.0;12;14034.0;8;14023.5;0.0
0;22500;ASH_COATED_OSMIUM;9994;11;;;;;10010.0;14;;;;;10002.5;0.0
0;22500;INTARIAN_PEPPER_ROOT;14018;9;;;;;14033.0;10;;;;;14025.0;0.0
0;22600;ASH_COATED_OSMIUM;9990;14;;;;;10006.0;23;;;;;9997.5;0.0
0;22600;INTARIAN_PEPPER_ROOT;14020;16;14017;23;14015;12;14034.0;10;14036.0;10;14038.0;18;14027.0;0.0
0;22700;ASH_COATED_OSMIUM;9990;13;;;;;10006.0;11;;;;;9997.5;0.0
0;22700;INTARIAN_PEPPER_ROOT;14018;19;14017;9;14016;11;14031.0;12;14034.0;10;14037.0;20;14024.5;0.0
0;22800;ASH_COATED_OSMIUM;9990;12;9989;15;9987;2;10006.0;10;10009.0;12;10012.0;10;9997.5;0.0
0;22800;INTARIAN_PEPPER_ROOT;14014;11;14012;19;14010;8;14027.0;23;14029.0;17;14032.0;8;14021.0;0.0
0;22900;ASH_COATED_OSMIUM;9990;11;;;;;10006.0;11;;;;;9997.5;0.0
0;22900;INTARIAN_PEPPER_ROOT;14017;8;;;;;14030.0;12;;;;;14023.5;0.0
0;23000;ASH_COATED_OSMIUM;9993;13;;;;;10012.0;15;;;;;10002.5;0.0
0;23000;INTARIAN_PEPPER_ROOT;14018;25;14015;8;;;14031.0;8;14033.0;9;;;14024.0;0.0
0;23100;ASH_COATED_OSMIUM;9993;15;9990;11;;;10012.0;10;10014.0;13;;;10002.5;0.0
0;23100;INTARIAN_PEPPER_ROOT;14012;23;14011;9;14009;8;14025.0;11;14027.0;12;14030.0;12;14018.5;0.0
0;23200;ASH_COATED_OSMIUM;9990;12;9988;24;9987;10;10006.0;15;10007.0;13;10009.0;11;9997.5;0.0
0;23200;INTARIAN_PEPPER_ROOT;14014;9;;;;;14030.0;8;;;;;14022.5;0.0
0;23300;ASH_COATED_OSMIUM;9994;28;;;;;10010.0;15;;;;;10002.5;0.0
0;23300;INTARIAN_PEPPER_ROOT;14012;12;14009;9;14007;8;14026.0;12;14028.0;12;14030.0;11;14019.0;0.0
0;23400;ASH_COATED_OSMIUM;9994;10;9992;24;;;10010.0;15;10011.0;15;;;10002.5;0.0
0;23400;INTARIAN_PEPPER_ROOT;14016;8;14015;12;;;14028.0;11;14031.0;10;;;14022.5;0.0
0;23500;ASH_COATED_OSMIUM;9996;11;9994;12;9993;4;10008.0;29;10011.0;11;10012.0;14;10002.5;0.0
0;23500;INTARIAN_PEPPER_ROOT;14016;10;14015;15;;;14029.0;12;14032.0;8;;;14023.0;0.0
0;23600;ASH_COATED_OSMIUM;9990;14;9987;28;;;10006.0;15;10009.0;12;;;9997.5;0.0
0;23600;INTARIAN_PEPPER_ROOT;14030;23;14027;25;;;14032.0;11;14033.0;8;;;14031.0;0.0
0;23700;ASH_COATED_OSMIUM;9994;14;;;;;10010.0;14;;;;;10002.5;0.0
0;23700;INTARIAN_PEPPER_ROOT;14020;10;14018;9;14015;8;14033.0;17;14034.0;10;14036.0;12;14027.0;0.0
0;23800;ASH_COATED_OSMIUM;9994;11;9992;28;9990;10;10012.0;13;10014.0;10;10017.0;13;10002.5;0.0
0;23800;INTARIAN_PEPPER_ROOT;14018;10;;;;;14035.0;9;;;;;14027.0;0.0
0;23900;ASH_COATED_OSMIUM;9990;4;9988;13;;;10006.0;13;10009.0;29;;;9997.5;0.0
0;23900;INTARIAN_PEPPER_ROOT;14016;9;14014;12;;;14030.0;21;14031.0;8;;;14023.0;0.0
0;24000;ASH_COATED_OSMIUM;9990;11;9987;22;9984;14;10006.0;14;10007.0;13;10008.0;13;9997.5;0.0
0;24000;INTARIAN_PEPPER_ROOT;14021;10;;;;;14038.0;11;;;;;14029.5;0.0
0;24100;ASH_COATED_OSMIUM;9992;15;9990;10;;;10013.0;12;10016.0;12;;;10002.5;0.0
0;24100;INTARIAN_PEPPER_ROOT;14016;21;14013;8;;;14028.0;11;14030.0;10;;;14021.5;0.0
0;24200;ASH_COATED_OSMIUM;9994;12;9992;10;;;10010.0;15;10012.0;25;;;10002.5;0.0
0;24200;INTARIAN_PEPPER_ROOT;14020;11;14019;8;14016;12;14033.0;11;14035.0;11;14037.0;17;14026.0;0.0
0;24300;ASH_COATED_OSMIUM;9990;13;;;;;10006.0;15;;;;;9997.5;0.0
0;24300;INTARIAN_PEPPER_ROOT;14020;10;14018;10;14016;15;14037.0;12;14040.0;9;14043.0;8;14028.0;0.0
0;24400;ASH_COATED_OSMIUM;9992;14;9991;15;;;10002.0;10;10004.0;28;;;9997.5;0.0
0;24400;INTARIAN_PEPPER_ROOT;14020;9;14019;9;;;14032.0;11;14035.0;11;;;14026.0;0.0
0;24500;ASH_COATED_OSMIUM;9990;11;;;;;10006.0;15;;;;;9997.5;0.0
0;24500;INTARIAN_PEPPER_ROOT;14026;10;14025;8;14024;9;14041.0;11;14043.0;9;14045.0;10;14033.0;0.0
0;24600;ASH_COATED_OSMIUM;9990;13;;;;;10006.0;15;;;;;9997.5;0.0
0;24600;INTARIAN_PEPPER_ROOT;14022;11;;;;;14025.0;9;;;;;14023.0;0.0
0;24700;ASH_COATED_OSMIUM;9994;15;9991;15;9989;11;10010.0;15;10013.0;13;10014.0;13;10002.5;0.0
0;24700;INTARIAN_PEPPER_ROOT;14020;20;14018;8;;;14033.0;10;14036.0;11;;;14027.0;0.0
0;24800;ASH_COATED_OSMIUM;9992;13;9989;11;9988;11;10003.0;15;10004.0;11;10006.0;11;9997.5;0.0
0;24800;INTARIAN_PEPPER_ROOT;14016;12;;;;;14031.0;8;;;;;14023.5;0.0
0;24900;ASH_COATED_OSMIUM;9990;15;9988;13;;;10006.0;14;10007.0;10;;;9997.5;0.0
0;24900;INTARIAN_PEPPER_ROOT;14018;12;14015;9;;;14032.0;8;14033.0;9;;;14024.5;0.0
0;25000;ASH_COATED_OSMIUM;9990;15;9988;11;;;10006.0;15;10009.0;25;;;9997.5;0.0
0;25000;INTARIAN_PEPPER_ROOT;14016;19;14014;11;;;14030.0;18;14032.0;10;;;14023.0;0.0
0;25100;ASH_COATED_OSMIUM;9988;13;;;;;10006.0;14;;;;;9997.5;0.0
0;25100;INTARIAN_PEPPER_ROOT;14018;22;14016;9;14014;10;14032.0;10;14035.0;9;14037.0;12;14024.5;0.0
0;25200;ASH_COATED_OSMIUM;9994;15;9991;13;;;10010.0;12;10011.0;13;;;10002.5;0.0
0;25200;INTARIAN_PEPPER_ROOT;14015;11;14014;9;14012;10;14028.0;15;14031.0;8;14032.0;9;14021.5;0.0
0;25300;ASH_COATED_OSMIUM;9994;20;;;;;10012.0;11;;;;;10002.5;0.0
0;25300;INTARIAN_PEPPER_ROOT;14020;8;;;;;14034.0;8;;;;;14026.5;0.0
0;25400;ASH_COATED_OSMIUM;9988;15;;;;;10007.0;4;;;;;9997.5;0.0
0;25400;INTARIAN_PEPPER_ROOT;14020;9;14018;9;;;14033.0;8;14036.0;22;;;14026.5;0.0
0;25500;ASH_COATED_OSMIUM;9993;10;9991;12;;;10002.0;15;10004.0;11;;;9997.5;0.0
0;25500;INTARIAN_PEPPER_ROOT;14021;9;;;;;14033.0;10;;;;;14027.0;0.0
0;25600;ASH_COATED_OSMIUM;9988;12;9987;14;;;10007.0;15;10008.0;10;;;9997.5;0.0
0;25600;INTARIAN_PEPPER_ROOT;14020;9;14018;12;;;14034.0;10;14037.0;16;;;14027.5;0.0
0;25700;ASH_COATED_OSMIUM;9994;11;9992;13;;;10010.0;13;10011.0;11;;;10002.5;0.0
0;25700;INTARIAN_PEPPER_ROOT;14011;10;14010;12;;;14027.0;8;14028.0;9;;;14019.0;0.0
0;25800;ASH_COATED_OSMIUM;9994;15;9992;11;;;10010.0;15;10013.0;29;;;10002.5;0.0
0;25800;INTARIAN_PEPPER_ROOT;14020;10;14017;10;14015;9;14032.0;8;14035.0;10;14038.0;23;14026.0;0.0
0;25900;ASH_COATED_OSMIUM;9988;10;9987;20;;;10006.0;14;10008.0;24;;;9997.5;0.0
0;25900;INTARIAN_PEPPER_ROOT;14020;8;;;;;14037.0;8;;;;;14028.0;0.0
0;26000;ASH_COATED_OSMIUM;9990;28;;;;;10006.0;13;;;;;9997.5;0.0
0;26000;INTARIAN_PEPPER_ROOT;14018;10;14017;8;;;14031.0;11;14033.0;9;;;14024.5;0.0
0;26100;ASH_COATED_OSMIUM;9988;15;9986;23;;;10006.0;14;10009.0;13;;;9997.5;0.0
0;26100;INTARIAN_PEPPER_ROOT;14025;8;14024;9;;;14038.0;8;14040.0;11;;;14031.5;0.0
0;26200;ASH_COATED_OSMIUM;9990;15;9988;15;9986;10;10006.0;11;10007.0;9;10009.0;14;9997.5;0.0
0;26200;INTARIAN_PEPPER_ROOT;14020;10;;;;;14035.0;9;;;;;14027.5;0.0
0;26300;ASH_COATED_OSMIUM;9994;14;9991;20;;;10010.0;13;10011.0;23;;;10002.5;0.0
0;26300;INTARIAN_PEPPER_ROOT;14020;9;14019;8;;;14033.0;8;14036.0;12;;;14026.0;0.0
0;26400;ASH_COATED_OSMIUM;9988;15;9985;10;9984;13;10007.0;12;10009.0;12;10010.0;25;9997.5;0.0
0;26400;INTARIAN_PEPPER_ROOT;14016;11;14013;8;;;14033.0;8;14036.0;11;;;14024.0;0.0
0;26500;ASH_COATED_OSMIUM;9988;13;9986;13;;;10006.0;13;10007.0;14;;;9997.5;0.0
0;26500;INTARIAN_PEPPER_ROOT;14019;9;14018;16;;;14037.0;9;14038.0;12;;;14028.0;0.0
0;26600;ASH_COATED_OSMIUM;9988;22;9986;10;;;10006.0;11;10008.0;8;;;9997.5;0.0
0;26600;INTARIAN_PEPPER_ROOT;14018;10;14017;11;14014;11;14031.0;9;14034.0;11;14036.0;12;14025.0;0.0
0;26700;ASH_COATED_OSMIUM;9994;10;9992;14;;;10010.0;11;10013.0;11;;;10002.5;0.0
0;26700;INTARIAN_PEPPER_ROOT;14018;12;;;;;14036.0;20;;;;;14026.5;0.0
0;26800;ASH_COATED_OSMIUM;9994;10;9993;5;9990;13;10010.0;15;10013.0;15;10014.0;12;10002.5;0.0
0;26800;INTARIAN_PEPPER_ROOT;14019;12;14016;24;;;14032.0;9;14035.0;8;;;14025.5;0.0
0;26900;ASH_COATED_OSMIUM;9994;10;9993;13;9992;14;10010.0;12;10012.0;11;10015.0;12;10002.5;0.0
0;26900;INTARIAN_PEPPER_ROOT;14018;24;14016;10;;;14033.0;12;14035.0;19;;;14025.5;0.0
0;27000;ASH_COATED_OSMIUM;9990;12;9988;14;9986;14;10006.0;11;10007.0;7;10009.0;14;9997.5;0.0
0;27000;INTARIAN_PEPPER_ROOT;14020;18;14018;16;;;14034.0;12;14036.0;12;;;14027.5;0.0
0;27100;ASH_COATED_OSMIUM;9990;28;9988;22;9987;12;10006.0;11;10008.0;15;10009.0;13;9997.5;0.0
0;27100;INTARIAN_PEPPER_ROOT;14018;8;;;;;14032.0;9;;;;;14025.5;0.0
0;27200;ASH_COATED_OSMIUM;9994;12;9993;14;;;10010.0;10;10013.0;22;;;10002.5;0.0
0;27200;INTARIAN_PEPPER_ROOT;14017;10;14014;16;14011;9;14033.0;8;14035.0;11;14036.0;12;14025.0;0.0
0;27300;ASH_COATED_OSMIUM;9990;28;9987;29;;;10006.0;15;10007.0;15;;;9997.5;0.0
0;27300;INTARIAN_PEPPER_ROOT;14019;12;;;;;14034.0;17;;;;;14026.5;0.0
0;27400;ASH_COATED_OSMIUM;9988;13;9986;11;;;10006.0;12;10009.0;10;;;9997.5;0.0
0;27400;INTARIAN_PEPPER_ROOT;14018;12;14015;17;;;14034.0;9;14037.0;11;;;14026.5;0.0
0;27500;ASH_COATED_OSMIUM;9994;14;9991;25;;;10010.0;15;10012.0;30;;;10002.5;0.0
0;27500;INTARIAN_PEPPER_ROOT;14024;11;;;;;14036.0;9;;;;;14030.0;0.0
0;27600;ASH_COATED_OSMIUM;9994;15;;;;;10010.0;10;;;;;10002.5;0.0
0;27600;INTARIAN_PEPPER_ROOT;14020;8;14017;25;;;14033.0;11;14036.0;12;;;14027.0;0.0
0;27700;ASH_COATED_OSMIUM;9994;13;9992;15;;;10012.0;25;10015.0;11;;;10002.5;0.0
0;27700;INTARIAN_PEPPER_ROOT;14021;12;;;;;14036.0;9;;;;;14028.5;0.0
0;27800;ASH_COATED_OSMIUM;9988;29;;;;;10006.0;12;;;;;9997.5;0.0
0;27800;INTARIAN_PEPPER_ROOT;14022;8;;;;;14043.0;9;;;;;14032.0;0.0
0;27900;ASH_COATED_OSMIUM;9993;15;;;;;10012.0;13;;;;;10002.5;0.0
0;27900;INTARIAN_PEPPER_ROOT;14018;24;;;;;14037.0;18;;;;;14028.0;0.0
0;28000;ASH_COATED_OSMIUM;9994;14;;;;;10010.0;12;;;;;10002.5;0.0
0;28000;INTARIAN_PEPPER_ROOT;14021;5;14020;12;14017;24;14036.0;22;14039.0;12;14040.0;9;14028.5;0.0
0;28100;ASH_COATED_OSMIUM;9994;13;;;;;10010.0;28;;;;;10002.5;0.0
0;28100;INTARIAN_PEPPER_ROOT;14020;8;;;;;14035.0;10;;;;;14027.5;0.0
0;28200;ASH_COATED_OSMIUM;9988;12;9986;11;;;10007.0;15;10008.0;11;;;9997.5;0.0
0;28200;INTARIAN_PEPPER_ROOT;14023;11;14020;10;;;14039.0;9;14041.0;12;;;14031.0;0.0
0;28300;ASH_COATED_OSMIUM;9990;14;9987;24;;;10006.0;13;10008.0;14;;;9997.5;0.0
0;28300;INTARIAN_PEPPER_ROOT;14020;8;14018;12;14017;10;14034.0;11;14037.0;11;14039.0;11;14027.5;0.0
0;28400;ASH_COATED_OSMIUM;9990;15;9989;20;9987;11;10006.0;13;10009.0;14;10012.0;2;9997.5;0.0
0;28400;INTARIAN_PEPPER_ROOT;14020;10;14018;8;;;14037.0;8;14038.0;9;;;14028.0;0.0
0;28500;ASH_COATED_OSMIUM;9994;21;9993;10;9990;10;10010.0;24;10012.0;10;10014.0;12;10002.5;0.0
0;28500;INTARIAN_PEPPER_ROOT;14018;12;14017;10;14015;9;14031.0;11;14032.0;10;14033.0;10;14025.0;0.0
0;28600;ASH_COATED_OSMIUM;9994;13;;;;;10010.0;20;;;;;10002.5;0.0
0;28600;INTARIAN_PEPPER_ROOT;14020;21;14019;8;;;14034.0;12;14035.0;11;;;14027.0;0.0
0;28700;ASH_COATED_OSMIUM;9994;4;9993;12;;;10012.0;24;10013.0;12;;;10002.5;0.0
0;28700;INTARIAN_PEPPER_ROOT;14024;12;14022;10;;;14036.0;9;14039.0;9;;;14030.0;0.0
0;28800;ASH_COATED_OSMIUM;9990;10;9988;11;9985;14;10006.0;27;10008.0;2;10010.0;13;9997.5;0.0
0;28800;INTARIAN_PEPPER_ROOT;14022;10;;;;;14036.0;9;;;;;14029.5;0.0
0;28900;ASH_COATED_OSMIUM;10000;13;9997;11;9996;15;10006.0;14;10008.0;13;10009.0;11;10002.5;0.0
0;28900;INTARIAN_PEPPER_ROOT;14020;9;;;;;14038.0;9;;;;;14028.5;0.0
0;29000;ASH_COATED_OSMIUM;9994;11;9991;11;9990;12;10010.0;24;10012.0;14;10015.0;14;10002.5;0.0
0;29000;INTARIAN_PEPPER_ROOT;14020;11;;;;;14034.0;11;;;;;14027.5;0.0
0;29100;ASH_COATED_OSMIUM;9990;10;;;;;10006.0;13;;;;;9997.5;0.0
0;29100;INTARIAN_PEPPER_ROOT;14022;17;;;;;14039.0;12;;;;;14030.5;0.0
0;29200;ASH_COATED_OSMIUM;9990;14;9987;30;9985;15;10006.0;10;10009.0;12;10010.0;11;9997.5;0.0
0;29200;INTARIAN_PEPPER_ROOT;14018;11;14016;11;;;14036.0;25;14037.0;9;;;14027.0;0.0
0;29300;ASH_COATED_OSMIUM;9990;11;9987;13;;;10006.0;12;10007.0;13;;;9997.5;0.0
0;29300;INTARIAN_PEPPER_ROOT;14023;20;14020;12;;;14038.0;16;14040.0;8;;;14030.5;0.0
0;29400;ASH_COATED_OSMIUM;9988;13;;;;;10006.0;20;;;;;9997.5;0.0
0;29400;INTARIAN_PEPPER_ROOT;14024;12;;;;;14037.0;10;;;;;14031.0;0.0
0;29500;ASH_COATED_OSMIUM;9994;12;9991;13;;;10012.0;14;10014.0;5;;;10002.5;0.0
0;29500;INTARIAN_PEPPER_ROOT;14022;11;14021;10;14018;10;14040.0;10;14043.0;12;14046.0;23;14031.5;0.0
0;29600;ASH_COATED_OSMIUM;9987;14;;;;;10008.0;12;;;;;9997.5;0.0
0;29600;INTARIAN_PEPPER_ROOT;14026;9;14023;10;14022;9;14029.0;10;14030.0;11;14033.0;10;14028.0;0.0
0;29700;ASH_COATED_OSMIUM;9990;12;;;;;10006.0;13;;;;;9997.5;0.0
0;29700;INTARIAN_PEPPER_ROOT;14019;9;;;;;14037.0;9;;;;;14028.0;0.0
0;29800;ASH_COATED_OSMIUM;9994;13;9992;11;;;10010.0;13;10013.0;15;;;10002.5;0.0
0;29800;INTARIAN_PEPPER_ROOT;14022;16;;;;;14035.0;11;;;;;14029.0;0.0
0;29900;ASH_COATED_OSMIUM;9990;10;9987;10;9984;14;10006.0;14;10008.0;10;10009.0;13;9997.5;0.0
0;29900;INTARIAN_PEPPER_ROOT;14026;17;;;;;14041.0;12;;;;;14034.0;0.0
0;30000;ASH_COATED_OSMIUM;9994;15;9992;13;9990;14;10012.0;10;10013.0;14;10015.0;10;10002.5;0.0
0;30000;INTARIAN_PEPPER_ROOT;14016;8;14015;12;;;14031.0;10;14034.0;9;;;14023.0;0.0
0;30100;ASH_COATED_OSMIUM;9988;14;9985;10;;;10007.0;27;10009.0;10;;;9997.5;0.0
0;30100;INTARIAN_PEPPER_ROOT;14020;12;14019;23;;;14034.0;22;14036.0;11;;;14027.5;0.0
0;30200;ASH_COATED_OSMIUM;9993;22;9992;28;9989;14;10012.0;30;10013.0;14;10015.0;15;10002.5;0.0
0;30200;INTARIAN_PEPPER_ROOT;14022;7;14021;11;;;14036.0;11;14039.0;16;;;14028.5;0.0
0;30300;ASH_COATED_OSMIUM;9990;13;9988;14;9986;12;10006.0;12;10007.0;13;10010.0;11;9997.5;0.0
0;30300;INTARIAN_PEPPER_ROOT;14026;11;14023;12;;;14040.0;9;14043.0;11;;;14033.0;0.0
0;30400;ASH_COATED_OSMIUM;9988;13;9987;13;9985;10;10006.0;12;10009.0;11;10011.0;14;9997.5;0.0
0;30400;INTARIAN_PEPPER_ROOT;14030;11;;;;;14043.0;18;;;;;14036.0;0.0
0;30500;ASH_COATED_OSMIUM;9994;14;9991;14;9988;13;10012.0;10;10014.0;11;10015.0;10;10002.5;0.0
0;30500;INTARIAN_PEPPER_ROOT;14024;10;14022;11;14021;5;14042.0;10;14044.0;8;14046.0;16;14032.5;0.0
0;30600;ASH_COATED_OSMIUM;9993;5;9990;14;9988;13;10012.0;12;10013.0;29;10015.0;9;10002.5;0.0
0;30600;INTARIAN_PEPPER_ROOT;14024;8;14023;10;;;14038.0;8;14041.0;10;;;14031.0;0.0
0;30700;ASH_COATED_OSMIUM;9990;13;;;;;10006.0;2;;;;;9997.5;0.0
0;30700;INTARIAN_PEPPER_ROOT;14023;11;14021;9;;;14038.0;8;14040.0;12;;;14030.5;0.0
0;30800;ASH_COATED_OSMIUM;9988;11;9986;14;;;10007.0;11;10010.0;15;;;9997.5;0.0
0;30800;INTARIAN_PEPPER_ROOT;14023;23;14021;9;14018;10;14036.0;10;14039.0;8;14040.0;17;14029.5;0.0
0;30900;ASH_COATED_OSMIUM;9988;13;9987;21;;;10006.0;13;10008.0;15;;;9997.5;0.0
0;30900;INTARIAN_PEPPER_ROOT;14020;8;14018;12;;;14041.0;19;14044.0;10;;;14030.0;0.0
0;31000;ASH_COATED_OSMIUM;9990;12;9988;14;9986;15;10006.0;15;10009.0;13;10011.0;13;9997.5;0.0
0;31000;INTARIAN_PEPPER_ROOT;14024;12;14022;11;14019;22;14039.0;10;14041.0;8;14043.0;10;14032.0;0.0
0;31100;ASH_COATED_OSMIUM;9990;23;;;;;10006.0;13;;;;;9997.5;0.0
0;31100;INTARIAN_PEPPER_ROOT;14024;9;;;;;14034.0;8;;;;;14029.5;0.0
0;31200;ASH_COATED_OSMIUM;9990;12;9989;10;;;10006.0;14;10009.0;25;;;9997.5;0.0
0;31200;INTARIAN_PEPPER_ROOT;14028;6;14026;22;;;14041.0;24;14042.0;10;;;14034.5;0.0
0;31300;ASH_COATED_OSMIUM;9994;10;9993;11;;;10010.0;12;10012.0;14;;;10002.5;0.0
0;31300;INTARIAN_PEPPER_ROOT;14029;11;14028;11;;;14042.0;9;14044.0;8;;;14035.5;0.0
0;31400;ASH_COATED_OSMIUM;9990;10;9989;14;9988;3;10006.0;14;10007.0;10;10009.0;12;9997.5;0.0
0;31400;INTARIAN_PEPPER_ROOT;14022;12;;;;;14038.0;23;;;;;14030.5;0.0
0;31500;ASH_COATED_OSMIUM;9990;10;;;;;10006.0;25;;;;;9997.5;0.0
0;31500;INTARIAN_PEPPER_ROOT;14032;12;;;;;14036.0;15;;;;;14033.5;0.0
0;31600;ASH_COATED_OSMIUM;9994;12;9992;14;9990;13;10010.0;22;10012.0;11;10015.0;14;10002.5;0.0
0;31600;INTARIAN_PEPPER_ROOT;14022;3;;;;;14039.0;16;;;;;14030.5;0.0
0;31700;ASH_COATED_OSMIUM;9994;12;9991;10;9990;22;10010.0;10;10013.0;10;10014.0;12;10002.5;0.0
0;31700;INTARIAN_PEPPER_ROOT;14028;9;14025;12;;;14043.0;12;14044.0;9;;;14035.0;0.0
0;31800;ASH_COATED_OSMIUM;9994;22;9992;11;9991;27;10012.0;4;10015.0;15;10018.0;10;10002.5;0.0
0;31800;INTARIAN_PEPPER_ROOT;14012;10;;;;;14028.0;11;;;;;14020.5;0.0
0;31900;ASH_COATED_OSMIUM;9994;12;;;;;10000.0;30;;;;;9997.5;0.0
0;31900;INTARIAN_PEPPER_ROOT;14020;22;;;;;14036.0;10;;;;;14028.5;0.0
0;32000;ASH_COATED_OSMIUM;9994;15;9991;12;9990;15;10010.0;21;10011.0;2;10013.0;13;10002.5;0.0
0;32000;INTARIAN_PEPPER_ROOT;14042;15;;;;;14058.0;11;;;;;14050.5;0.0
0;32100;ASH_COATED_OSMIUM;9988;13;;;;;10007.0;12;;;;;9997.5;0.0
0;32100;INTARIAN_PEPPER_ROOT;14020;10;;;;;14035.0;10;;;;;14027.0;0.0
0;32200;ASH_COATED_OSMIUM;9990;11;9987;10;;;10006.0;13;10008.0;30;;;9997.5;0.0
0;32200;INTARIAN_PEPPER_ROOT;14026;8;14024;12;14021;11;14040.0;10;14043.0;9;14044.0;25;14032.5;0.0
0;32300;ASH_COATED_OSMIUM;9993;13;9991;15;9988;24;10012.0;14;10015.0;15;10017.0;10;10002.5;0.0
0;32300;INTARIAN_PEPPER_ROOT;14025;10;14023;9;;;14039.0;11;14040.0;12;;;14032.0;0.0
0;32400;ASH_COATED_OSMIUM;9994;15;9992;12;;;10010.0;10;10011.0;22;;;10002.5;0.0
0;32400;INTARIAN_PEPPER_ROOT;14024;10;14023;10;;;14038.0;9;14040.0;9;;;14031.0;0.0
0;32500;ASH_COATED_OSMIUM;9996;14;9993;7;9991;13;10008.0;14;10009.0;11;10010.0;14;10002.5;0.0
0;32500;INTARIAN_PEPPER_ROOT;14020;12;14019;11;14016;9;14041.0;8;14044.0;11;14047.0;17;14031.0;0.0
0;32600;ASH_COATED_OSMIUM;9988;13;9985;13;;;10007.0;10;10008.0;11;;;9997.5;0.0
0;32600;INTARIAN_PEPPER_ROOT;14026;9;;;;;14041.0;9;;;;;14034.0;0.0
0;32700;ASH_COATED_OSMIUM;9990;11;9987;11;;;10006.0;28;10009.0;12;;;9997.5;0.0
0;32700;INTARIAN_PEPPER_ROOT;14026;11;;;;;14038.0;11;;;;;14031.5;0.0
0;32800;ASH_COATED_OSMIUM;9988;20;9986;10;;;10007.0;10;10009.0;12;;;9997.5;0.0
0;32800;INTARIAN_PEPPER_ROOT;14020;9;;;;;14035.0;12;;;;;14028.0;0.0
0;32900;ASH_COATED_OSMIUM;9990;11;9988;13;;;10006.0;13;10009.0;26;;;9997.5;0.0
0;32900;INTARIAN_PEPPER_ROOT;14030;12;14027;12;14024;12;14043.0;11;14044.0;10;14046.0;9;14036.0;0.0
0;33000;ASH_COATED_OSMIUM;9994;13;;;;;10010.0;11;;;;;10002.5;0.0
0;33000;INTARIAN_PEPPER_ROOT;14028;12;14025;10;;;14043.0;10;14046.0;10;;;14035.5;0.0
0;33100;ASH_COATED_OSMIUM;9990;12;9989;12;;;10006.0;13;10008.0;15;;;9997.5;0.0
0;33100;INTARIAN_PEPPER_ROOT;14026;16;14024;11;;;14039.0;11;14042.0;11;;;14032.0;0.0
0;33200;ASH_COATED_OSMIUM;9990;15;9988;14;;;10006.0;15;10009.0;23;;;9997.5;0.0
0;33200;INTARIAN_PEPPER_ROOT;14030;9;14029;9;;;14043.0;10;14045.0;9;;;14037.0;0.0
0;33300;ASH_COATED_OSMIUM;9990;15;9987;11;9986;11;10006.0;15;10009.0;12;10010.0;10;9997.5;0.0
0;33300;INTARIAN_PEPPER_ROOT;14027;9;14024;9;;;14041.0;10;14043.0;24;;;14034.0;0.0
0;33400;ASH_COATED_OSMIUM;9994;15;9992;27;;;10010.0;12;10011.0;13;;;10002.5;0.0
0;33400;INTARIAN_PEPPER_ROOT;14021;25;;;;;14039.0;8;;;;;14030.0;0.0
0;33500;ASH_COATED_OSMIUM;9994;12;9993;11;;;10010.0;15;10012.0;10;;;10002.5;0.0
0;33500;INTARIAN_PEPPER_ROOT;14024;12;14021;10;14018;10;14037.0;11;14040.0;11;14041.0;9;14031.0;0.0
0;33600;ASH_COATED_OSMIUM;9990;13;;;;;10006.0;10;;;;;9997.5;0.0
0;33600;INTARIAN_PEPPER_ROOT;14024;11;;;;;14038.0;11;;;;;14030.5;0.0
0;33700;ASH_COATED_OSMIUM;9994;12;9991;23;9988;14;10010.0;11;10011.0;20;10014.0;24;10002.5;0.0
0;33700;INTARIAN_PEPPER_ROOT;14023;9;14022;12;;;14042.0;10;14045.0;21;;;14032.5;0.0
0;33800;ASH_COATED_OSMIUM;9994;11;9992;22;9990;13;10010.0;11;10011.0;15;10012.0;5;10002.5;0.0
0;33800;INTARIAN_PEPPER_ROOT;14026;11;14024;11;;;14041.0;12;14044.0;16;;;14033.5;0.0
0;33900;ASH_COATED_OSMIUM;9993;13;9992;15;9990;11;10012.0;15;10015.0;12;10018.0;15;10002.5;0.0
0;33900;INTARIAN_PEPPER_ROOT;14024;12;14022;12;14021;16;14038.0;11;14040.0;12;14041.0;10;14031.0;0.0
0;34000;ASH_COATED_OSMIUM;9994;11;9991;14;9989;13;10010.0;5;10011.0;22;10013.0;12;10002.5;0.0
0;34000;INTARIAN_PEPPER_ROOT;14027;10;14025;11;14023;11;14041.0;11;14043.0;9;14045.0;15;14034.0;0.0
0;34100;ASH_COATED_OSMIUM;9990;10;9988;14;9985;11;10006.0;23;10009.0;7;10012.0;12;9997.5;0.0
0;34100;INTARIAN_PEPPER_ROOT;14026;16;;;;;14042.0;11;;;;;14034.0;0.0
0;34200;ASH_COATED_OSMIUM;9998;21;9996;10;;;10008.0;13;10010.0;14;;;10002.5;0.0
0;34200;INTARIAN_PEPPER_ROOT;14026;9;14023;10;;;14038.0;8;14041.0;8;;;14032.5;0.0
0;34300;ASH_COATED_OSMIUM;9990;11;9988;10;;;10006.0;15;10009.0;13;;;9997.5;0.0
0;34300;INTARIAN_PEPPER_ROOT;14028;8;14025;10;;;14040.0;8;14041.0;9;;;14033.5;0.0
0;34400;ASH_COATED_OSMIUM;9988;14;;;;;10007.0;12;;;;;9997.5;0.0
0;34400;INTARIAN_PEPPER_ROOT;14028;9;14026;10;14024;12;14043.0;11;14045.0;8;14047.0;8;14035.0;0.0
0;34500;ASH_COATED_OSMIUM;9998;11;9995;28;;;10007.0;30;10009.0;11;;;10002.5;0.0
0;34500;INTARIAN_PEPPER_ROOT;14034;12;14031;12;14030;8;14047.0;8;14049.0;11;14050.0;11;14041.0;0.0
0;34600;ASH_COATED_OSMIUM;9990;13;9988;10;9986;14;10006.0;26;10008.0;14;10011.0;13;9997.5;0.0
0;34600;INTARIAN_PEPPER_ROOT;14026;10;;;;;14039.0;12;;;;;14032.0;0.0
0;34700;ASH_COATED_OSMIUM;9994;14;;;;;10010.0;13;;;;;10002.5;0.0
0;34700;INTARIAN_PEPPER_ROOT;14028;22;14026;10;;;14041.0;20;14042.0;10;;;14035.0;0.0
0;34800;ASH_COATED_OSMIUM;9988;12;;;;;10007.0;15;;;;;9997.5;0.0
0;34800;INTARIAN_PEPPER_ROOT;14028;8;14027;10;;;14045.0;10;14047.0;8;;;14036.0;0.0
0;34900;ASH_COATED_OSMIUM;9994;12;9991;12;9989;10;10010.0;13;10012.0;15;10014.0;13;10002.5;0.0
0;34900;INTARIAN_PEPPER_ROOT;14029;10;14026;18;;;14042.0;8;14043.0;12;;;14035.5;0.0
0;35000;ASH_COATED_OSMIUM;9990;14;9988;30;9985;11;10006.0;14;10007.0;2;10009.0;10;9997.5;0.0
0;35000;INTARIAN_PEPPER_ROOT;14030;21;;;;;14044.0;11;;;;;14036.5;0.0
0;35100;ASH_COATED_OSMIUM;9994;15;;;;;10010.0;13;;;;;10002.5;0.0
0;35100;INTARIAN_PEPPER_ROOT;14030;8;14029;11;;;14042.0;8;14045.0;12;;;14036.0;0.0
0;35200;ASH_COATED_OSMIUM;9990;14;;;;;10006.0;5;;;;;9997.5;0.0
0;35200;INTARIAN_PEPPER_ROOT;14031;11;14028;19;14025;15;14043.0;22;14044.0;9;14047.0;8;14037.0;0.0
0;35300;ASH_COATED_OSMIUM;9994;15;9993;15;;;10010.0;13;10012.0;14;;;10002.5;0.0
0;35300;INTARIAN_PEPPER_ROOT;14024;9;14023;8;;;14043.0;9;14044.0;8;;;14033.0;0.0
0;35400;ASH_COATED_OSMIUM;9990;14;9987;12;9986;14;10006.0;12;10007.0;10;10009.0;15;9997.5;0.0
0;35400;INTARIAN_PEPPER_ROOT;14029;8;14026;11;;;14045.0;25;14047.0;11;;;14037.0;0.0
0;35500;ASH_COATED_OSMIUM;9990;10;9989;12;;;10006.0;13;10008.0;10;;;9997.5;0.0
0;35500;INTARIAN_PEPPER_ROOT;14027;25;14026;8;14025;9;14040.0;9;14041.0;9;14042.0;10;14033.5;0.0
0;35600;ASH_COATED_OSMIUM;9990;14;9988;13;;;10006.0;23;10008.0;11;;;9997.5;0.0
0;35600;INTARIAN_PEPPER_ROOT;14025;11;14024;11;;;14040.0;5;14041.0;12;;;14032.5;0.0
0;35700;ASH_COATED_OSMIUM;9988;11;9986;5;;;10007.0;15;10008.0;10;;;9997.5;0.0
0;35700;INTARIAN_PEPPER_ROOT;14028;11;14025;12;;;14042.0;8;14045.0;9;;;14035.0;0.0
0;35800;ASH_COATED_OSMIUM;9990;10;9988;11;;;10006.0;11;10009.0;21;;;9997.5;0.0
0;35800;INTARIAN_PEPPER_ROOT;14030;12;14027;8;14024;10;14043.0;8;14044.0;12;14046.0;10;14036.5;0.0
0;35900;ASH_COATED_OSMIUM;9990;11;9989;15;;;10006.0;13;10009.0;13;;;9997.5;0.0
0;35900;INTARIAN_PEPPER_ROOT;14028;11;14026;23;;;14045.0;8;14046.0;9;;;14037.0;0.0
0;36000;ASH_COATED_OSMIUM;9994;12;;;;;10010.0;11;;;;;10002.5;0.0
0;36000;INTARIAN_PEPPER_ROOT;14029;12;14026;12;;;14045.0;18;14047.0;9;;;14037.0;0.0
0;36100;ASH_COATED_OSMIUM;9990;29;9988;10;;;10006.0;11;10008.0;12;;;9997.5;0.0
0;36100;INTARIAN_PEPPER_ROOT;14026;19;14024;11;14023;10;14040.0;8;14042.0;8;14044.0;12;14033.0;0.0
0;36200;ASH_COATED_OSMIUM;9995;11;;;;;10010.0;14;;;;;10002.5;0.0
0;36200;INTARIAN_PEPPER_ROOT;14030;11;;;;;14033.0;12;;;;;14032.0;0.0
0;36300;ASH_COATED_OSMIUM;9994;15;9993;11;;;10010.0;12;10012.0;15;;;10002.5;0.0
0;36300;INTARIAN_PEPPER_ROOT;14028;12;;;;;14046.0;11;;;;;14037.5;0.0
0;36400;ASH_COATED_OSMIUM;9994;15;9991;24;9988;10;10012.0;13;10015.0;22;10016.0;10;10002.5;0.0
0;36400;INTARIAN_PEPPER_ROOT;14030;10;;;;;14043.0;11;;;;;14037.0;0.0
0;36500;ASH_COATED_OSMIUM;9994;22;9992;11;9991;11;10010.0;21;10012.0;8;10013.0;13;10002.5;0.0
0;36500;INTARIAN_PEPPER_ROOT;14030;12;14028;24;14025;9;14044.0;11;14045.0;9;14048.0;23;14037.0;0.0
0;36600;ASH_COATED_OSMIUM;9990;12;;;;;10006.0;11;;;;;9997.5;0.0
0;36600;INTARIAN_PEPPER_ROOT;14029;8;;;;;14043.0;12;;;;;14036.0;0.0
0;36700;ASH_COATED_OSMIUM;9994;13;9992;15;9990;14;10010.0;21;10012.0;14;10013.0;29;10002.5;0.0
0;36700;INTARIAN_PEPPER_ROOT;14028;12;14025;11;14022;23;14044.0;10;14046.0;22;14048.0;8;14036.0;0.0
0;36800;ASH_COATED_OSMIUM;9988;15;;;;;10007.0;12;;;;;9997.5;0.0
0;36800;INTARIAN_PEPPER_ROOT;14030;25;;;;;14045.0;22;;;;;14037.0;0.0
0;36900;ASH_COATED_OSMIUM;9990;11;;;;;10006.0;12;;;;;9997.5;0.0
0;36900;INTARIAN_PEPPER_ROOT;14028;9;14025;12;;;14040.0;9;14043.0;8;;;14034.5;0.0
0;37000;ASH_COATED_OSMIUM;9990;28;9988;14;;;10006.0;26;10009.0;24;;;9997.5;0.0
0;37000;INTARIAN_PEPPER_ROOT;14031;12;;;;;14045.0;17;;;;;14038.0;0.0
0;37100;ASH_COATED_OSMIUM;9994;15;9992;15;9990;27;10010.0;11;10013.0;3;10016.0;11;10002.5;0.0
0;37100;INTARIAN_PEPPER_ROOT;14030;11;14027;12;;;14045.0;8;14046.0;12;;;14037.5;0.0
0;37200;ASH_COATED_OSMIUM;9988;12;9985;10;9982;14;10007.0;11;10008.0;11;10009.0;11;9997.5;0.0
0;37200;INTARIAN_PEPPER_ROOT;14030;11;14028;11;14027;9;14042.0;15;14044.0;10;14045.0;25;14036.5;0.0
0;37300;ASH_COATED_OSMIUM;9990;11;9989;10;;;10006.0;12;10007.0;15;;;9997.5;0.0
0;37300;INTARIAN_PEPPER_ROOT;14030;9;14029;11;;;14045.0;9;14048.0;12;;;14037.5;0.0
0;37400;ASH_COATED_OSMIUM;9990;13;;;;;10006.0;12;;;;;9997.5;0.0
0;37400;INTARIAN_PEPPER_ROOT;14034;11;14032;12;14031;3;14046.0;12;14049.0;16;14050.0;11;14039.5;0.0
0;37500;ASH_COATED_OSMIUM;9990;11;;;;;10006.0;11;;;;;9997.5;0.0
0;37500;INTARIAN_PEPPER_ROOT;14029;23;14026;25;;;14045.0;16;14047.0;11;;;14037.0;0.0
0;37600;ASH_COATED_OSMIUM;9992;12;9991;13;;;10013.0;12;10016.0;11;;;10002.5;0.0
0;37600;INTARIAN_PEPPER_ROOT;14030;12;14027;11;;;14045.0;21;14047.0;8;;;14037.0;0.0
0;37700;ASH_COATED_OSMIUM;9988;12;9985;12;9983;14;10007.0;11;10008.0;13;10010.0;14;9997.5;0.0
0;37700;INTARIAN_PEPPER_ROOT;14035;12;14034;12;14032;11;14038.0;12;14040.0;18;14042.0;12;14036.5;0.0
0;37800;ASH_COATED_OSMIUM;9994;14;9991;14;9989;10;10010.0;29;10012.0;13;10015.0;24;10002.5;0.0
0;37800;INTARIAN_PEPPER_ROOT;14034;9;14032;8;;;14049.0;18;14050.0;18;;;14041.0;0.0
0;37900;ASH_COATED_OSMIUM;9997;14;9994;15;9992;11;10008.0;14;10010.0;12;10011.0;15;10002.5;0.0
0;37900;INTARIAN_PEPPER_ROOT;14031;12;14028;11;;;14045.0;9;14046.0;12;;;14038.0;0.0
0;38000;ASH_COATED_OSMIUM;9994;15;9992;23;9991;13;10010.0;11;10013.0;26;10015.0;11;10002.5;0.0
0;38000;INTARIAN_PEPPER_ROOT;14028;8;14027;8;;;14041.0;11;14043.0;8;;;14034.0;0.0
0;38100;ASH_COATED_OSMIUM;9990;15;9988;15;9985;12;10006.0;12;10008.0;13;10010.0;10;9997.5;0.0
0;38100;INTARIAN_PEPPER_ROOT;14033;15;14031;12;;;14046.0;11;14047.0;25;;;14039.5;0.0
0;38200;ASH_COATED_OSMIUM;9994;11;9991;12;9989;13;10010.0;13;10013.0;14;10015.0;13;10002.5;0.0
0;38200;INTARIAN_PEPPER_ROOT;14033;8;14031;11;14028;10;14046.0;16;14049.0;9;14051.0;9;14039.5;0.0
0;38300;ASH_COATED_OSMIUM;9998;15;;;;;10007.0;15;;;;;10002.5;0.0
0;38300;INTARIAN_PEPPER_ROOT;14030;12;14029;10;;;14046.0;8;14048.0;12;;;14038.5;0.0
0;38400;ASH_COATED_OSMIUM;9994;10;;;;;10010.0;27;;;;;10002.5;0.0
0;38400;INTARIAN_PEPPER_ROOT;14027;20;14024;10;;;14049.0;10;14052.0;15;;;14038.0;0.0
0;38500;ASH_COATED_OSMIUM;9998;12;;;;;10007.0;10;;;;;10002.5;0.0
0;38500;INTARIAN_PEPPER_ROOT;14030;9;14028;10;14026;9;14044.0;11;14045.0;12;14048.0;11;14037.5;0.0
0;38600;ASH_COATED_OSMIUM;9994;10;9992;11;;;10012.0;26;10015.0;14;;;10002.5;0.0
0;38600;INTARIAN_PEPPER_ROOT;14032;12;14029;19;14028;16;14045.0;9;14048.0;8;14049.0;11;14039.0;0.0
0;38700;ASH_COATED_OSMIUM;9993;10;;;;;10012.0;10;;;;;10002.5;0.0
0;38700;INTARIAN_PEPPER_ROOT;14034;11;14032;18;;;14051.0;8;14052.0;10;;;14042.0;0.0
0;38800;ASH_COATED_OSMIUM;9990;23;9988;14;;;10006.0;15;10009.0;29;;;9997.5;0.0
0;38800;INTARIAN_PEPPER_ROOT;14036;10;14033;11;;;14051.0;12;14052.0;16;;;14044.0;0.0
0;38900;ASH_COATED_OSMIUM;9994;15;9991;14;;;10010.0;11;10012.0;12;;;10002.5;0.0
0;38900;INTARIAN_PEPPER_ROOT;14038;20;14036;10;14034;8;14050.0;9;14053.0;8;14054.0;18;14043.5;0.0
0;39000;ASH_COATED_OSMIUM;9994;22;9993;14;;;10010.0;11;10012.0;13;;;10002.5;0.0
0;39000;INTARIAN_PEPPER_ROOT;14030;11;14027;8;;;14043.0;15;14044.0;9;;;14036.0;0.0
0;39100;ASH_COATED_OSMIUM;9990;13;;;;;10006.0;12;;;;;9997.5;0.0
0;39100;INTARIAN_PEPPER_ROOT;14034;10;14033;19;;;14047.0;8;14048.0;11;;;14041.0;0.0
0;39200;ASH_COATED_OSMIUM;9990;10;9989;10;;;10006.0;14;10007.0;13;;;9997.5;0.0
0;39200;INTARIAN_PEPPER_ROOT;14028;17;14025;8;;;14043.0;12;14046.0;10;;;14035.5;0.0
0;39300;ASH_COATED_OSMIUM;9993;25;9992;14;;;10012.0;14;10015.0;12;;;10002.5;0.0
0;39300;INTARIAN_PEPPER_ROOT;14034;11;;;;;14046.0;16;;;;;14039.5;0.0
0;39400;ASH_COATED_OSMIUM;9994;13;;;;;10010.0;14;;;;;10002.5;0.0
0;39400;INTARIAN_PEPPER_ROOT;14034;5;;;;;14046.0;10;;;;;14040.5;0.0
0;39500;ASH_COATED_OSMIUM;9992;10;;;;;10013.0;22;;;;;10002.5;0.0
0;39500;INTARIAN_PEPPER_ROOT;14036;8;14034;11;;;14039.0;12;14041.0;9;;;14038.0;0.0
0;39600;ASH_COATED_OSMIUM;9992;12;9990;12;;;10002.0;14;10005.0;12;;;9997.5;0.0
0;39600;INTARIAN_PEPPER_ROOT;14040;11;14039;9;14038;10;14055.0;8;14058.0;9;14059.0;11;14047.0;0.0
0;39700;ASH_COATED_OSMIUM;9994;30;;;;;10010.0;11;;;;;10002.5;0.0
0;39700;INTARIAN_PEPPER_ROOT;14033;9;;;;;14049.0;9;;;;;14041.0;0.0
0;39800;ASH_COATED_OSMIUM;9994;13;9991;15;;;10010.0;12;10013.0;14;;;10002.5;0.0
0;39800;INTARIAN_PEPPER_ROOT;14033;9;;;;;14046.0;20;;;;;14039.5;0.0
0;39900;ASH_COATED_OSMIUM;9994;12;9992;30;;;10012.0;22;10014.0;14;;;10002.5;0.0
0;39900;INTARIAN_PEPPER_ROOT;14034;11;;;;;14047.0;15;;;;;14041.0;0.0
0;40000;ASH_COATED_OSMIUM;9990;14;9988;15;9987;12;10006.0;10;10009.0;12;10012.0;15;9997.5;0.0
0;40000;INTARIAN_PEPPER_ROOT;14036;10;14035;8;14033;9;14049.0;12;14052.0;9;14053.0;12;14042.5;0.0
0;40100;ASH_COATED_OSMIUM;10000;15;;;;;10006.0;12;;;;;10002.5;0.0
0;40100;INTARIAN_PEPPER_ROOT;14032;12;14029;9;;;14047.0;9;14049.0;9;;;14040.0;0.0
0;40200;ASH_COATED_OSMIUM;9994;15;;;;;10012.0;11;;;;;10002.5;0.0
0;40200;INTARIAN_PEPPER_ROOT;14032;8;14029;9;14026;9;14050.0;20;14053.0;20;14054.0;11;14041.5;0.0
0;40300;ASH_COATED_OSMIUM;9992;14;9989;14;9986;28;10003.0;14;10006.0;14;10007.0;11;9997.5;0.0
0;40300;INTARIAN_PEPPER_ROOT;14035;8;14032;11;;;14050.0;25;14053.0;8;;;14042.5;0.0
0;40400;ASH_COATED_OSMIUM;9994;29;9992;10;9989;11;10010.0;13;10013.0;11;10016.0;10;10002.5;0.0
0;40400;INTARIAN_PEPPER_ROOT;14032;11;14029;12;;;14045.0;9;14048.0;9;;;14038.5;0.0
0;40500;ASH_COATED_OSMIUM;9994;15;9991;14;9989;11;10010.0;15;10013.0;29;10015.0;13;10002.5;0.0
0;40500;INTARIAN_PEPPER_ROOT;14040;9;;;;;14053.0;12;;;;;14046.0;0.0
0;40600;ASH_COATED_OSMIUM;9994;14;;;;;10010.0;12;;;;;10002.5;0.0
0;40600;INTARIAN_PEPPER_ROOT;14028;17;14026;12;14025;11;14040.0;12;14043.0;10;14045.0;21;14034.5;0.0
0;40700;ASH_COATED_OSMIUM;9993;13;9990;10;;;10012.0;13;10013.0;15;;;10002.5;0.0
0;40700;INTARIAN_PEPPER_ROOT;14035;11;14032;10;;;14045.0;11;14046.0;11;;;14040.0;0.0
0;40800;ASH_COATED_OSMIUM;9994;13;;;;;10011.0;26;;;;;10002.5;0.0
0;40800;INTARIAN_PEPPER_ROOT;14026;11;14025;9;14022;12;14039.0;12;14041.0;12;14044.0;8;14033.0;0.0
0;40900;ASH_COATED_OSMIUM;9992;11;;;;;10002.0;12;;;;;9997.5;0.0
0;40900;INTARIAN_PEPPER_ROOT;14034;18;;;;;14046.0;9;;;;;14039.5;0.0
0;41000;ASH_COATED_OSMIUM;9990;11;9989;11;9987;20;10006.0;14;10007.0;30;10008.0;13;9997.5;0.0
0;41000;INTARIAN_PEPPER_ROOT;14035;10;14034;12;;;14052.0;10;14054.0;8;;;14043.5;0.0
0;41100;ASH_COATED_OSMIUM;9994;28;9993;13;;;10010.0;10;10011.0;10;;;10002.5;0.0
0;41100;INTARIAN_PEPPER_ROOT;14028;9;14027;10;;;14049.0;9;14050.0;23;;;14038.0;0.0
0;41200;ASH_COATED_OSMIUM;9990;12;;;;;10006.0;12;;;;;9997.5;0.0
0;41200;INTARIAN_PEPPER_ROOT;14034;8;14033;9;14032;24;14047.0;10;14049.0;9;14050.0;23;14041.0;0.0
0;41300;ASH_COATED_OSMIUM;9990;13;9989;12;9987;11;10006.0;14;10008.0;10;10010.0;14;9997.5;0.0
0;41300;INTARIAN_PEPPER_ROOT;14033;11;14031;6;14030;8;14048.0;10;14050.0;17;14053.0;25;14040.5;0.0
0;41400;ASH_COATED_OSMIUM;9990;13;9988;15;9985;14;10006.0;15;10009.0;14;10010.0;13;9997.5;0.0
0;41400;INTARIAN_PEPPER_ROOT;14036;18;14034;9;;;14050.0;11;14052.0;9;;;14043.5;0.0
0;41500;ASH_COATED_OSMIUM;9988;12;9986;10;;;10007.0;12;10010.0;11;;;9997.5;0.0
0;41500;INTARIAN_PEPPER_ROOT;14036;12;14033;25;;;14048.0;18;14049.0;9;;;14041.5;0.0
0;41600;ASH_COATED_OSMIUM;9994;15;9992;3;9990;12;10010.0;6;10013.0;14;10016.0;28;10002.5;0.0
0;41600;INTARIAN_PEPPER_ROOT;14031;9;14028;15;;;14049.0;7;14052.0;8;;;14040.0;0.0
0;41700;ASH_COATED_OSMIUM;9994;30;9992;14;;;10012.0;14;10013.0;12;;;10002.5;0.0
0;41700;INTARIAN_PEPPER_ROOT;14032;12;;;;;14046.0;9;;;;;14038.5;0.0
0;41800;ASH_COATED_OSMIUM;9990;11;9987;15;;;10006.0;12;10007.0;10;;;9997.5;0.0
0;41800;INTARIAN_PEPPER_ROOT;14035;8;;;;;14047.0;12;;;;;14041.0;0.0
0;41900;ASH_COATED_OSMIUM;9994;14;9991;30;;;10010.0;23;10013.0;12;;;10002.5;0.0
0;41900;INTARIAN_PEPPER_ROOT;14033;12;14030;8;;;14046.0;8;14048.0;17;;;14039.5;0.0
0;42000;ASH_COATED_OSMIUM;9992;14;;;;;10002.0;22;;;;;9997.5;0.0
0;42000;INTARIAN_PEPPER_ROOT;14038;12;14036;8;;;14050.0;10;14052.0;20;;;14044.0;0.0
0;42100;ASH_COATED_OSMIUM;9993;14;9992;11;9990;28;10012.0;11;10014.0;15;10016.0;30;10002.5;0.0
0;42100;INTARIAN_PEPPER_ROOT;14036;8;14034;16;;;14051.0;11;14053.0;12;;;14044.0;0.0
0;42200;ASH_COATED_OSMIUM;9990;10;;;;;10006.0;14;;;;;9997.5;0.0
0;42200;INTARIAN_PEPPER_ROOT;14032;12;14030;10;14028;9;14046.0;9;14047.0;8;14049.0;10;14039.0;0.0
0;42300;ASH_COATED_OSMIUM;9990;24;9987;15;;;10006.0;12;10009.0;12;;;9997.5;0.0
0;42300;INTARIAN_PEPPER_ROOT;14038;9;14037;10;14035;10;14054.0;10;14055.0;11;14058.0;10;14045.5;0.0
0;42400;ASH_COATED_OSMIUM;9994;25;;;;;10010.0;5;;;;;10002.5;0.0
0;42400;INTARIAN_PEPPER_ROOT;14038;20;14037;9;;;14052.0;10;14053.0;11;;;14044.5;0.0
0;42500;ASH_COATED_OSMIUM;9988;12;;;;;10006.0;28;;;;;9997.5;0.0
0;42500;INTARIAN_PEPPER_ROOT;14032;20;14030;11;;;14049.0;9;14050.0;9;;;14041.0;0.0
0;42600;ASH_COATED_OSMIUM;9994;12;;;;;10012.0;10;;;;;10002.5;0.0
0;42600;INTARIAN_PEPPER_ROOT;14034;12;14031;10;;;14048.0;8;14051.0;8;;;14041.5;0.0
0;42700;ASH_COATED_OSMIUM;9990;13;9989;11;9988;11;10006.0;14;10008.0;10;10010.0;15;9997.5;0.0
0;42700;INTARIAN_PEPPER_ROOT;14032;10;14031;10;;;14051.0;10;14054.0;12;;;14041.0;0.0
0;42800;ASH_COATED_OSMIUM;9994;10;;;;;10010.0;15;;;;;10002.5;0.0
0;42800;INTARIAN_PEPPER_ROOT;14034;9;14032;11;14030;10;14050.0;9;14053.0;15;14054.0;11;14041.5;0.0
0;42900;ASH_COATED_OSMIUM;9994;13;9991;11;9990;27;10010.0;10;10011.0;13;10012.0;14;10002.5;0.0
0;42900;INTARIAN_PEPPER_ROOT;14036;11;;;;;14052.0;12;;;;;14044.0;0.0
0;43000;ASH_COATED_OSMIUM;9994;13;;;;;10010.0;30;;;;;10002.5;0.0
0;43000;INTARIAN_PEPPER_ROOT;14034;6;;;;;14050.0;18;;;;;14041.5;0.0
0;43100;ASH_COATED_OSMIUM;9994;12;;;;;10010.0;11;;;;;10002.5;0.0
0;43100;INTARIAN_PEPPER_ROOT;14036;12;;;;;14048.0;24;;;;;14042.5;0.0
0;43200;ASH_COATED_OSMIUM;9994;27;9991;15;;;10010.0;26;10011.0;10;;;10002.5;0.0
0;43200;INTARIAN_PEPPER_ROOT;14036;8;14033;11;14032;8;14050.0;8;14053.0;12;14055.0;12;14043.0;0.0
0;43300;ASH_COATED_OSMIUM;9994;21;;;;;10010.0;24;;;;;10002.5;0.0
0;43300;INTARIAN_PEPPER_ROOT;14050;23;14049;24;;;14062.0;8;14064.0;10;;;14055.5;0.0
0;43400;ASH_COATED_OSMIUM;9994;15;9993;11;9992;15;10010.0;14;10011.0;21;10012.0;13;10002.5;0.0
0;43400;INTARIAN_PEPPER_ROOT;14036;11;14035;11;14033;12;14053.0;10;14054.0;10;14055.0;11;14044.0;0.0
0;43500;ASH_COATED_OSMIUM;9988;11;9985;12;9984;30;10007.0;10;10009.0;14;10011.0;15;9997.5;0.0
0;43500;INTARIAN_PEPPER_ROOT;14036;11;;;;;14053.0;16;;;;;14044.0;0.0
0;43600;ASH_COATED_OSMIUM;9994;10;;;;;10010.0;14;;;;;10002.5;0.0
0;43600;INTARIAN_PEPPER_ROOT;14036;11;14033;12;14031;4;14049.0;8;14051.0;12;14052.0;8;14042.5;0.0
0;43700;ASH_COATED_OSMIUM;9990;15;;;;;10006.0;13;;;;;9997.5;0.0
0;43700;INTARIAN_PEPPER_ROOT;14040;10;14037;12;14034;10;14053.0;10;14055.0;10;14058.0;17;14046.0;0.0
0;43800;ASH_COATED_OSMIUM;9990;13;;;;;10006.0;13;;;;;9997.5;0.0
0;43800;INTARIAN_PEPPER_ROOT;14035;3;;;;;14050.0;8;;;;;14042.5;0.0
0;43900;ASH_COATED_OSMIUM;9990;10;9989;15;;;10006.0;25;10008.0;13;;;9997.5;0.0
0;43900;INTARIAN_PEPPER_ROOT;14034;12;14033;12;;;14052.0;19;14054.0;11;;;14043.5;0.0
0;44000;ASH_COATED_OSMIUM;9990;11;9987;4;;;10006.0;3;10009.0;24;;;9997.5;0.0
0;44000;INTARIAN_PEPPER_ROOT;14036;10;14033;8;;;14049.0;10;14051.0;12;;;14043.0;0.0
0;44100;ASH_COATED_OSMIUM;9988;14;;;;;10006.0;22;;;;;9997.5;0.0
0;44100;INTARIAN_PEPPER_ROOT;14036;9;14034;12;;;14048.0;8;14051.0;9;;;14042.5;0.0
0;44200;ASH_COATED_OSMIUM;9990;15;;;;;10006.0;14;;;;;9997.5;0.0
0;44200;INTARIAN_PEPPER_ROOT;14040;8;14037;10;14034;24;14043.0;10;14044.0;12;14047.0;11;14042.0;0.0
0;44300;ASH_COATED_OSMIUM;9990;11;9989;15;;;10006.0;12;10009.0;12;;;9997.5;0.0
0;44300;INTARIAN_PEPPER_ROOT;14023;10;14021;22;14018;12;14038.0;8;14041.0;12;14043.0;10;14030.5;0.0
0;44400;ASH_COATED_OSMIUM;9990;23;9988;12;9985;11;10006.0;14;10008.0;14;10009.0;11;9997.5;0.0
0;44400;INTARIAN_PEPPER_ROOT;14034;11;14032;8;14030;9;14048.0;19;14049.0;11;14050.0;8;14041.0;0.0
0;44500;ASH_COATED_OSMIUM;9990;15;9987;15;;;10006.0;20;10007.0;15;;;9997.5;0.0
0;44500;INTARIAN_PEPPER_ROOT;14036;11;14033;9;;;14053.0;8;14055.0;12;;;14044.0;0.0
0;44600;ASH_COATED_OSMIUM;9994;30;;;;;10010.0;29;;;;;10002.5;0.0
0;44600;INTARIAN_PEPPER_ROOT;14036;9;14033;12;14031;11;14049.0;10;14051.0;12;14052.0;10;14043.0;0.0
0;44700;ASH_COATED_OSMIUM;9993;10;;;;;10012.0;10;;;;;10002.5;0.0
0;44700;INTARIAN_PEPPER_ROOT;14040;10;;;;;14052.0;11;;;;;14045.5;0.0
0;44800;ASH_COATED_OSMIUM;9994;22;9992;14;;;10012.0;14;10014.0;13;;;10002.5;0.0
0;44800;INTARIAN_PEPPER_ROOT;14042;8;14041;12;;;14056.0;12;14059.0;10;;;14048.5;0.0
0;44900;ASH_COATED_OSMIUM;9994;11;9993;15;9991;12;10010.0;15;10013.0;14;10016.0;14;10002.5;0.0
0;44900;INTARIAN_PEPPER_ROOT;14040;12;14039;10;;;14058.0;15;14060.0;7;;;14048.5;0.0
0;45000;ASH_COATED_OSMIUM;9990;12;9989;12;;;10006.0;15;10008.0;12;;;9997.5;0.0
0;45000;INTARIAN_PEPPER_ROOT;14037;11;;;;;14051.0;10;;;;;14044.0;0.0
0;45100;ASH_COATED_OSMIUM;9993;12;9991;10;9990;10;10012.0;11;10015.0;10;10017.0;10;10002.5;0.0
0;45100;INTARIAN_PEPPER_ROOT;14041;10;;;;;14058.0;8;;;;;14049.5;0.0
0;45200;ASH_COATED_OSMIUM;9990;10;9989;30;9986;14;10006.0;29;10009.0;13;10011.0;14;9997.5;0.0
0;45200;INTARIAN_PEPPER_ROOT;14038;12;14037;8;14035;10;14052.0;11;14055.0;11;14058.0;10;14045.5;0.0
0;45300;ASH_COATED_OSMIUM;9990;11;9988;15;;;10006.0;10;10008.0;13;;;9997.5;0.0
0;45300;INTARIAN_PEPPER_ROOT;14038;12;14035;12;;;14051.0;10;14053.0;3;;;14044.5;0.0
0;45400;ASH_COATED_OSMIUM;9994;14;;;;;10010.0;14;;;;;10002.5;0.0
0;45400;INTARIAN_PEPPER_ROOT;14036;8;14033;6;14031;9;14055.0;12;14056.0;10;14058.0;12;14045.0;0.0
0;45500;ASH_COATED_OSMIUM;9990;13;9987;12;;;10006.0;20;10008.0;12;;;9997.5;0.0
0;45500;INTARIAN_PEPPER_ROOT;14037;12;14036;11;14034;9;14053.0;10;14055.0;9;14058.0;12;14045.0;0.0
0;45600;ASH_COATED_OSMIUM;9988;12;9987;14;;;10007.0;14;10009.0;10;;;9997.5;0.0
0;45600;INTARIAN_PEPPER_ROOT;14040;11;14039;11;14038;8;14055.0;12;14058.0;11;14060.0;12;14047.5;0.0
0;45700;ASH_COATED_OSMIUM;9994;15;9992;13;9991;15;10012.0;13;10015.0;14;10017.0;12;10002.5;0.0
0;45700;INTARIAN_PEPPER_ROOT;14040;9;;;;;14052.0;9;;;;;14046.5;0.0
0;45800;ASH_COATED_OSMIUM;9994;11;9992;24;;;10010.0;11;10013.0;14;;;10002.5;0.0
0;45800;INTARIAN_PEPPER_ROOT;14037;12;;;;;14051.0;11;;;;;14044.0;0.0
0;45900;ASH_COATED_OSMIUM;9994;14;9992;14;9990;12;10010.0;12;10011.0;27;10012.0;11;10002.5;0.0
0;45900;INTARIAN_PEPPER_ROOT;14033;11;;;;;14048.0;9;;;;;14040.5;0.0
0;46000;ASH_COATED_OSMIUM;9990;20;;;;;10006.0;12;;;;;9997.5;0.0
0;46000;INTARIAN_PEPPER_ROOT;14042;8;14039;17;;;14055.0;10;14056.0;8;;;14048.0;0.0
0;46100;ASH_COATED_OSMIUM;9990;10;9987;11;9986;15;10006.0;12;10007.0;15;10009.0;11;9997.5;0.0
0;46100;INTARIAN_PEPPER_ROOT;14037;22;14035;9;;;14056.0;21;14059.0;8;;;14046.5;0.0
0;46200;ASH_COATED_OSMIUM;9994;30;9992;10;9991;11;10010.0;11;10013.0;27;10015.0;14;10002.5;0.0
0;46200;INTARIAN_PEPPER_ROOT;14038;5;;;;;14052.0;12;;;;;14044.5;0.0
0;46300;ASH_COATED_OSMIUM;9988;29;9987;12;9985;14;10007.0;20;10009.0;12;10010.0;13;9997.5;0.0
0;46300;INTARIAN_PEPPER_ROOT;14050;12;14048;9;;;14054.0;8;14057.0;12;;;14052.5;0.0
0;46400;ASH_COATED_OSMIUM;9994;12;;;;;10010.0;11;;;;;10002.5;0.0
0;46400;INTARIAN_PEPPER_ROOT;14039;12;;;;;14054.0;10;;;;;14046.5;0.0
0;46500;ASH_COATED_OSMIUM;9990;13;9988;13;;;10006.0;13;10007.0;12;;;9997.5;0.0
0;46500;INTARIAN_PEPPER_ROOT;14044;10;14043;8;14040;17;14057.0;22;14058.0;19;14061.0;9;14050.5;0.0
0;46600;ASH_COATED_OSMIUM;9994;13;9992;24;9991;14;10010.0;12;10011.0;14;10013.0;24;10002.5;0.0
0;46600;INTARIAN_PEPPER_ROOT;14040;8;14038;9;14037;12;14053.0;12;14056.0;8;14059.0;8;14046.5;0.0
0;46700;ASH_COATED_OSMIUM;9988;15;;;;;10007.0;11;;;;;9997.5;0.0
0;46700;INTARIAN_PEPPER_ROOT;14044;9;14042;12;14039;12;14059.0;12;14060.0;8;14062.0;8;14051.5;0.0
0;46800;ASH_COATED_OSMIUM;9994;13;;;;;10010.0;12;;;;;10002.5;0.0
0;46800;INTARIAN_PEPPER_ROOT;14040;11;;;;;14058.0;10;;;;;14049.0;0.0
0;46900;ASH_COATED_OSMIUM;9990;12;;;;;10006.0;20;;;;;9997.5;0.0
0;46900;INTARIAN_PEPPER_ROOT;14038;10;14036;23;;;14055.0;12;14058.0;9;;;14046.5;0.0
0;47000;ASH_COATED_OSMIUM;9993;5;9991;25;;;10012.0;10;10015.0;12;;;10002.5;0.0
0;47000;INTARIAN_PEPPER_ROOT;14044;8;14041;10;;;14058.0;10;14059.0;22;;;14050.5;0.0
0;47100;ASH_COATED_OSMIUM;9994;24;9992;11;;;10010.0;10;10012.0;10;;;10002.5;0.0
0;47100;INTARIAN_PEPPER_ROOT;14038;11;;;;;14056.0;9;;;;;14046.5;0.0
0;47200;ASH_COATED_OSMIUM;9990;11;;;;;10006.0;15;;;;;9997.5;0.0
0;47200;INTARIAN_PEPPER_ROOT;14036;8;14033;20;;;14050.0;11;14052.0;12;;;14043.5;0.0
0;47300;ASH_COATED_OSMIUM;9987;13;9986;26;;;10008.0;11;10010.0;13;;;9997.5;0.0
0;47300;INTARIAN_PEPPER_ROOT;14044;15;;;;;14057.0;10;;;;;14050.0;0.0
0;47400;ASH_COATED_OSMIUM;9994;5;;;;;10010.0;15;;;;;10002.5;0.0
0;47400;INTARIAN_PEPPER_ROOT;14040;12;14037;22;;;14057.0;12;14060.0;9;;;14048.0;0.0
0;47500;ASH_COATED_OSMIUM;9992;10;9989;10;9988;11;10003.0;12;10004.0;14;10007.0;10;9997.5;0.0
0;47500;INTARIAN_PEPPER_ROOT;14056;12;;;;;14070.0;3;;;;;14063.5;0.0
0;47600;ASH_COATED_OSMIUM;9990;13;;;;;10006.0;11;;;;;9997.5;0.0
0;47600;INTARIAN_PEPPER_ROOT;14042;10;;;;;14056.0;12;;;;;14048.5;0.0
0;47700;ASH_COATED_OSMIUM;9994;5;9993;15;9990;13;10010.0;11;10011.0;14;10013.0;15;10002.5;0.0
0;47700;INTARIAN_PEPPER_ROOT;14040;11;14038;10;14035;8;14053.0;9;14056.0;9;14058.0;24;14046.0;0.0
0;47800;ASH_COATED_OSMIUM;9990;10;;;;;10006.0;10;;;;;9997.5;0.0
0;47800;INTARIAN_PEPPER_ROOT;14044;8;14043;8;14040;8;14056.0;11;14059.0;10;14061.0;10;14049.5;0.0
0;47900;ASH_COATED_OSMIUM;9990;11;9988;12;;;10006.0;15;10007.0;20;;;9997.5;0.0
0;47900;INTARIAN_PEPPER_ROOT;14042;11;14039;10;;;14056.0;11;14059.0;15;;;14049.5;0.0
0;48000;ASH_COATED_OSMIUM;9990;12;9987;10;;;10006.0;22;10007.0;10;;;9997.5;0.0
0;48000;INTARIAN_PEPPER_ROOT;14041;10;;;;;14056.0;16;;;;;14048.5;0.0
0;48100;ASH_COATED_OSMIUM;9998;15;9996;13;;;10008.0;15;10009.0;12;;;10002.5;0.0
0;48100;INTARIAN_PEPPER_ROOT;14042;8;;;;;14051.0;10;;;;;14047.0;0.0
0;48200;ASH_COATED_OSMIUM;9994;11;9993;15;;;10010.0;15;10013.0;11;;;10002.5;0.0
0;48200;INTARIAN_PEPPER_ROOT;14040;12;14039;10;;;14053.0;24;14055.0;12;;;14046.0;0.0
0;48300;ASH_COATED_OSMIUM;9994;20;9993;14;;;10010.0;15;10013.0;10;;;10002.5;0.0
0;48300;INTARIAN_PEPPER_ROOT;14043;8;;;;;14055.0;9;;;;;14049.0;0.0
0;48400;ASH_COATED_OSMIUM;9993;13;9992;12;;;10012.0;14;10015.0;15;;;10002.5;0.0
0;48400;INTARIAN_PEPPER_ROOT;14041;7;14038;12;;;14055.0;9;14057.0;11;;;14048.0;0.0
0;48500;ASH_COATED_OSMIUM;9994;24;9991;11;9988;4;10010.0;15;10013.0;21;10015.0;10;10002.5;0.0
0;48500;INTARIAN_PEPPER_ROOT;14042;12;14039;9;;;14057.0;19;14059.0;10;;;14049.5;0.0
0;48600;ASH_COATED_OSMIUM;9990;12;9988;15;;;10006.0;12;10007.0;15;;;9997.5;0.0
0;48600;INTARIAN_PEPPER_ROOT;14044;11;;;;;14056.0;10;;;;;14050.0;0.0
0;48700;ASH_COATED_OSMIUM;9994;15;9991;12;;;10010.0;15;10012.0;12;;;10002.5;0.0
0;48700;INTARIAN_PEPPER_ROOT;14040;8;14037;9;14035;11;14055.0;9;14056.0;8;14059.0;10;14048.0;0.0
0;48800;ASH_COATED_OSMIUM;9994;13;9993;14;;;10010.0;22;10013.0;25;;;10002.5;0.0
0;48800;INTARIAN_PEPPER_ROOT;14044;12;14042;12;;;14058.0;12;14060.0;22;;;14050.5;0.0
0;48900;ASH_COATED_OSMIUM;9988;10;;;;;10007.0;10;;;;;9997.5;0.0
0;48900;INTARIAN_PEPPER_ROOT;14043;9;14040;24;;;14056.0;8;14059.0;10;;;14049.5;0.0
0;49000;ASH_COATED_OSMIUM;10000;22;;;;;10006.0;30;;;;;10002.5;0.0
0;49000;INTARIAN_PEPPER_ROOT;14042;10;14041;8;;;14060.0;9;14063.0;8;;;14051.0;0.0
0;49100;ASH_COATED_OSMIUM;9990;23;9988;10;;;10006.0;13;10007.0;12;;;9997.5;0.0
0;49100;INTARIAN_PEPPER_ROOT;14042;12;14041;9;;;14055.0;21;14057.0;8;;;14048.0;0.0
0;49200;ASH_COATED_OSMIUM;9990;3;9989;11;;;10006.0;15;10009.0;10;;;9997.5;0.0
0;49200;INTARIAN_PEPPER_ROOT;14040;9;;;;;14057.0;10;;;;;14048.5;0.0
0;49300;ASH_COATED_OSMIUM;9994;11;9993;14;9992;14;10010.0;10;10012.0;15;10015.0;14;10002.5;0.0
0;49300;INTARIAN_PEPPER_ROOT;14038;12;14036;4;14034;12;14054.0;15;14056.0;8;14059.0;11;14046.0;0.0
0;49400;ASH_COATED_OSMIUM;9988;25;9986;10;;;10006.0;14;10009.0;11;;;9997.5;0.0
0;49400;INTARIAN_PEPPER_ROOT;14041;9;;;;;14054.0;10;;;;;14047.5;0.0
0;49500;ASH_COATED_OSMIUM;9990;15;9987;15;;;10006.0;10;10009.0;14;;;9997.5;0.0
0;49500;INTARIAN_PEPPER_ROOT;14043;24;14041;9;14039;8;14057.0;9;14060.0;22;14062.0;8;14050.0;0.0
0;49600;ASH_COATED_OSMIUM;9990;11;;;;;10006.0;3;;;;;9997.5;0.0
0;49600;INTARIAN_PEPPER_ROOT;14043;9;14040;11;;;14057.0;8;14060.0;10;;;14050.0;0.0
0;49700;ASH_COATED_OSMIUM;9994;27;9993;11;9990;10;10010.0;10;10013.0;11;10015.0;10;10002.5;0.0
0;49700;INTARIAN_PEPPER_ROOT;14043;10;14040;8;;;14060.0;12;14062.0;19;;;14051.5;0.0
0;49800;ASH_COATED_OSMIUM;9990;15;9988;13;9987;12;10006.0;20;10007.0;12;10008.0;10;9997.5;0.0
0;49800;INTARIAN_PEPPER_ROOT;14040;11;14037;8;14035;8;14053.0;8;14054.0;11;14057.0;8;14047.0;0.0
0;49900;ASH_COATED_OSMIUM;9994;24;9991;14;;;10010.0;11;10011.0;14;;;10002.5;0.0
0;49900;INTARIAN_PEPPER_ROOT;14044;18;14041;5;14038;17;14056.0;11;14059.0;11;14060.0;11;14050.5;0.0
0;50000;ASH_COATED_OSMIUM;9994;13;9993;14;;;10010.0;28;10013.0;13;;;10002.5;0.0
0;50000;INTARIAN_PEPPER_ROOT;14042;10;14040;11;;;14059.0;11;14062.0;9;;;14050.0;0.0
0;50100;ASH_COATED_OSMIUM;9994;10;9993;20;;;10010.0;14;10013.0;11;;;10002.5;0.0
0;50100;INTARIAN_PEPPER_ROOT;14048;9;14045;10;;;14050.0;10;14051.0;10;;;14048.5;0.0
0;50200;ASH_COATED_OSMIUM;9990;15;9987;12;;;10006.0;13;10008.0;10;;;9997.5;0.0
0;50200;INTARIAN_PEPPER_ROOT;14037;9;;;;;14054.0;10;;;;;14045.5;0.0
0;50300;ASH_COATED_OSMIUM;9994;13;9992;10;9990;13;10010.0;25;10011.0;10;10014.0;13;10002.5;0.0
0;50300;INTARIAN_PEPPER_ROOT;14045;11;14043;21;;;14061.0;9;14064.0;8;;;14053.0;0.0
0;50400;ASH_COATED_OSMIUM;9990;14;9988;13;;;10006.0;12;10008.0;11;;;9997.5;0.0
0;50400;INTARIAN_PEPPER_ROOT;14043;10;14041;11;;;14057.0;12;14059.0;8;;;14050.0;0.0
0;50500;ASH_COATED_OSMIUM;9990;13;9987;11;9985;11;10006.0;24;10007.0;15;10009.0;24;9997.5;0.0
0;50500;INTARIAN_PEPPER_ROOT;14040;25;14038;10;14035;9;14056.0;10;14059.0;8;14061.0;11;14048.5;0.0
0;50600;ASH_COATED_OSMIUM;9990;30;;;;;10006.0;13;;;;;9997.5;0.0
0;50600;INTARIAN_PEPPER_ROOT;14041;11;14040;12;;;14059.0;12;14060.0;20;;;14050.0;0.0
0;50700;ASH_COATED_OSMIUM;9992;15;9989;13;;;10013.0;15;10015.0;11;;;10002.5;0.0
0;50700;INTARIAN_PEPPER_ROOT;14044;18;14041;21;;;14059.0;8;14062.0;11;;;14051.5;0.0
0;50800;ASH_COATED_OSMIUM;9988;14;;;;;10006.0;15;;;;;9997.5;0.0
0;50800;INTARIAN_PEPPER_ROOT;14044;10;14041;8;14040;11;14057.0;10;14058.0;8;14061.0;15;14050.5;0.0
0;50900;ASH_COATED_OSMIUM;9988;12;9986;14;9985;14;10006.0;14;10009.0;12;10010.0;20;9997.5;0.0
0;50900;INTARIAN_PEPPER_ROOT;14048;11;;;;;14051.0;9;;;;;14049.5;0.0
0;51000;ASH_COATED_OSMIUM;9994;2;9993;10;;;10010.0;13;10011.0;11;;;10002.5;0.0
0;51000;INTARIAN_PEPPER_ROOT;14044;24;14042;9;;;14056.0;17;14058.0;10;;;14049.5;0.0
0;51100;ASH_COATED_OSMIUM;9990;14;;;;;10006.0;11;;;;;9997.5;0.0
0;51100;INTARIAN_PEPPER_ROOT;14042;9;;;;;14056.0;8;;;;;14048.5;0.0
0;51200;ASH_COATED_OSMIUM;9994;13;;;;;10012.0;10;;;;;10002.5;0.0
0;51200;INTARIAN_PEPPER_ROOT;14043;11;14041;10;;;14056.0;20;14057.0;11;;;14049.5;0.0
0;51300;ASH_COATED_OSMIUM;9990;15;9987;10;9984;12;10006.0;15;10008.0;29;10011.0;10;9997.5;0.0
0;51300;INTARIAN_PEPPER_ROOT;14048;11;;;;;14062.0;8;;;;;14054.5;0.0
0;51400;ASH_COATED_OSMIUM;9990;28;9989;13;;;10006.0;10;10009.0;14;;;9997.5;0.0
0;51400;INTARIAN_PEPPER_ROOT;14044;11;14043;12;;;14058.0;12;14059.0;10;;;14050.5;0.0
0;51500;ASH_COATED_OSMIUM;9994;12;;;;;10012.0;15;;;;;10002.5;0.0
0;51500;INTARIAN_PEPPER_ROOT;14048;11;;;;;14061.0;18;;;;;14054.5;0.0
0;51600;ASH_COATED_OSMIUM;9993;6;;;;;10012.0;14;;;;;10002.5;0.0
0;51600;INTARIAN_PEPPER_ROOT;14047;9;14046;17;14045;15;14060.0;12;14062.0;18;14063.0;11;14053.5;0.0
0;51700;ASH_COATED_OSMIUM;9993;14;;;;;10012.0;30;;;;;10002.5;0.0
0;51700;INTARIAN_PEPPER_ROOT;14047;11;;;;;14061.0;8;;;;;14054.0;0.0
0;51800;ASH_COATED_OSMIUM;9994;15;;;;;10010.0;10;;;;;10002.5;0.0
0;51800;INTARIAN_PEPPER_ROOT;14040;10;14037;22;14036;10;14057.0;12;14059.0;20;14060.0;8;14048.5;0.0
0;51900;ASH_COATED_OSMIUM;9990;14;9988;15;;;10006.0;28;10009.0;10;;;9997.5;0.0
0;51900;INTARIAN_PEPPER_ROOT;14048;10;14046;12;;;14061.0;9;14062.0;9;;;14055.0;0.0
0;52000;ASH_COATED_OSMIUM;9990;12;9987;14;;;10006.0;11;10007.0;15;;;9997.5;0.0
0;52000;INTARIAN_PEPPER_ROOT;14048;9;14047;9;;;14062.0;8;14065.0;8;;;14055.0;0.0
0;52100;ASH_COATED_OSMIUM;9994;10;9992;14;;;10010.0;10;10013.0;27;;;10002.5;0.0
0;52100;INTARIAN_PEPPER_ROOT;14044;9;;;;;14056.0;8;;;;;14050.0;0.0
0;52200;ASH_COATED_OSMIUM;9990;12;;;;;10006.0;4;;;;;9997.5;0.0
0;52200;INTARIAN_PEPPER_ROOT;14048;9;14045;21;;;14061.0;12;14064.0;23;;;14054.0;0.0
0;52300;ASH_COATED_OSMIUM;9992;25;9989;23;;;10013.0;15;10015.0;11;;;10002.5;0.0
0;52300;INTARIAN_PEPPER_ROOT;14048;8;14045;11;;;14052.0;11;14053.0;10;;;14050.5;0.0
0;52400;ASH_COATED_OSMIUM;9994;15;9992;15;;;10012.0;14;10014.0;14;;;10002.5;0.0
0;52400;INTARIAN_PEPPER_ROOT;14048;10;14047;12;;;14060.0;9;14061.0;23;;;14054.5;0.0
0;52500;ASH_COATED_OSMIUM;9994;12;9991;11;;;10012.0;13;10015.0;14;;;10002.5;0.0
0;52500;INTARIAN_PEPPER_ROOT;14045;10;14043;19;14040;9;14060.0;9;14062.0;8;14063.0;10;14052.5;0.0
0;52600;ASH_COATED_OSMIUM;9998;14;9996;21;;;10008.0;11;10011.0;13;;;10002.5;0.0
0;52600;INTARIAN_PEPPER_ROOT;14044;11;14042;17;;;14060.0;11;14062.0;16;;;14052.5;0.0
0;52700;ASH_COATED_OSMIUM;9994;11;9993;15;;;10010.0;29;10011.0;12;;;10002.5;0.0
0;52700;INTARIAN_PEPPER_ROOT;14047;10;14046;9;;;14062.0;11;14065.0;11;;;14054.5;0.0
0;52800;ASH_COATED_OSMIUM;9994;15;9992;10;;;10010.0;15;10013.0;13;;;10002.5;0.0
0;52800;INTARIAN_PEPPER_ROOT;14046;12;14044;8;;;14059.0;9;14062.0;8;;;14053.0;0.0
0;52900;ASH_COATED_OSMIUM;9988;15;9987;12;;;10006.0;12;10007.0;12;;;9997.5;0.0
0;52900;INTARIAN_PEPPER_ROOT;14046;12;;;;;14066.0;9;;;;;14056.0;0.0
0;53000;ASH_COATED_OSMIUM;9990;12;9987;11;9986;10;10006.0;10;10009.0;12;10010.0;14;9997.5;0.0
0;53000;INTARIAN_PEPPER_ROOT;14041;10;;;;;14060.0;11;;;;;14050.5;0.0
0;53100;ASH_COATED_OSMIUM;9993;10;9991;21;;;10012.0;15;10015.0;12;;;10002.5;0.0
0;53100;INTARIAN_PEPPER_ROOT;14042;8;;;;;14058.0;8;;;;;14050.0;0.0
0;53200;ASH_COATED_OSMIUM;9990;11;9987;15;;;10006.0;22;10009.0;22;;;9997.5;0.0
0;53200;INTARIAN_PEPPER_ROOT;14051;5;14048;19;14046;10;14064.0;10;14065.0;10;14067.0;11;14057.5;0.0
0;53300;ASH_COATED_OSMIUM;9994;14;9993;26;;;10010.0;11;10012.0;13;;;10002.5;0.0
0;53300;INTARIAN_PEPPER_ROOT;14050;23;14048;10;14047;11;14062.0;21;14065.0;9;14066.0;11;14056.5;0.0
0;53400;ASH_COATED_OSMIUM;9990;14;9987;10;9984;22;10006.0;10;10009.0;12;10012.0;14;9997.5;0.0
0;53400;INTARIAN_PEPPER_ROOT;14048;8;;;;;14070.0;12;;;;;14058.5;0.0
0;53500;ASH_COATED_OSMIUM;9994;10;9993;14;;;10010.0;15;10013.0;11;;;10002.5;0.0
0;53500;INTARIAN_PEPPER_ROOT;14048;4;14045;11;14042;22;14060.0;9;14063.0;10;14064.0;12;14053.5;0.0
0;53600;ASH_COATED_OSMIUM;9990;12;9987;22;9985;10;10006.0;15;10007.0;22;10008.0;15;9997.5;0.0
0;53600;INTARIAN_PEPPER_ROOT;14044;23;14041;11;;;14058.0;16;14061.0;11;;;14051.0;0.0
0;53700;ASH_COATED_OSMIUM;9990;10;;;;;10006.0;11;;;;;9997.5;0.0
0;53700;INTARIAN_PEPPER_ROOT;14049;12;14048;12;;;14062.0;23;14063.0;8;;;14055.5;0.0
0;53800;ASH_COATED_OSMIUM;9994;20;;;;;10010.0;22;;;;;10002.5;0.0
0;53800;INTARIAN_PEPPER_ROOT;14047;18;14046;11;;;14061.0;8;14064.0;12;;;14054.0;0.0
0;53900;ASH_COATED_OSMIUM;9998;25;;;;;10008.0;14;;;;;10002.5;0.0
0;53900;INTARIAN_PEPPER_ROOT;14050;10;14049;9;14046;10;14065.0;12;14068.0;11;14069.0;9;14058.0;0.0
0;54000;ASH_COATED_OSMIUM;9992;13;9990;26;;;10004.0;11;10005.0;14;;;9997.5;0.0
0;54000;INTARIAN_PEPPER_ROOT;14048;12;14045;12;;;14064.0;12;14067.0;15;;;14055.5;0.0
0;54100;ASH_COATED_OSMIUM;9990;11;9988;13;;;10006.0;15;10007.0;15;;;9997.5;0.0
0;54100;INTARIAN_PEPPER_ROOT;14052;10;14049;8;;;14070.0;12;14071.0;9;;;14061.0;0.0
0;54200;ASH_COATED_OSMIUM;9988;15;;;;;10007.0;23;;;;;9997.5;0.0
0;54200;INTARIAN_PEPPER_ROOT;14049;11;14047;12;;;14067.0;9;14069.0;11;;;14058.0;0.0
0;54300;ASH_COATED_OSMIUM;9994;25;9992;11;9989;11;10010.0;15;10013.0;11;10016.0;10;10002.5;0.0
0;54300;INTARIAN_PEPPER_ROOT;14046;11;;;;;14059.0;11;;;;;14052.0;0.0
0;54400;ASH_COATED_OSMIUM;9994;25;9991;25;;;10012.0;10;10015.0;12;;;10002.5;0.0
0;54400;INTARIAN_PEPPER_ROOT;14048;11;14045;12;;;14060.0;24;14062.0;9;;;14054.5;0.0
0;54500;ASH_COATED_OSMIUM;9990;13;9988;10;9986;26;10006.0;13;10009.0;11;10012.0;12;9997.5;0.0
0;54500;INTARIAN_PEPPER_ROOT;14047;10;;;;;14059.0;8;;;;;14053.0;0.0
0;54600;ASH_COATED_OSMIUM;9994;13;9992;10;;;10010.0;15;10012.0;14;;;10002.5;0.0
0;54600;INTARIAN_PEPPER_ROOT;14046;11;14044;19;;;14059.0;5;14060.0;10;;;14052.5;0.0
0;54700;ASH_COATED_OSMIUM;9990;14;9988;12;;;10006.0;15;10007.0;10;;;9997.5;0.0
0;54700;INTARIAN_PEPPER_ROOT;14044;8;;;;;14062.0;12;;;;;14053.0;0.0
0;54800;ASH_COATED_OSMIUM;9994;14;9993;12;9992;12;10012.0;15;10013.0;15;10014.0;12;10002.5;0.0
0;54800;INTARIAN_PEPPER_ROOT;14046;22;;;;;14058.0;9;;;;;14052.0;0.0
0;54900;ASH_COATED_OSMIUM;9990;13;9988;13;;;10006.0;13;10007.0;12;;;9997.5;0.0
0;54900;INTARIAN_PEPPER_ROOT;14046;12;;;;;14060.0;9;;;;;14053.0;0.0
0;55000;ASH_COATED_OSMIUM;9990;14;9989;11;;;10006.0;10;10007.0;13;;;9997.5;0.0
0;55000;INTARIAN_PEPPER_ROOT;14047;12;14044;9;;;14062.0;3;14064.0;12;;;14054.5;0.0
0;55100;ASH_COATED_OSMIUM;9994;13;9991;11;;;10010.0;12;10011.0;11;;;10002.5;0.0
0;55100;INTARIAN_PEPPER_ROOT;14046;8;14043;12;14040;8;14061.0;11;14064.0;12;14067.0;12;14053.5;0.0
0;55200;ASH_COATED_OSMIUM;9990;13;9989;12;;;10006.0;10;10009.0;20;;;9997.5;0.0
0;55200;INTARIAN_PEPPER_ROOT;14048;11;14046;12;;;14064.0;8;14066.0;9;;;14055.5;0.0
0;55300;ASH_COATED_OSMIUM;9994;22;9991;13;;;10010.0;12;10013.0;26;;;10002.5;0.0
0;55300;INTARIAN_PEPPER_ROOT;14044;12;14042;24;;;14061.0;10;14063.0;12;;;14053.0;0.0
0;55400;ASH_COATED_OSMIUM;9997;10;9994;14;9991;10;10008.0;10;10010.0;11;10011.0;29;10002.5;0.0
0;55400;INTARIAN_PEPPER_ROOT;14054;9;14052;3;;;14069.0;10;14071.0;10;;;14061.5;0.0
0;55500;ASH_COATED_OSMIUM;9991;15;9990;12;;;10004.0;13;10007.0;12;;;9997.5;0.0
0;55500;INTARIAN_PEPPER_ROOT;14046;10;;;;;14064.0;10;;;;;14055.0;0.0
0;55600;ASH_COATED_OSMIUM;9994;30;9992;14;;;10010.0;15;10013.0;30;;;10002.5;0.0
0;55600;INTARIAN_PEPPER_ROOT;14048;8;14046;12;;;14060.0;10;14063.0;12;;;14053.5;0.0
0;55700;ASH_COATED_OSMIUM;9994;15;9992;26;9991;11;10010.0;25;10012.0;11;10014.0;13;10002.5;0.0
0;55700;INTARIAN_PEPPER_ROOT;14049;12;;;;;14062.0;10;;;;;14055.5;0.0
0;55800;ASH_COATED_OSMIUM;9993;24;9992;14;;;10012.0;11;10015.0;6;;;10002.5;0.0
0;55800;INTARIAN_PEPPER_ROOT;14050;11;14048;12;;;14063.0;8;14065.0;11;;;14056.5;0.0
0;55900;ASH_COATED_OSMIUM;9993;14;;;;;10012.0;10;;;;;10002.5;0.0
0;55900;INTARIAN_PEPPER_ROOT;14048;12;14046;9;;;14060.0;11;14061.0;10;;;14054.5;0.0
0;56000;ASH_COATED_OSMIUM;9990;2;9988;15;9986;13;10006.0;10;10009.0;28;10010.0;10;9997.5;0.0
0;56000;INTARIAN_PEPPER_ROOT;14048;21;;;;;14062.0;8;;;;;14054.5;0.0
0;56100;ASH_COATED_OSMIUM;9988;22;9987;15;9985;13;10007.0;12;10008.0;14;10010.0;14;9997.5;0.0
0;56100;INTARIAN_PEPPER_ROOT;14054;10;;;;;14058.0;24;;;;;14056.5;0.0
0;56200;ASH_COATED_OSMIUM;9994;15;;;;;10010.0;12;;;;;10002.5;0.0
0;56200;INTARIAN_PEPPER_ROOT;14053;9;;;;;14066.0;11;;;;;14059.5;0.0
0;56300;ASH_COATED_OSMIUM;9994;12;9992;12;;;10010.0;14;10013.0;11;;;10002.5;0.0
0;56300;INTARIAN_PEPPER_ROOT;14049;10;14047;23;;;14062.0;10;14064.0;12;;;14055.5;0.0
0;56400;ASH_COATED_OSMIUM;9994;11;9991;14;9989;15;10010.0;12;10012.0;30;10013.0;11;10002.5;0.0
0;56400;INTARIAN_PEPPER_ROOT;14049;11;14048;10;;;14068.0;8;14069.0;11;;;14058.5;0.0
0;56500;ASH_COATED_OSMIUM;9990;26;9988;10;;;10006.0;10;10008.0;21;;;9997.5;0.0
0;56500;INTARIAN_PEPPER_ROOT;14051;9;;;;;14069.0;21;;;;;14060.0;0.0
0;56600;ASH_COATED_OSMIUM;9994;15;9991;15;9988;11;10010.0;26;10011.0;10;10014.0;13;10002.5;0.0
0;56600;INTARIAN_PEPPER_ROOT;14048;19;14046;10;;;14061.0;8;14063.0;8;;;14054.5;0.0
0;56700;ASH_COATED_OSMIUM;9990;12;9988;10;;;10006.0;15;10008.0;13;;;9997.5;0.0
0;56700;INTARIAN_PEPPER_ROOT;14048;11;;;;;14064.0;10;;;;;14056.0;0.0
0;56800;ASH_COATED_OSMIUM;9994;13;;;;;10010.0;14;;;;;10002.5;0.0
0;56800;INTARIAN_PEPPER_ROOT;14050;9;14049;25;14048;9;14064.0;10;14065.0;18;14066.0;9;14057.0;0.0
0;56900;ASH_COATED_OSMIUM;9988;11;9985;11;;;10006.0;22;10008.0;12;;;9997.5;0.0
0;56900;INTARIAN_PEPPER_ROOT;14050;11;14049;8;14048;8;14063.0;17;14064.0;9;14065.0;18;14056.0;0.0
0;57000;ASH_COATED_OSMIUM;9992;14;9990;4;;;10004.0;11;10006.0;11;;;9997.5;0.0
0;57000;INTARIAN_PEPPER_ROOT;14046;8;14044;11;14042;11;14059.0;20;14060.0;15;14061.0;19;14052.5;0.0
0;57100;ASH_COATED_OSMIUM;9990;25;;;;;10006.0;23;;;;;9997.5;0.0
0;57100;INTARIAN_PEPPER_ROOT;14059;9;14056;11;;;14063.0;12;14066.0;10;;;14061.0;0.0
0;57200;ASH_COATED_OSMIUM;9994;12;;;;;10010.0;13;;;;;10002.5;0.0
0;57200;INTARIAN_PEPPER_ROOT;14046;11;;;;;14062.0;9;;;;;14054.5;0.0
0;57300;ASH_COATED_OSMIUM;9988;13;;;;;10006.0;12;;;;;9997.5;0.0
0;57300;INTARIAN_PEPPER_ROOT;14052;9;14049;11;;;14066.0;8;14069.0;9;;;14059.0;0.0
0;57400;ASH_COATED_OSMIUM;9990;14;9987;15;9984;14;10006.0;11;10007.0;15;10010.0;12;9997.5;0.0
0;57400;INTARIAN_PEPPER_ROOT;14048;10;14047;18;;;14062.0;8;14064.0;17;;;14055.5;0.0
0;57500;ASH_COATED_OSMIUM;9994;27;;;;;10010.0;10;;;;;10002.5;0.0
0;57500;INTARIAN_PEPPER_ROOT;14052;11;;;;;14066.0;10;;;;;14058.5;0.0
0;57600;ASH_COATED_OSMIUM;9994;14;9992;11;;;10010.0;13;10012.0;10;;;10002.5;0.0
0;57600;INTARIAN_PEPPER_ROOT;14046;20;14044;10;;;14063.0;9;14065.0;12;;;14055.0;0.0
0;57700;ASH_COATED_OSMIUM;9994;14;9991;13;;;10010.0;8;10013.0;15;;;10002.5;0.0
0;57700;INTARIAN_PEPPER_ROOT;14054;10;14053;8;;;14067.0;12;14068.0;19;;;14060.0;0.0
0;57800;ASH_COATED_OSMIUM;9992;10;;;;;10013.0;15;;;;;10002.5;0.0
0;57800;INTARIAN_PEPPER_ROOT;14050;12;;;;;14065.0;11;;;;;14058.0;0.0
0;57900;ASH_COATED_OSMIUM;9988;15;;;;;10007.0;13;;;;;9997.5;0.0
0;57900;INTARIAN_PEPPER_ROOT;14052;8;14049;12;;;14069.0;11;14072.0;11;;;14061.0;0.0
0;58000;ASH_COATED_OSMIUM;9990;15;9987;15;9984;13;10006.0;11;10008.0;5;10009.0;10;9997.5;0.0
0;58000;INTARIAN_PEPPER_ROOT;14052;12;14049;10;14048;8;14069.0;11;14070.0;12;14073.0;11;14060.0;0.0
0;58100;ASH_COATED_OSMIUM;9994;29;;;;;10010.0;10;;;;;10002.5;0.0
0;58100;INTARIAN_PEPPER_ROOT;14050;11;14048;6;;;14063.0;21;14064.0;10;;;14057.0;0.0
0;58200;ASH_COATED_OSMIUM;9988;11;9985;15;;;10007.0;14;10009.0;13;;;9997.5;0.0
0;58200;INTARIAN_PEPPER_ROOT;14054;10;14053;15;;;14066.0;11;14068.0;8;;;14059.5;0.0
0;58300;ASH_COATED_OSMIUM;9994;12;9991;11;;;10010.0;11;10013.0;12;;;10002.5;0.0
0;58300;INTARIAN_PEPPER_ROOT;14050;9;14048;8;;;14062.0;12;14065.0;10;;;14056.5;0.0
0;58400;ASH_COATED_OSMIUM;9988;13;9987;11;9985;12;10007.0;26;10009.0;15;10010.0;15;9997.5;0.0
0;58400;INTARIAN_PEPPER_ROOT;14048;8;;;;;14062.0;10;;;;;14054.5;0.0
0;58500;ASH_COATED_OSMIUM;9990;11;9989;14;9987;20;10006.0;11;10009.0;13;10010.0;30;9997.5;0.0
0;58500;INTARIAN_PEPPER_ROOT;14048;17;14046;18;;;14061.0;12;14064.0;9;;;14054.5;0.0
0;58600;ASH_COATED_OSMIUM;9992;11;9991;10;;;10013.0;11;10016.0;11;;;10002.5;0.0
0;58600;INTARIAN_PEPPER_ROOT;14051;11;;;;;14066.0;11;;;;;14058.5;0.0
0;58700;ASH_COATED_OSMIUM;9994;11;9991;12;9988;11;10010.0;11;10011.0;10;10014.0;12;10002.5;0.0
0;58700;INTARIAN_PEPPER_ROOT;14040;9;14038;11;;;14055.0;10;14056.0;8;;;14047.5;0.0
0;58800;ASH_COATED_OSMIUM;9993;10;9992;10;9989;10;10012.0;14;10013.0;29;10016.0;4;10002.5;0.0
0;58800;INTARIAN_PEPPER_ROOT;14051;11;14050;9;;;14068.0;9;14070.0;20;;;14059.5;0.0
0;58900;ASH_COATED_OSMIUM;9990;14;9988;14;9985;24;10006.0;15;10008.0;10;10009.0;13;9997.5;0.0
0;58900;INTARIAN_PEPPER_ROOT;14054;23;14053;10;14051;11;14067.0;12;14070.0;12;14073.0;15;14060.0;0.0
0;59000;ASH_COATED_OSMIUM;9990;11;9989;12;9986;12;10006.0;14;10008.0;15;10010.0;4;9997.5;0.0
0;59000;INTARIAN_PEPPER_ROOT;14055;12;14052;11;14049;11;14067.0;8;14068.0;11;14071.0;20;14061.0;0.0
0;59100;ASH_COATED_OSMIUM;9994;12;9992;29;;;10000.0;11;10003.0;30;;;9997.5;0.0
0;59100;INTARIAN_PEPPER_ROOT;14054;9;;;;;14067.0;10;;;;;14060.0;0.0
0;59200;ASH_COATED_OSMIUM;9994;14;9993;12;;;10010.0;13;10011.0;11;;;10002.5;0.0
0;59200;INTARIAN_PEPPER_ROOT;14050;12;14048;10;14047;23;14062.0;8;14065.0;10;14067.0;12;14056.0;0.0
0;59300;ASH_COATED_OSMIUM;9990;30;9989;12;9988;14;10006.0;14;10007.0;12;10009.0;13;9997.5;0.0
0;59300;INTARIAN_PEPPER_ROOT;14056;10;;;;;14068.0;12;;;;;14062.0;0.0
0;59400;ASH_COATED_OSMIUM;9992;27;;;;;10003.0;13;;;;;9997.5;0.0
0;59400;INTARIAN_PEPPER_ROOT;14053;10;;;;;14066.0;24;;;;;14059.5;0.0
0;59500;ASH_COATED_OSMIUM;9994;10;9991;13;9990;14;10010.0;12;10012.0;12;10015.0;14;10002.5;0.0
0;59500;INTARIAN_PEPPER_ROOT;14046;9;;;;;14064.0;9;;;;;14055.5;0.0
0;59600;ASH_COATED_OSMIUM;9988;28;;;;;10007.0;9;;;;;9997.5;0.0
0;59600;INTARIAN_PEPPER_ROOT;14056;9;14054;25;;;14070.0;24;14071.0;10;;;14063.5;0.0
0;59700;ASH_COATED_OSMIUM;9990;12;9988;12;;;10006.0;21;10008.0;12;;;9997.5;0.0
0;59700;INTARIAN_PEPPER_ROOT;14050;17;;;;;14068.0;8;;;;;14058.5;0.0
0;59800;ASH_COATED_OSMIUM;9993;13;9991;15;;;10012.0;30;10015.0;14;;;10002.5;0.0
0;59800;INTARIAN_PEPPER_ROOT;14055;8;;;;;14069.0;15;;;;;14062.0;0.0
0;59900;ASH_COATED_OSMIUM;9994;11;;;;;10012.0;15;;;;;10002.5;0.0
0;59900;INTARIAN_PEPPER_ROOT;14050;10;;;;;14065.0;8;;;;;14057.5;0.0
0;60000;ASH_COATED_OSMIUM;9994;28;9993;15;9992;13;10010.0;12;10012.0;13;10013.0;12;10002.5;0.0
0;60000;INTARIAN_PEPPER_ROOT;14056;11;14053;9;;;14070.0;19;14071.0;12;;;14062.5;0.0
0;60100;ASH_COATED_OSMIUM;9994;14;;;;;10010.0;12;;;;;10002.5;0.0
0;60100;INTARIAN_PEPPER_ROOT;14056;19;;;;;14069.0;9;;;;;14062.0;0.0
0;60200;ASH_COATED_OSMIUM;9994;25;;;;;10010.0;15;;;;;10002.5;0.0
0;60200;INTARIAN_PEPPER_ROOT;14055;11;14052;9;14049;8;14072.0;22;14074.0;22;14076.0;25;14063.5;0.0
0;60300;ASH_COATED_OSMIUM;9992;13;;;;;10013.0;15;;;;;10002.5;0.0
0;60300;INTARIAN_PEPPER_ROOT;14049;10;14048;8;;;14066.0;10;14067.0;9;;;14057.5;0.0
0;60400;ASH_COATED_OSMIUM;9994;10;9993;12;;;10012.0;14;10015.0;10;;;10002.5;0.0
0;60400;INTARIAN_PEPPER_ROOT;14050;10;14048;8;;;14068.0;8;14071.0;8;;;14059.5;0.0
0;60500;ASH_COATED_OSMIUM;9994;11;9992;10;;;10000.0;10;10002.0;14;;;9997.5;0.0
0;60500;INTARIAN_PEPPER_ROOT;14056;9;14054;12;;;14069.0;17;14070.0;9;;;14062.0;0.0
0;60600;ASH_COATED_OSMIUM;9994;11;9993;15;;;10010.0;10;10011.0;12;;;10002.5;0.0
0;60600;INTARIAN_PEPPER_ROOT;14052;9;;;;;14066.0;8;;;;;14059.5;0.0
0;60700;ASH_COATED_OSMIUM;9994;10;9993;14;;;10001.0;12;10003.0;13;;;9997.5;0.0
0;60700;INTARIAN_PEPPER_ROOT;14054;17;14051;8;;;14071.0;8;14074.0;12;;;14062.5;0.0
0;60800;ASH_COATED_OSMIUM;9994;2;;;;;10010.0;13;;;;;10002.5;0.0
0;60800;INTARIAN_PEPPER_ROOT;14048;11;14046;17;;;14064.0;12;14067.0;9;;;14055.5;0.0
0;60900;ASH_COATED_OSMIUM;9993;30;9991;13;;;10012.0;14;10015.0;14;;;10002.5;0.0
0;60900;INTARIAN_PEPPER_ROOT;14048;9;14046;24;;;14063.0;11;14065.0;10;;;14055.5;0.0
0;61000;ASH_COATED_OSMIUM;9994;20;9993;20;;;10012.0;14;10014.0;14;;;10002.5;0.0
0;61000;INTARIAN_PEPPER_ROOT;14052;10;14051;11;;;14066.0;10;14067.0;12;;;14058.5;0.0
0;61100;ASH_COATED_OSMIUM;9993;12;;;;;10012.0;15;;;;;10002.5;0.0
0;61100;INTARIAN_PEPPER_ROOT;14056;9;14053;12;;;14069.0;22;14071.0;25;;;14062.0;0.0
0;61200;ASH_COATED_OSMIUM;9993;27;;;;;10012.0;12;;;;;10002.5;0.0
0;61200;INTARIAN_PEPPER_ROOT;14052;12;14051;11;14049;8;14067.0;11;14070.0;10;14071.0;11;14059.0;0.0
0;61300;ASH_COATED_OSMIUM;9994;10;9991;14;;;10012.0;11;10013.0;13;;;10002.5;0.0
