timestamp;buyer;seller;symbol;currency;price;quantity
2557;;;ASH_COATED_OSMIUM;XIRECS;10006.0;4
3599;;;INTARIAN_PEPPER_ROOT;XIRECS;17010.0;4
3610;;;ASH_COATED_OSMIUM;XIRECS;9994.0;5
4060;;;ASH_COATED_OSMIUM;XIRECS;9994.0;6
5519;;;ASH_COATED_OSMIUM;XIRECS;10006.0;4
5976;;;INTARIAN_PEPPER_ROOT;XIRECS;17013.0;7
6835;;;ASH_COATED_OSMIUM;XIRECS;9992.0;5
7868;;;ASH_COATED_OSMIUM;XIRECS;10002.0;5
8998;;;ASH_COATED_OSMIUM;XIRECS;10006.0;5
9445;;;INTARIAN_PEPPER_ROOT;XIRECS;16991.0;6
9703;;;INTARIAN_PEPPER_ROOT;XIRECS;17017.0;5
10628;;;ASH_COATED_OSMIUM;XIRECS;9997.5;2
10868;;;ASH_COATED_OSMIUM;XIRECS;9994.0;5
12186;;;ASH_COATED_OSMIUM;XIRECS;9994.0;7
13356;;;INTARIAN_PEPPER_ROOT;XIRECS;17007.0;3
13432;;;ASH_COATED_OSMIUM;XIRECS;9994.0;5
13907;;;INTARIAN_PEPPER_ROOT;XIRECS;17013.0;8
14297;;;ASH_COATED_OSMIUM;XIRECS;9993.0;4
17984;;;ASH_COATED_OSMIUM;XIRECS;9994.0;6
18619;;;ASH_COATED_OSMIUM;XIRECS;9998.0;6
18745;;;ASH_COATED_OSMIUM;XIRECS;10010.0;10
18801;;;ASH_COATED_OSMIUM;XIRECS;9994.0;10
19961;;;INTARIAN_PEPPER_ROOT;XIRECS;17025.0;6
21013;;;INTARIAN_PEPPER_ROOT;XIRECS;17015.0;7
21459;;;ASH_COATED_OSMIUM;XIRECS;9992.0;8
21551;;;ASH_COATED_OSMIUM;XIRECS;9988.0;5
22023;;;INTARIAN_PEPPER_ROOT;XIRECS;17016.0;4
22129;;;ASH_COATED_OSMIUM;XIRECS;9998.0;8
22944;;;ASH_COATED_OSMIUM;XIRECS;10006.0;5
25608;;;ASH_COATED_OSMIUM;XIRECS;10007.0;7
25785;;;INTARIAN_PEPPER_ROOT;XIRECS;17036.0;3
28256;;;ASH_COATED_OSMIUM;XIRECS;10006.0;10
28342;;;ASH_COATED_OSMIUM;XIRECS;10010.5;10
28525;;;ASH_COATED_OSMIUM;XIRECS;9994.0;5
29186;;;ASH_COATED_OSMIUM;XIRECS;9992.0;4
29401;;;ASH_COATED_OSMIUM;XIRECS;10005.5;2
30983;;;INTARIAN_PEPPER_ROOT;XIRECS;17035.0;5
33094;;;ASH_COATED_OSMIUM;XIRECS;10006.0;5
36026;;;ASH_COATED_OSMIUM;XIRECS;9994.5;4
36854;;;INTARIAN_PEPPER_ROOT;XIRECS;17046.0;4
37290;;;ASH_COATED_OSMIUM;XIRECS;9994.0;2
37945;;;ASH_COATED_OSMIUM;XIRECS;10001.0;6
38008;;;ASH_COATED_OSMIUM;XIRECS;10006.0;4
39104;;;INTARIAN_PEPPER_ROOT;XIRECS;17047.0;7
39740;;;INTARIAN_PEPPER_ROOT;XIRECS;17031.0;3
41225;;;ASH_COATED_OSMIUM;XIRECS;10006.0;4
41486;;;INTARIAN_PEPPER_ROOT;XIRECS;17036.0;6
41505;;;INTARIAN_PEPPER_ROOT;XIRECS;17038.0;7
42671;;;ASH_COATED_OSMIUM;XIRECS;9993.0;3
43325;;;ASH_COATED_OSMIUM;XIRECS;9994.5;10
43417;;;ASH_COATED_OSMIUM;XIRECS;10002.0;5
46670;;;ASH_COATED_OSMIUM;XIRECS;10006.0;6
47712;;;INTARIAN_PEPPER_ROOT;XIRECS;17042.0;6
48524;;;INTARIAN_PEPPER_ROOT;XIRECS;17055.0;5
49444;;;INTARIAN_PEPPER_ROOT;XIRECS;17040.0;4
49552;;;INTARIAN_PEPPER_ROOT;XIRECS;17039.0;6
50395;;;INTARIAN_PEPPER_ROOT;XIRECS;17054.0;5
51977;;;INTARIAN_PEPPER_ROOT;XIRECS;17057.0;6
54441;;;ASH_COATED_OSMIUM;XIRECS;10006.0;5
56139;;;ASH_COATED_OSMIUM;XIRECS;9994.0;3
56450;;;ASH_COATED_OSMIUM;XIRECS;10006.0;3
57636;;;ASH_COATED_OSMIUM;XIRECS;10006.0;3
58811;;;ASH_COATED_OSMIUM;XIRECS;9994.0;9
66690;;;INTARIAN_PEPPER_ROOT;XIRECS;17064.0;7
66814;;;ASH_COATED_OSMIUM;XIRECS;9994.0;9
68611;;;ASH_COATED_OSMIUM;XIRECS;10007.0;7
69240;;;ASH_COATED_OSMIUM;XIRECS;10004.0;6
72225;;;ASH_COATED_OSMIUM;XIRECS;10006.0;3
72424;;;ASH_COATED_OSMIUM;XIRECS;9994.0;5
72896;;;INTARIAN_PEPPER_ROOT;XIRECS;17068.0;5
73412;;;ASH_COATED_OSMIUM;XIRECS;10006.0;3
73628;;;INTARIAN_PEPPER_ROOT;XIRECS;17076.0;3
73882;;;ASH_COATED_OSMIUM;XIRECS;9994.0;5
73888;;;INTARIAN_PEPPER_ROOT;XIRECS;17079.0;4
75738;;;INTARIAN_PEPPER_ROOT;XIRECS;17082.0;6
76658;;;ASH_COATED_OSMIUM;XIRECS;10002.0;10
76920;;;ASH_COATED_OSMIUM;XIRECS;10006.0;6
80393;;;INTARIAN_PEPPER_ROOT;XIRECS;17074.0;8
81104;;;INTARIAN_PEPPER_ROOT;XIRECS;17072.0;4
84339;;;ASH_COATED_OSMIUM;XIRECS;10006.0;4
86076;;;ASH_COATED_OSMIUM;XIRECS;10006.0;6
86784;;;ASH_COATED_OSMIUM;XIRECS;9993.0;10
87002;;;INTARIAN_PEPPER_ROOT;XIRECS;17091.0;6
89279;;;INTARIAN_PEPPER_ROOT;XIRECS;17089.0;5
89970;;;ASH_COATED_OSMIUM;XIRECS;10007.0;4
91335;;;ASH_COATED_OSMIUM;XIRECS;10006.0;10
91671;;;ASH_COATED_OSMIUM;XIRECS;10007.0;3
91842;;;INTARIAN_PEPPER_ROOT;XIRECS;17084.0;4
92689;;;INTARIAN_PEPPER_ROOT;XIRECS;17099.0;7
92769;;;INTARIAN_PEPPER_ROOT;XIRECS;17100.0;8
94407;;;ASH_COATED_OSMIUM;XIRECS;10006.0;3
95743;;;ASH_COATED_OSMIUM;XIRECS;10006.0;4
99697;;;ASH_COATED_OSMIUM;XIRECS;10006.0;5
101554;;;ASH_COATED_OSMIUM;XIRECS;10006.0;5
102930;;;INTARIAN_PEPPER_ROOT;XIRECS;17094.0;3
103756;;;ASH_COATED_OSMIUM;XIRECS;10007.0;3
104443;;;INTARIAN_PEPPER_ROOT;XIRECS;17109.0;3
104502;;;ASH_COATED_OSMIUM;XIRECS;10006.0;6
106219;;;INTARIAN_PEPPER_ROOT;XIRECS;17102.0;3
107588;;;ASH_COATED_OSMIUM;XIRECS;10006.0;2
108703;;;INTARIAN_PEPPER_ROOT;XIRECS;17104.0;5
110077;;;ASH_COATED_OSMIUM;XIRECS;9993.0;5
113318;;;INTARIAN_PEPPER_ROOT;XIRECS;17106.0;3
114058;;;ASH_COATED_OSMIUM;XIRECS;9992.0;2
115936;;;ASH_COATED_OSMIUM;XIRECS;9994.0;5
116696;;;ASH_COATED_OSMIUM;XIRECS;9994.0;3
118442;;;ASH_COATED_OSMIUM;XIRECS;10006.0;4
119328;;;INTARIAN_PEPPER_ROOT;XIRECS;17116.0;4
119607;;;INTARIAN_PEPPER_ROOT;XIRECS;17123.0;4
122579;;;INTARIAN_PEPPER_ROOT;XIRECS;17130.0;6
123322;;;INTARIAN_PEPPER_ROOT;XIRECS;17119.0;8
123556;;;INTARIAN_PEPPER_ROOT;XIRECS;17118.0;6
126666;;;ASH_COATED_OSMIUM;XIRECS;10006.0;4
126708;;;INTARIAN_PEPPER_ROOT;XIRECS;17120.0;7
126932;;;INTARIAN_PEPPER_ROOT;XIRECS;17131.0;5
126987;;;ASH_COATED_OSMIUM;XIRECS;10006.0;7
128080;;;INTARIAN_PEPPER_ROOT;XIRECS;17118.0;4
129838;;;INTARIAN_PEPPER_ROOT;XIRECS;17132.0;3
131396;;;ASH_COATED_OSMIUM;XIRECS;9990.0;5
131477;;;ASH_COATED_OSMIUM;XIRECS;9994.0;3
132651;;;INTARIAN_PEPPER_ROOT;XIRECS;17139.0;3
132765;;;ASH_COATED_OSMIUM;XIRECS;9994.0;4
133764;;;ASH_COATED_OSMIUM;XIRECS;10006.0;8
136893;;;INTARIAN_PEPPER_ROOT;XIRECS;17130.0;8
139262;;;INTARIAN_PEPPER_ROOT;XIRECS;17130.0;7
140693;;;ASH_COATED_OSMIUM;XIRECS;9989.5;2
140940;;;ASH_COATED_OSMIUM;XIRECS;9998.0;9
141397;;;ASH_COATED_OSMIUM;XIRECS;10007.0;5
141463;;;INTARIAN_PEPPER_ROOT;XIRECS;17132.0;4
143041;;;ASH_COATED_OSMIUM;XIRECS;10007.0;7
143070;;;INTARIAN_PEPPER_ROOT;XIRECS;17138.0;5
145691;;;ASH_COATED_OSMIUM;XIRECS;10006.0;2
147240;;;INTARIAN_PEPPER_ROOT;XIRECS;17154.0;3
147450;;;ASH_COATED_OSMIUM;XIRECS;10006.0;7
147737;;;ASH_COATED_OSMIUM;XIRECS;10006.0;3
149204;;;ASH_COATED_OSMIUM;XIRECS;10006.0;2
150219;;;INTARIAN_PEPPER_ROOT;XIRECS;17148.0;6
151799;;;ASH_COATED_OSMIUM;XIRECS;9993.0;4
156080;;;ASH_COATED_OSMIUM;XIRECS;10002.0;3
156859;;;INTARIAN_PEPPER_ROOT;XIRECS;17164.0;7
158498;;;INTARIAN_PEPPER_ROOT;XIRECS;17152.0;8
162260;;;ASH_COATED_OSMIUM;XIRECS;9994.0;6
163133;;;ASH_COATED_OSMIUM;XIRECS;9994.0;6
163990;;;ASH_COATED_OSMIUM;XIRECS;10006.0;10
164283;;;ASH_COATED_OSMIUM;XIRECS;10006.0;3
164978;;;ASH_COATED_OSMIUM;XIRECS;9994.0;6
165773;;;ASH_COATED_OSMIUM;XIRECS;9992.0;3
165798;;;ASH_COATED_OSMIUM;XIRECS;9992.0;4
165815;;;ASH_COATED_OSMIUM;XIRECS;10006.0;10
167056;;;INTARIAN_PEPPER_ROOT;XIRECS;17170.0;3
171189;;;ASH_COATED_OSMIUM;XIRECS;10006.0;4
171866;;;INTARIAN_PEPPER_ROOT;XIRECS;17168.0;6
174435;;;ASH_COATED_OSMIUM;XIRECS;9994.0;5
174762;;;ASH_COATED_OSMIUM;XIRECS;9988.0;6
174916;;;INTARIAN_PEPPER_ROOT;XIRECS;17183.0;5
176859;;;ASH_COATED_OSMIUM;XIRECS;9990.0;5
179031;;;INTARIAN_PEPPER_ROOT;XIRECS;17173.0;4
182442;;;ASH_COATED_OSMIUM;XIRECS;9993.5;8
182986;;;ASH_COATED_OSMIUM;XIRECS;9994.0;4
184811;;;ASH_COATED_OSMIUM;XIRECS;9994.0;2
185255;;;ASH_COATED_OSMIUM;XIRECS;9990.0;9
185849;;;ASH_COATED_OSMIUM;XIRECS;9994.0;5
188775;;;INTARIAN_PEPPER_ROOT;XIRECS;17182.0;3
192712;;;ASH_COATED_OSMIUM;XIRECS;9993.0;6
194388;;;ASH_COATED_OSMIUM;XIRECS;10006.0;7
194586;;;INTARIAN_PEPPER_ROOT;XIRECS;17191.0;3
197614;;;INTARIAN_PEPPER_ROOT;XIRECS;17198.0;4
199361;;;ASH_COATED_OSMIUM;XIRECS;10007.0;5
199887;;;ASH_COATED_OSMIUM;XIRECS;10000.0;7
202826;;;INTARIAN_PEPPER_ROOT;XIRECS;17211.0;6
204435;;;ASH_COATED_OSMIUM;XIRECS;10010.0;4
206553;;;INTARIAN_PEPPER_ROOT;XIRECS;17193.0;7
206791;;;ASH_COATED_OSMIUM;XIRECS;10006.0;3
206891;;;INTARIAN_PEPPER_ROOT;XIRECS;17219.0;4
210465;;;INTARIAN_PEPPER_ROOT;XIRECS;17204.0;5
210509;;;ASH_COATED_OSMIUM;XIRECS;9994.0;3
215114;;;ASH_COATED_OSMIUM;XIRECS;9988.0;6
216072;;;ASH_COATED_OSMIUM;XIRECS;10006.0;7
218583;;;ASH_COATED_OSMIUM;XIRECS;9994.0;7
221411;;;INTARIAN_PEPPER_ROOT;XIRECS;17227.0;4
222409;;;ASH_COATED_OSMIUM;XIRECS;9994.0;5
223934;;;ASH_COATED_OSMIUM;XIRECS;10006.0;5
225728;;;INTARIAN_PEPPER_ROOT;XIRECS;17231.0;3
225833;;;ASH_COATED_OSMIUM;XIRECS;10007.0;3
226206;;;ASH_COATED_OSMIUM;XIRECS;9994.0;4
226220;;;ASH_COATED_OSMIUM;XIRECS;9994.5;9
227412;;;ASH_COATED_OSMIUM;XIRECS;10004.0;6
229640;;;INTARIAN_PEPPER_ROOT;XIRECS;17218.0;5
229675;;;ASH_COATED_OSMIUM;XIRECS;10006.0;4
230786;;;ASH_COATED_OSMIUM;XIRECS;10006.0;6
231543;;;ASH_COATED_OSMIUM;XIRECS;9994.0;6
232955;;;INTARIAN_PEPPER_ROOT;XIRECS;17239.0;3
233529;;;ASH_COATED_OSMIUM;XIRECS;10006.5;6
234578;;;ASH_COATED_OSMIUM;XIRECS;10007.0;10
235764;;;ASH_COATED_OSMIUM;XIRECS;10007.0;4
236231;;;ASH_COATED_OSMIUM;XIRECS;10006.0;3
236428;;;ASH_COATED_OSMIUM;XIRECS;9994.5;6
239780;;;INTARIAN_PEPPER_ROOT;XIRECS;17246.0;3
240249;;;ASH_COATED_OSMIUM;XIRECS;9993.0;8
241015;;;INTARIAN_PEPPER_ROOT;XIRECS;17248.0;4
243296;;;ASH_COATED_OSMIUM;XIRECS;10006.0;6
243925;;;INTARIAN_PEPPER_ROOT;XIRECS;17236.0;6
245320;;;ASH_COATED_OSMIUM;XIRECS;10006.0;6
246091;;;ASH_COATED_OSMIUM;XIRECS;10006.0;8
247658;;;INTARIAN_PEPPER_ROOT;XIRECS;17244.0;3
248418;;;ASH_COATED_OSMIUM;XIRECS;10006.0;8
248680;;;ASH_COATED_OSMIUM;XIRECS;10006.0;8
250261;;;ASH_COATED_OSMIUM;XIRECS;10006.0;10
250357;;;ASH_COATED_OSMIUM;XIRECS;9993.0;3
252054;;;INTARIAN_PEPPER_ROOT;XIRECS;17258.0;3
253506;;;INTARIAN_PEPPER_ROOT;XIRECS;17259.0;6
253719;;;ASH_COATED_OSMIUM;XIRECS;9994.0;4
255248;;;INTARIAN_PEPPER_ROOT;XIRECS;17252.0;6
255490;;;INTARIAN_PEPPER_ROOT;XIRECS;17260.0;6
257119;;;ASH_COATED_OSMIUM;XIRECS;10008.0;5
257559;;;ASH_COATED_OSMIUM;XIRECS;10006.0;2
257805;;;INTARIAN_PEPPER_ROOT;XIRECS;17265.0;7
259186;;;ASH_COATED_OSMIUM;XIRECS;10006.0;2
260518;;;INTARIAN_PEPPER_ROOT;XIRECS;17265.0;4
262241;;;ASH_COATED_OSMIUM;XIRECS;10006.5;8
264100;;;ASH_COATED_OSMIUM;XIRECS;9994.0;3
264554;;;ASH_COATED_OSMIUM;XIRECS;10010.0;5
264805;;;ASH_COATED_OSMIUM;XIRECS;9993.0;2
265173;;;INTARIAN_PEPPER_ROOT;XIRECS;17259.0;5
266383;;;INTARIAN_PEPPER_ROOT;XIRECS;17273.0;6
266950;;;ASH_COATED_OSMIUM;XIRECS;10000.0;6
268075;;;ASH_COATED_OSMIUM;XIRECS;9993.0;3
268538;;;ASH_COATED_OSMIUM;XIRECS;10006.0;6
270256;;;ASH_COATED_OSMIUM;XIRECS;10006.0;2
270346;;;ASH_COATED_OSMIUM;XIRECS;9994.0;9
270800;;;INTARIAN_PEPPER_ROOT;XIRECS;17276.0;4
271201;;;ASH_COATED_OSMIUM;XIRECS;10006.0;6
272200;;;INTARIAN_PEPPER_ROOT;XIRECS;17266.0;5
275937;;;INTARIAN_PEPPER_ROOT;XIRECS;17269.0;7
277833;;;INTARIAN_PEPPER_ROOT;XIRECS;17283.0;4
280122;;;ASH_COATED_OSMIUM;XIRECS;9997.0;2
280710;;;INTARIAN_PEPPER_ROOT;XIRECS;17274.0;6
280956;;;ASH_COATED_OSMIUM;XIRECS;9994.0;6
281657;;;INTARIAN_PEPPER_ROOT;XIRECS;17287.0;3
282064;;;ASH_COATED_OSMIUM;XIRECS;9994.0;4
282617;;;INTARIAN_PEPPER_ROOT;XIRECS;17274.0;4
283070;;;ASH_COATED_OSMIUM;XIRECS;10006.0;4
283606;;;INTARIAN_PEPPER_ROOT;XIRECS;17277.0;4
284281;;;ASH_COATED_OSMIUM;XIRECS;9994.0;6
286878;;;ASH_COATED_OSMIUM;XIRECS;10010.0;5
288910;;;ASH_COATED_OSMIUM;XIRECS;10007.0;8
289350;;;ASH_COATED_OSMIUM;XIRECS;9994.0;5
290400;;;INTARIAN_PEPPER_ROOT;XIRECS;17297.0;3
290567;;;ASH_COATED_OSMIUM;XIRECS;10006.0;3
292559;;;INTARIAN_PEPPER_ROOT;XIRECS;17286.0;6
293156;;;ASH_COATED_OSMIUM;XIRECS;9994.0;8
294707;;;ASH_COATED_OSMIUM;XIRECS;10011.5;4
295294;;;INTARIAN_PEPPER_ROOT;XIRECS;17304.0;7
295844;;;INTARIAN_PEPPER_ROOT;XIRECS;17288.0;7
296213;;;ASH_COATED_OSMIUM;XIRECS;10000.0;5
296398;;;ASH_COATED_OSMIUM;XIRECS;9994.0;2
296697;;;ASH_COATED_OSMIUM;XIRECS;9994.0;5
297529;;;ASH_COATED_OSMIUM;XIRECS;9994.0;2
297848;;;ASH_COATED_OSMIUM;XIRECS;9994.5;8
299765;;;INTARIAN_PEPPER_ROOT;XIRECS;17289.0;3
300301;;;INTARIAN_PEPPER_ROOT;XIRECS;17293.0;6
300682;;;ASH_COATED_OSMIUM;XIRECS;9989.5;3
301175;;;INTARIAN_PEPPER_ROOT;XIRECS;17311.0;5
302910;;;ASH_COATED_OSMIUM;XIRECS;9994.0;4
304431;;;ASH_COATED_OSMIUM;XIRECS;9994.0;6
305371;;;ASH_COATED_OSMIUM;XIRECS;9994.0;6
308990;;;ASH_COATED_OSMIUM;XIRECS;10006.0;6
309083;;;ASH_COATED_OSMIUM;XIRECS;10006.0;8
309754;;;ASH_COATED_OSMIUM;XIRECS;9994.5;2
310324;;;ASH_COATED_OSMIUM;XIRECS;9994.0;3
311746;;;ASH_COATED_OSMIUM;XIRECS;10006.0;3
316194;;;INTARIAN_PEPPER_ROOT;XIRECS;17308.0;5
316510;;;ASH_COATED_OSMIUM;XIRECS;9994.0;3
317262;;;ASH_COATED_OSMIUM;XIRECS;9989.5;3
317399;;;ASH_COATED_OSMIUM;XIRECS;10006.0;7
324494;;;ASH_COATED_OSMIUM;XIRECS;9994.0;5
324758;;;ASH_COATED_OSMIUM;XIRECS;10006.0;8
325497;;;INTARIAN_PEPPER_ROOT;XIRECS;17331.0;6
326790;;;ASH_COATED_OSMIUM;XIRECS;10000.0;3
327283;;;ASH_COATED_OSMIUM;XIRECS;9993.0;7
328485;;;INTARIAN_PEPPER_ROOT;XIRECS;17318.0;5
329049;;;INTARIAN_PEPPER_ROOT;XIRECS;17335.0;5
329492;;;ASH_COATED_OSMIUM;XIRECS;10006.0;9
331152;;;ASH_COATED_OSMIUM;XIRECS;10006.0;2
332972;;;INTARIAN_PEPPER_ROOT;XIRECS;17329.0;4
337921;;;ASH_COATED_OSMIUM;XIRECS;9993.0;5
338215;;;INTARIAN_PEPPER_ROOT;XIRECS;17338.0;6
338968;;;ASH_COATED_OSMIUM;XIRECS;10005.5;4
339022;;;ASH_COATED_OSMIUM;XIRECS;9994.5;9
340323;;;ASH_COATED_OSMIUM;XIRECS;10006.0;8
343800;;;ASH_COATED_OSMIUM;XIRECS;10007.0;7
344286;;;INTARIAN_PEPPER_ROOT;XIRECS;17340.0;4
345179;;;ASH_COATED_OSMIUM;XIRECS;10006.0;4
346291;;;INTARIAN_PEPPER_ROOT;XIRECS;17336.0;3
348308;;;ASH_COATED_OSMIUM;XIRECS;10006.0;5
348738;;;INTARIAN_PEPPER_ROOT;XIRECS;17342.0;8
348838;;;INTARIAN_PEPPER_ROOT;XIRECS;17344.0;6
348950;;;ASH_COATED_OSMIUM;XIRECS;10002.0;5
350748;;;ASH_COATED_OSMIUM;XIRECS;9990.0;5
352301;;;ASH_COATED_OSMIUM;XIRECS;9994.5;9
352706;;;ASH_COATED_OSMIUM;XIRECS;10006.0;10
354417;;;ASH_COATED_OSMIUM;XIRECS;9994.5;5
358969;;;INTARIAN_PEPPER_ROOT;XIRECS;17367.0;7
360637;;;INTARIAN_PEPPER_ROOT;XIRECS;17354.0;3
361265;;;ASH_COATED_OSMIUM;XIRECS;10006.0;2
362624;;;INTARIAN_PEPPER_ROOT;XIRECS;17369.0;4
362654;;;INTARIAN_PEPPER_ROOT;XIRECS;17369.0;7
364666;;;INTARIAN_PEPPER_ROOT;XIRECS;17371.0;5
365284;;;ASH_COATED_OSMIUM;XIRECS;9994.0;2
366663;;;INTARIAN_PEPPER_ROOT;XIRECS;17373.0;5
367307;;;ASH_COATED_OSMIUM;XIRECS;9994.0;5
369155;;;ASH_COATED_OSMIUM;XIRECS;9994.5;4
370155;;;INTARIAN_PEPPER_ROOT;XIRECS;17372.0;3
371670;;;INTARIAN_PEPPER_ROOT;XIRECS;17382.0;3
372636;;;ASH_COATED_OSMIUM;XIRECS;10000.0;4
374993;;;ASH_COATED_OSMIUM;XIRECS;9993.0;4
377574;;;INTARIAN_PEPPER_ROOT;XIRECS;17384.0;3
382151;;;INTARIAN_PEPPER_ROOT;XIRECS;17389.0;4
382165;;;INTARIAN_PEPPER_ROOT;XIRECS;17374.0;3
382609;;;INTARIAN_PEPPER_ROOT;XIRECS;17382.0;5
384677;;;INTARIAN_PEPPER_ROOT;XIRECS;17389.0;6
384736;;;INTARIAN_PEPPER_ROOT;XIRECS;17383.0;7
386175;;;ASH_COATED_OSMIUM;XIRECS;9992.0;5
391225;;;ASH_COATED_OSMIUM;XIRECS;10006.0;3
391301;;;ASH_COATED_OSMIUM;XIRECS;9990.0;8
394773;;;INTARIAN_PEPPER_ROOT;XIRECS;17386.0;3
394784;;;INTARIAN_PEPPER_ROOT;XIRECS;17386.0;5
398559;;;INTARIAN_PEPPER_ROOT;XIRECS;17396.0;3
399202;;;INTARIAN_PEPPER_ROOT;XIRECS;17406.0;4
401188;;;ASH_COATED_OSMIUM;XIRECS;10006.0;2
402295;;;INTARIAN_PEPPER_ROOT;XIRECS;17411.0;7
403544;;;ASH_COATED_OSMIUM;XIRECS;10010.5;5
403952;;;INTARIAN_PEPPER_ROOT;XIRECS;17410.0;6
407837;;;INTARIAN_PEPPER_ROOT;XIRECS;17414.0;3
408891;;;ASH_COATED_OSMIUM;XIRECS;9994.0;3
410833;;;ASH_COATED_OSMIUM;XIRECS;9994.0;8
412475;;;ASH_COATED_OSMIUM;XIRECS;10010.0;2
414362;;;INTARIAN_PEPPER_ROOT;XIRECS;17409.0;4
414550;;;INTARIAN_PEPPER_ROOT;XIRECS;17416.0;4
417096;;;ASH_COATED_OSMIUM;XIRECS;10006.0;2
419260;;;ASH_COATED_OSMIUM;XIRECS;9994.0;5
420090;;;ASH_COATED_OSMIUM;XIRECS;9994.0;2
421720;;;INTARIAN_PEPPER_ROOT;XIRECS;17426.0;3
421903;;;ASH_COATED_OSMIUM;XIRECS;10006.5;2
422616;;;INTARIAN_PEPPER_ROOT;XIRECS;17413.0;3
423459;;;INTARIAN_PEPPER_ROOT;XIRECS;17429.0;3
423465;;;ASH_COATED_OSMIUM;XIRECS;9994.0;4
426482;;;ASH_COATED_OSMIUM;XIRECS;10006.0;6
427281;;;ASH_COATED_OSMIUM;XIRECS;10012.0;3
427327;;;ASH_COATED_OSMIUM;XIRECS;9994.0;3
427557;;;ASH_COATED_OSMIUM;XIRECS;10000.0;9
427786;;;INTARIAN_PEPPER_ROOT;XIRECS;17420.0;8
428652;;;INTARIAN_PEPPER_ROOT;XIRECS;17437.0;7
429462;;;ASH_COATED_OSMIUM;XIRECS;9994.0;6
430390;;;INTARIAN_PEPPER_ROOT;XIRECS;17436.0;4
430939;;;ASH_COATED_OSMIUM;XIRECS;10002.0;4
431099;;;ASH_COATED_OSMIUM;XIRECS;10006.0;8
431893;;;INTARIAN_PEPPER_ROOT;XIRECS;17439.0;6
432126;;;ASH_COATED_OSMIUM;XIRECS;9998.0;3
435480;;;INTARIAN_PEPPER_ROOT;XIRECS;17428.0;3
435526;;;ASH_COATED_OSMIUM;XIRECS;9994.0;2
435892;;;INTARIAN_PEPPER_ROOT;XIRECS;17440.0;7
436231;;;ASH_COATED_OSMIUM;XIRECS;9994.0;2
437212;;;ASH_COATED_OSMIUM;XIRECS;10010.0;2
437731;;;INTARIAN_PEPPER_ROOT;XIRECS;17441.0;4
438086;;;INTARIAN_PEPPER_ROOT;XIRECS;17431.0;8
438501;;;ASH_COATED_OSMIUM;XIRECS;9998.0;3
438644;;;INTARIAN_PEPPER_ROOT;XIRECS;17436.0;6
441546;;;INTARIAN_PEPPER_ROOT;XIRECS;17433.0;5
445407;;;INTARIAN_PEPPER_ROOT;XIRECS;17446.0;4
446517;;;INTARIAN_PEPPER_ROOT;XIRECS;17453.0;6
447144;;;ASH_COATED_OSMIUM;XIRECS;9994.0;5
450512;;;INTARIAN_PEPPER_ROOT;XIRECS;17444.0;6
450856;;;ASH_COATED_OSMIUM;XIRECS;10006.0;6
452443;;;ASH_COATED_OSMIUM;XIRECS;10006.0;6
455378;;;ASH_COATED_OSMIUM;XIRECS;9993.0;2
458622;;;ASH_COATED_OSMIUM;XIRECS;10005.5;4
464336;;;INTARIAN_PEPPER_ROOT;XIRECS;17471.0;6
464529;;;INTARIAN_PEPPER_ROOT;XIRECS;17462.0;3
466582;;;INTARIAN_PEPPER_ROOT;XIRECS;17474.0;5
467322;;;INTARIAN_PEPPER_ROOT;XIRECS;17456.0;7
471705;;;ASH_COATED_OSMIUM;XIRECS;10006.0;4
476970;;;INTARIAN_PEPPER_ROOT;XIRECS;17479.0;5
477166;;;ASH_COATED_OSMIUM;XIRECS;9994.5;4
478502;;;INTARIAN_PEPPER_ROOT;XIRECS;17474.0;4
479045;;;INTARIAN_PEPPER_ROOT;XIRECS;17472.0;7
479177;;;INTARIAN_PEPPER_ROOT;XIRECS;17487.0;7
479903;;;ASH_COATED_OSMIUM;XIRECS;10006.0;6
480957;;;INTARIAN_PEPPER_ROOT;XIRECS;17484.0;3
481635;;;ASH_COATED_OSMIUM;XIRECS;10007.0;3
487391;;;INTARIAN_PEPPER_ROOT;XIRECS;17491.0;6
487760;;;ASH_COATED_OSMIUM;XIRECS;10006.0;4
489808;;;INTARIAN_PEPPER_ROOT;XIRECS;17499.0;6
491599;;;INTARIAN_PEPPER_ROOT;XIRECS;17484.0;4
492378;;;INTARIAN_PEPPER_ROOT;XIRECS;17499.0;5
492559;;;INTARIAN_PEPPER_ROOT;XIRECS;17499.0;4
492814;;;ASH_COATED_OSMIUM;XIRECS;10006.0;5
493543;;;ASH_COATED_OSMIUM;XIRECS;9994.5;3
495158;;;ASH_COATED_OSMIUM;XIRECS;10006.0;6
495709;;;INTARIAN_PEPPER_ROOT;XIRECS;17502.0;3
497610;;;INTARIAN_PEPPER_ROOT;XIRECS;17492.0;5
497819;;;ASH_COATED_OSMIUM;XIRECS;9994.0;3
498121;;;ASH_COATED_OSMIUM;XIRECS;10006.0;6
499327;;;INTARIAN_PEPPER_ROOT;XIRECS;17497.0;3
500004;;;ASH_COATED_OSMIUM;XIRECS;10012.0;9
501653;;;INTARIAN_PEPPER_ROOT;XIRECS;17502.0;3
503316;;;ASH_COATED_OSMIUM;XIRECS;10006.0;6
505319;;;ASH_COATED_OSMIUM;XIRECS;9994.0;7
509072;;;INTARIAN_PEPPER_ROOT;XIRECS;17513.0;5
509771;;;INTARIAN_PEPPER_ROOT;XIRECS;17508.0;5
509826;;;ASH_COATED_OSMIUM;XIRECS;10006.0;6
510212;;;ASH_COATED_OSMIUM;XIRECS;9994.0;6
511602;;;ASH_COATED_OSMIUM;XIRECS;10006.0;6
512588;;;ASH_COATED_OSMIUM;XIRECS;10006.0;3
512994;;;INTARIAN_PEPPER_ROOT;XIRECS;17517.0;3
516858;;;ASH_COATED_OSMIUM;XIRECS;10006.0;3
517396;;;ASH_COATED_OSMIUM;XIRECS;10007.0;5
518898;;;ASH_COATED_OSMIUM;XIRECS;10010.0;2
520105;;;ASH_COATED_OSMIUM;XIRECS;9988.5;5
521327;;;INTARIAN_PEPPER_ROOT;XIRECS;17516.0;6
521519;;;ASH_COATED_OSMIUM;XIRECS;9994.5;8
521526;;;ASH_COATED_OSMIUM;XIRECS;9994.0;5
522510;;;ASH_COATED_OSMIUM;XIRECS;10012.0;4
523182;;;ASH_COATED_OSMIUM;XIRECS;9994.0;4
524394;;;INTARIAN_PEPPER_ROOT;XIRECS;17526.0;3
525100;;;ASH_COATED_OSMIUM;XIRECS;10006.0;2
525531;;;ASH_COATED_OSMIUM;XIRECS;9994.0;2
525566;;;ASH_COATED_OSMIUM;XIRECS;9994.0;2
526504;;;ASH_COATED_OSMIUM;XIRECS;10007.0;3
527075;;;ASH_COATED_OSMIUM;XIRECS;10002.0;6
528811;;;INTARIAN_PEPPER_ROOT;XIRECS;17520.0;6
529369;;;INTARIAN_PEPPER_ROOT;XIRECS;17536.0;5
530379;;;INTARIAN_PEPPER_ROOT;XIRECS;17540.0;4
530958;;;INTARIAN_PEPPER_ROOT;XIRECS;17542.0;4
533776;;;ASH_COATED_OSMIUM;XIRECS;9989.5;3
535790;;;INTARIAN_PEPPER_ROOT;XIRECS;17529.0;3
536060;;;ASH_COATED_OSMIUM;XIRECS;9994.0;5
537902;;;ASH_COATED_OSMIUM;XIRECS;10006.0;6
538095;;;INTARIAN_PEPPER_ROOT;XIRECS;17533.0;6
538426;;;INTARIAN_PEPPER_ROOT;XIRECS;17547.0;3
538529;;;ASH_COATED_OSMIUM;XIRECS;10006.0;5
541387;;;INTARIAN_PEPPER_ROOT;XIRECS;17549.0;6
543784;;;ASH_COATED_OSMIUM;XIRECS;10007.0;5
543787;;;INTARIAN_PEPPER_ROOT;XIRECS;17538.0;7
544903;;;ASH_COATED_OSMIUM;XIRECS;10006.0;5
545361;;;INTARIAN_PEPPER_ROOT;XIRECS;17547.0;5
546101;;;ASH_COATED_OSMIUM;XIRECS;9990.0;5
550810;;;INTARIAN_PEPPER_ROOT;XIRECS;17544.0;8
550850;;;ASH_COATED_OSMIUM;XIRECS;10006.0;3
550919;;;INTARIAN_PEPPER_ROOT;XIRECS;17557.0;3
553684;;;ASH_COATED_OSMIUM;XIRECS;10006.0;6
555663;;;INTARIAN_PEPPER_ROOT;XIRECS;17563.0;5
556545;;;INTARIAN_PEPPER_ROOT;XIRECS;17564.0;6
559910;;;INTARIAN_PEPPER_ROOT;XIRECS;17570.0;6
560721;;;ASH_COATED_OSMIUM;XIRECS;10010.0;4
563824;;;ASH_COATED_OSMIUM;XIRECS;9994.0;5
564011;;;ASH_COATED_OSMIUM;XIRECS;10006.0;6
564169;;;ASH_COATED_OSMIUM;XIRECS;10005.5;4
565407;;;ASH_COATED_OSMIUM;XIRECS;10006.0;4
566867;;;INTARIAN_PEPPER_ROOT;XIRECS;17570.0;3
567907;;;ASH_COATED_OSMIUM;XIRECS;9994.0;2
571505;;;ASH_COATED_OSMIUM;XIRECS;10006.0;3
572345;;;ASH_COATED_OSMIUM;XIRECS;9998.0;6
574199;;;INTARIAN_PEPPER_ROOT;XIRECS;17576.0;5
574783;;;INTARIAN_PEPPER_ROOT;XIRECS;17569.0;5
575108;;;ASH_COATED_OSMIUM;XIRECS;9989.5;5
575565;;;ASH_COATED_OSMIUM;XIRECS;10000.0;2
580221;;;INTARIAN_PEPPER_ROOT;XIRECS;17585.0;5
582211;;;ASH_COATED_OSMIUM;XIRECS;10007.0;5
582212;;;ASH_COATED_OSMIUM;XIRECS;10007.0;3
582257;;;ASH_COATED_OSMIUM;XIRECS;10007.0;2
583320;;;INTARIAN_PEPPER_ROOT;XIRECS;17577.0;5
584724;;;INTARIAN_PEPPER_ROOT;XIRECS;17591.0;6
586054;;;ASH_COATED_OSMIUM;XIRECS;10005.5;6
587129;;;ASH_COATED_OSMIUM;XIRECS;10007.0;2
587591;;;INTARIAN_PEPPER_ROOT;XIRECS;17591.0;5
587604;;;ASH_COATED_OSMIUM;XIRECS;9994.0;8
587962;;;INTARIAN_PEPPER_ROOT;XIRECS;17580.0;7
590923;;;ASH_COATED_OSMIUM;XIRECS;10006.0;3
591056;;;ASH_COATED_OSMIUM;XIRECS;9994.0;6
592850;;;ASH_COATED_OSMIUM;XIRECS;9994.0;4
595002;;;ASH_COATED_OSMIUM;XIRECS;9994.0;7
596492;;;ASH_COATED_OSMIUM;XIRECS;10006.0;10
599160;;;INTARIAN_PEPPER_ROOT;XIRECS;17589.0;6
600141;;;ASH_COATED_OSMIUM;XIRECS;9994.0;5
602578;;;ASH_COATED_OSMIUM;XIRECS;10005.0;9
602797;;;INTARIAN_PEPPER_ROOT;XIRECS;17613.0;5
603885;;;INTARIAN_PEPPER_ROOT;XIRECS;17613.0;6
604499;;;ASH_COATED_OSMIUM;XIRECS;10010.5;2
604724;;;ASH_COATED_OSMIUM;XIRECS;10007.0;5
604909;;;INTARIAN_PEPPER_ROOT;XIRECS;17609.0;5
606561;;;ASH_COATED_OSMIUM;XIRECS;9994.0;2
608202;;;ASH_COATED_OSMIUM;XIRECS;9994.0;3
608519;;;INTARIAN_PEPPER_ROOT;XIRECS;17615.0;3
610442;;;INTARIAN_PEPPER_ROOT;XIRECS;17620.0;7
611200;;;INTARIAN_PEPPER_ROOT;XIRECS;17602.0;5
612405;;;ASH_COATED_OSMIUM;XIRECS;10004.0;6
612932;;;ASH_COATED_OSMIUM;XIRECS;9994.0;5
615951;;;ASH_COATED_OSMIUM;XIRECS;9994.0;6
616055;;;INTARIAN_PEPPER_ROOT;XIRECS;17611.0;7
616344;;;INTARIAN_PEPPER_ROOT;XIRECS;17611.0;3
618036;;;INTARIAN_PEPPER_ROOT;XIRECS;17610.0;5
618567;;;INTARIAN_PEPPER_ROOT;XIRECS;17612.0;6
620365;;;ASH_COATED_OSMIUM;XIRECS;10002.0;2
620915;;;ASH_COATED_OSMIUM;XIRECS;10012.0;6
621973;;;INTARIAN_PEPPER_ROOT;XIRECS;17629.0;7
626445;;;ASH_COATED_OSMIUM;XIRECS;10000.0;4
627232;;;ASH_COATED_OSMIUM;XIRECS;9994.0;6
630190;;;ASH_COATED_OSMIUM;XIRECS;9994.0;5
631982;;;ASH_COATED_OSMIUM;XIRECS;9994.0;6
632862;;;ASH_COATED_OSMIUM;XIRECS;9995.0;6
633095;;;ASH_COATED_OSMIUM;XIRECS;9994.0;2
634981;;;ASH_COATED_OSMIUM;XIRECS;10006.0;5
636190;;;INTARIAN_PEPPER_ROOT;XIRECS;17644.0;6
636440;;;ASH_COATED_OSMIUM;XIRECS;9989.5;8
639703;;;ASH_COATED_OSMIUM;XIRECS;9994.0;5
640623;;;INTARIAN_PEPPER_ROOT;XIRECS;17634.0;5
644193;;;INTARIAN_PEPPER_ROOT;XIRECS;17641.0;4
646275;;;INTARIAN_PEPPER_ROOT;XIRECS;17655.0;3
648240;;;INTARIAN_PEPPER_ROOT;XIRECS;17644.0;6
648293;;;ASH_COATED_OSMIUM;XIRECS;9994.0;3
648933;;;ASH_COATED_OSMIUM;XIRECS;10010.5;10
651122;;;INTARIAN_PEPPER_ROOT;XIRECS;17643.0;5
651421;;;ASH_COATED_OSMIUM;XIRECS;10007.0;4
653905;;;ASH_COATED_OSMIUM;XIRECS;9994.0;3
654409;;;ASH_COATED_OSMIUM;XIRECS;10006.0;5
657102;;;INTARIAN_PEPPER_ROOT;XIRECS;17661.0;4
657668;;;ASH_COATED_OSMIUM;XIRECS;10006.0;6
657671;;;INTARIAN_PEPPER_ROOT;XIRECS;17657.0;4
658006;;;ASH_COATED_OSMIUM;XIRECS;10006.0;3
660104;;;ASH_COATED_OSMIUM;XIRECS;9994.0;6
661151;;;ASH_COATED_OSMIUM;XIRECS;9994.0;4
661403;;;ASH_COATED_OSMIUM;XIRECS;9994.0;6
661989;;;ASH_COATED_OSMIUM;XIRECS;10006.0;2
663258;;;ASH_COATED_OSMIUM;XIRECS;9993.5;9
663493;;;INTARIAN_PEPPER_ROOT;XIRECS;17656.0;5
668332;;;INTARIAN_PEPPER_ROOT;XIRECS;17661.0;6
669933;;;INTARIAN_PEPPER_ROOT;XIRECS;17666.0;4
671699;;;INTARIAN_PEPPER_ROOT;XIRECS;17676.0;5
672112;;;INTARIAN_PEPPER_ROOT;XIRECS;17674.0;8
673625;;;ASH_COATED_OSMIUM;XIRECS;10004.0;3
675343;;;ASH_COATED_OSMIUM;XIRECS;10006.0;4
675899;;;INTARIAN_PEPPER_ROOT;XIRECS;17678.0;4
676193;;;ASH_COATED_OSMIUM;XIRECS;9994.0;5
676271;;;INTARIAN_PEPPER_ROOT;XIRECS;17684.0;4
681069;;;ASH_COATED_OSMIUM;XIRECS;9998.0;3
681590;;;INTARIAN_PEPPER_ROOT;XIRECS;17669.0;6
681644;;;ASH_COATED_OSMIUM;XIRECS;9989.5;8
681686;;;ASH_COATED_OSMIUM;XIRECS;9990.0;2
681925;;;ASH_COATED_OSMIUM;XIRECS;10010.0;6
685049;;;ASH_COATED_OSMIUM;XIRECS;9994.0;5
685063;;;ASH_COATED_OSMIUM;XIRECS;9994.0;2
689309;;;ASH_COATED_OSMIUM;XIRECS;10007.0;4
689369;;;ASH_COATED_OSMIUM;XIRECS;10007.0;6
689374;;;INTARIAN_PEPPER_ROOT;XIRECS;17683.0;6
690188;;;INTARIAN_PEPPER_ROOT;XIRECS;17679.0;6
690547;;;INTARIAN_PEPPER_ROOT;XIRECS;17684.0;7
690640;;;ASH_COATED_OSMIUM;XIRECS;10006.0;8
691307;;;INTARIAN_PEPPER_ROOT;XIRECS;17697.0;3
693260;;;ASH_COATED_OSMIUM;XIRECS;10012.0;6
693678;;;INTARIAN_PEPPER_ROOT;XIRECS;17699.0;5
694443;;;ASH_COATED_OSMIUM;XIRECS;9993.0;8
695265;;;INTARIAN_PEPPER_ROOT;XIRECS;17687.0;3
698022;;;ASH_COATED_OSMIUM;XIRECS;9994.0;5
699139;;;INTARIAN_PEPPER_ROOT;XIRECS;17692.0;3
700189;;;INTARIAN_PEPPER_ROOT;XIRECS;17694.0;8
703167;;;ASH_COATED_OSMIUM;XIRECS;10006.0;3
704296;;;ASH_COATED_OSMIUM;XIRECS;9994.0;4
705889;;;ASH_COATED_OSMIUM;XIRECS;9994.0;5
711325;;;ASH_COATED_OSMIUM;XIRECS;9994.0;4
712105;;;ASH_COATED_OSMIUM;XIRECS;9994.0;5
716352;;;INTARIAN_PEPPER_ROOT;XIRECS;17724.0;7
717747;;;INTARIAN_PEPPER_ROOT;XIRECS;17724.0;5
718645;;;ASH_COATED_OSMIUM;XIRECS;10006.0;3
719367;;;ASH_COATED_OSMIUM;XIRECS;10006.0;9
722157;;;ASH_COATED_OSMIUM;XIRECS;10004.0;10
723845;;;INTARIAN_PEPPER_ROOT;XIRECS;17730.0;4
724346;;;INTARIAN_PEPPER_ROOT;XIRECS;17716.0;3
726086;;;INTARIAN_PEPPER_ROOT;XIRECS;17733.0;3
726433;;;INTARIAN_PEPPER_ROOT;XIRECS;17720.0;6
727971;;;INTARIAN_PEPPER_ROOT;XIRECS;17737.0;5
728918;;;ASH_COATED_OSMIUM;XIRECS;9994.0;5
731878;;;ASH_COATED_OSMIUM;XIRECS;10006.0;5
732396;;;INTARIAN_PEPPER_ROOT;XIRECS;17736.0;7
734082;;;ASH_COATED_OSMIUM;XIRECS;10006.0;5
735020;;;INTARIAN_PEPPER_ROOT;XIRECS;17729.0;7
737751;;;ASH_COATED_OSMIUM;XIRECS;10006.0;6
737799;;;INTARIAN_PEPPER_ROOT;XIRECS;17745.0;4
740252;;;INTARIAN_PEPPER_ROOT;XIRECS;17732.0;7
741194;;;ASH_COATED_OSMIUM;XIRECS;10006.0;7
743170;;;INTARIAN_PEPPER_ROOT;XIRECS;17751.0;3
744425;;;INTARIAN_PEPPER_ROOT;XIRECS;17755.0;3
744466;;;INTARIAN_PEPPER_ROOT;XIRECS;17740.0;4
745322;;;INTARIAN_PEPPER_ROOT;XIRECS;17739.0;5
746829;;;INTARIAN_PEPPER_ROOT;XIRECS;17753.0;5
749167;;;INTARIAN_PEPPER_ROOT;XIRECS;17742.0;4
749912;;;ASH_COATED_OSMIUM;XIRECS;9993.0;3
751166;;;ASH_COATED_OSMIUM;XIRECS;10010.5;5
751610;;;INTARIAN_PEPPER_ROOT;XIRECS;17744.0;4
752606;;;ASH_COATED_OSMIUM;XIRECS;10006.0;2
753997;;;INTARIAN_PEPPER_ROOT;XIRECS;17746.0;8
756095;;;ASH_COATED_OSMIUM;XIRECS;9988.0;5
756299;;;INTARIAN_PEPPER_ROOT;XIRECS;17750.0;4
756372;;;INTARIAN_PEPPER_ROOT;XIRECS;17757.0;4
756521;;;ASH_COATED_OSMIUM;XIRECS;10006.0;2
758074;;;ASH_COATED_OSMIUM;XIRECS;10006.0;6
758539;;;ASH_COATED_OSMIUM;XIRECS;10002.0;5
758677;;;INTARIAN_PEPPER_ROOT;XIRECS;17754.0;4
758766;;;ASH_COATED_OSMIUM;XIRECS;10010.5;6
762151;;;ASH_COATED_OSMIUM;XIRECS;9994.0;3
762333;;;INTARIAN_PEPPER_ROOT;XIRECS;17770.0;5
762672;;;INTARIAN_PEPPER_ROOT;XIRECS;17758.0;3
763923;;;ASH_COATED_OSMIUM;XIRECS;9994.0;3
765608;;;ASH_COATED_OSMIUM;XIRECS;10008.0;8
765913;;;ASH_COATED_OSMIUM;XIRECS;9993.0;4
766819;;;INTARIAN_PEPPER_ROOT;XIRECS;17763.0;3
767773;;;ASH_COATED_OSMIUM;XIRECS;10006.0;4
768245;;;INTARIAN_PEPPER_ROOT;XIRECS;17760.0;7
773340;;;ASH_COATED_OSMIUM;XIRECS;9994.0;5
774058;;;ASH_COATED_OSMIUM;XIRECS;10007.0;6
775491;;;INTARIAN_PEPPER_ROOT;XIRECS;17784.0;3
776000;;;INTARIAN_PEPPER_ROOT;XIRECS;17782.0;5
777221;;;INTARIAN_PEPPER_ROOT;XIRECS;17772.0;6
777811;;;INTARIAN_PEPPER_ROOT;XIRECS;17783.0;4
779205;;;ASH_COATED_OSMIUM;XIRECS;9994.0;6
781804;;;INTARIAN_PEPPER_ROOT;XIRECS;17787.0;5
782173;;;ASH_COATED_OSMIUM;XIRECS;10006.0;3
782185;;;ASH_COATED_OSMIUM;XIRECS;10006.0;8
782239;;;INTARIAN_PEPPER_ROOT;XIRECS;17790.0;4
782975;;;INTARIAN_PEPPER_ROOT;XIRECS;17781.0;6
783174;;;INTARIAN_PEPPER_ROOT;XIRECS;17780.0;3
783287;;;ASH_COATED_OSMIUM;XIRECS;10006.0;9
784717;;;INTARIAN_PEPPER_ROOT;XIRECS;17792.0;3
787039;;;ASH_COATED_OSMIUM;XIRECS;9996.0;10
790141;;;INTARIAN_PEPPER_ROOT;XIRECS;17783.0;3
790264;;;INTARIAN_PEPPER_ROOT;XIRECS;17798.0;7
791284;;;ASH_COATED_OSMIUM;XIRECS;10012.0;4
794095;;;ASH_COATED_OSMIUM;XIRECS;10006.0;2
795523;;;INTARIAN_PEPPER_ROOT;XIRECS;17800.0;3
796555;;;ASH_COATED_OSMIUM;XIRECS;10006.0;2
797152;;;INTARIAN_PEPPER_ROOT;XIRECS;17794.0;6
799502;;;ASH_COATED_OSMIUM;XIRECS;10012.0;4
801718;;;ASH_COATED_OSMIUM;XIRECS;10006.0;10
802067;;;ASH_COATED_OSMIUM;XIRECS;9994.0;5
802691;;;ASH_COATED_OSMIUM;XIRECS;10007.0;6
804100;;;ASH_COATED_OSMIUM;XIRECS;10000.0;3
804673;;;INTARIAN_PEPPER_ROOT;XIRECS;17800.0;6
805145;;;ASH_COATED_OSMIUM;XIRECS;10010.0;5
805402;;;INTARIAN_PEPPER_ROOT;XIRECS;17800.0;8
808024;;;INTARIAN_PEPPER_ROOT;XIRECS;17812.0;5
808361;;;INTARIAN_PEPPER_ROOT;XIRECS;17814.0;3
808602;;;INTARIAN_PEPPER_ROOT;XIRECS;17808.0;7
808611;;;INTARIAN_PEPPER_ROOT;XIRECS;17808.0;7
808791;;;ASH_COATED_OSMIUM;XIRECS;9994.0;10
812108;;;ASH_COATED_OSMIUM;XIRECS;10010.0;10
813446;;;ASH_COATED_OSMIUM;XIRECS;10010.0;4
814479;;;INTARIAN_PEPPER_ROOT;XIRECS;17821.0;5
816228;;;INTARIAN_PEPPER_ROOT;XIRECS;17820.0;5
816345;;;ASH_COATED_OSMIUM;XIRECS;10008.0;5
818738;;;INTARIAN_PEPPER_ROOT;XIRECS;17811.0;3
819054;;;INTARIAN_PEPPER_ROOT;XIRECS;17812.0;4
820298;;;ASH_COATED_OSMIUM;XIRECS;10006.0;8
820669;;;ASH_COATED_OSMIUM;XIRECS;9994.5;6
821678;;;INTARIAN_PEPPER_ROOT;XIRECS;17827.0;5
824989;;;ASH_COATED_OSMIUM;XIRECS;9994.0;5
825352;;;ASH_COATED_OSMIUM;XIRECS;9997.0;9
826199;;;ASH_COATED_OSMIUM;XIRECS;10006.0;5
827590;;;ASH_COATED_OSMIUM;XIRECS;10006.0;8
827903;;;INTARIAN_PEPPER_ROOT;XIRECS;17835.0;7
828092;;;ASH_COATED_OSMIUM;XIRECS;10006.0;5
828506;;;INTARIAN_PEPPER_ROOT;XIRECS;17831.0;4
829054;;;ASH_COATED_OSMIUM;XIRECS;9988.0;4
830046;;;ASH_COATED_OSMIUM;XIRECS;9989.5;6
831060;;;INTARIAN_PEPPER_ROOT;XIRECS;17840.0;4
832240;;;ASH_COATED_OSMIUM;XIRECS;10006.0;8
833245;;;INTARIAN_PEPPER_ROOT;XIRECS;17830.0;6
834051;;;ASH_COATED_OSMIUM;XIRECS;9994.0;4
834186;;;ASH_COATED_OSMIUM;XIRECS;9988.0;3
834433;;;ASH_COATED_OSMIUM;XIRECS;9994.0;2
835978;;;ASH_COATED_OSMIUM;XIRECS;10006.0;6
836097;;;INTARIAN_PEPPER_ROOT;XIRECS;17840.0;4
836803;;;INTARIAN_PEPPER_ROOT;XIRECS;17842.0;4
837578;;;INTARIAN_PEPPER_ROOT;XIRECS;17841.0;7
838673;;;INTARIAN_PEPPER_ROOT;XIRECS;17847.0;6
839071;;;ASH_COATED_OSMIUM;XIRECS;9994.0;5
839386;;;ASH_COATED_OSMIUM;XIRECS;9994.0;3
840005;;;INTARIAN_PEPPER_ROOT;XIRECS;17836.0;7
840098;;;ASH_COATED_OSMIUM;XIRECS;10006.0;5
842000;;;ASH_COATED_OSMIUM;XIRECS;9994.0;5
842681;;;ASH_COATED_OSMIUM;XIRECS;10006.0;4
844411;;;INTARIAN_PEPPER_ROOT;XIRECS;17838.0;3
845466;;;INTARIAN_PEPPER_ROOT;XIRECS;17838.0;3
847179;;;ASH_COATED_OSMIUM;XIRECS;9994.0;8
848328;;;ASH_COATED_OSMIUM;XIRECS;9994.0;3
850390;;;INTARIAN_PEPPER_ROOT;XIRECS;17862.0;5
850505;;;INTARIAN_PEPPER_ROOT;XIRECS;17846.0;3
850879;;;ASH_COATED_OSMIUM;XIRECS;10006.0;3
851751;;;ASH_COATED_OSMIUM;XIRECS;10012.0;4
856040;;;INTARIAN_PEPPER_ROOT;XIRECS;17846.0;5
856695;;;ASH_COATED_OSMIUM;XIRECS;10006.0;6
859463;;;INTARIAN_PEPPER_ROOT;XIRECS;17852.0;7
860462;;;ASH_COATED_OSMIUM;XIRECS;10006.0;6
862801;;;ASH_COATED_OSMIUM;XIRECS;10006.0;5
863184;;;INTARIAN_PEPPER_ROOT;XIRECS;17865.0;5
863290;;;ASH_COATED_OSMIUM;XIRECS;9988.0;3
863358;;;ASH_COATED_OSMIUM;XIRECS;10006.0;10
863771;;;INTARIAN_PEPPER_ROOT;XIRECS;17870.0;7
864642;;;ASH_COATED_OSMIUM;XIRECS;9993.0;4
865600;;;ASH_COATED_OSMIUM;XIRECS;10008.0;6
866864;;;ASH_COATED_OSMIUM;XIRECS;10000.0;5
868563;;;ASH_COATED_OSMIUM;XIRECS;9993.0;8
869103;;;ASH_COATED_OSMIUM;XIRECS;10006.0;2
869704;;;ASH_COATED_OSMIUM;XIRECS;10006.0;9
870854;;;ASH_COATED_OSMIUM;XIRECS;10006.0;5
871172;;;INTARIAN_PEPPER_ROOT;XIRECS;17873.0;5
871845;;;INTARIAN_PEPPER_ROOT;XIRECS;17879.0;5
873084;;;INTARIAN_PEPPER_ROOT;XIRECS;17880.0;6
875585;;;ASH_COATED_OSMIUM;XIRECS;10000.0;7
877362;;;ASH_COATED_OSMIUM;XIRECS;10006.0;9
877941;;;ASH_COATED_OSMIUM;XIRECS;9994.5;2
880168;;;ASH_COATED_OSMIUM;XIRECS;9990.0;4
883380;;;ASH_COATED_OSMIUM;XIRECS;10011.5;6
884796;;;INTARIAN_PEPPER_ROOT;XIRECS;17892.0;6
885252;;;ASH_COATED_OSMIUM;XIRECS;9993.0;5
887180;;;INTARIAN_PEPPER_ROOT;XIRECS;17882.0;5
892618;;;ASH_COATED_OSMIUM;XIRECS;10010.5;10
895031;;;INTARIAN_PEPPER_ROOT;XIRECS;17894.0;6
895621;;;ASH_COATED_OSMIUM;XIRECS;10006.0;6
896243;;;INTARIAN_PEPPER_ROOT;XIRECS;17892.0;3
896254;;;ASH_COATED_OSMIUM;XIRECS;10010.0;4
896566;;;ASH_COATED_OSMIUM;XIRECS;10007.0;5
897219;;;ASH_COATED_OSMIUM;XIRECS;9994.0;3
897707;;;INTARIAN_PEPPER_ROOT;XIRECS;17889.0;7
899049;;;ASH_COATED_OSMIUM;XIRECS;9994.0;4
899152;;;ASH_COATED_OSMIUM;XIRECS;9988.5;7
899576;;;ASH_COATED_OSMIUM;XIRECS;10006.0;5
900134;;;ASH_COATED_OSMIUM;XIRECS;10007.0;8
900709;;;ASH_COATED_OSMIUM;XIRECS;9988.0;8
900944;;;INTARIAN_PEPPER_ROOT;XIRECS;17895.0;7
901396;;;ASH_COATED_OSMIUM;XIRECS;10010.0;6
901834;;;ASH_COATED_OSMIUM;XIRECS;10002.0;5
902120;;;ASH_COATED_OSMIUM;XIRECS;10006.0;7
902290;;;ASH_COATED_OSMIUM;XIRECS;10006.0;6
902429;;;ASH_COATED_OSMIUM;XIRECS;9994.0;3
902744;;;INTARIAN_PEPPER_ROOT;XIRECS;17904.0;6
903807;;;INTARIAN_PEPPER_ROOT;XIRECS;17910.0;5
904825;;;INTARIAN_PEPPER_ROOT;XIRECS;17912.0;5
905395;;;ASH_COATED_OSMIUM;XIRECS;9994.0;8
905661;;;ASH_COATED_OSMIUM;XIRECS;10006.0;2
907080;;;INTARIAN_PEPPER_ROOT;XIRECS;17914.0;5
908246;;;ASH_COATED_OSMIUM;XIRECS;9998.0;4
909785;;;INTARIAN_PEPPER_ROOT;XIRECS;17904.0;5
910280;;;ASH_COATED_OSMIUM;XIRECS;9994.0;6
910633;;;ASH_COATED_OSMIUM;XIRECS;9994.0;2
912031;;;ASH_COATED_OSMIUM;XIRECS;10006.0;10
915615;;;INTARIAN_PEPPER_ROOT;XIRECS;17910.0;7
915762;;;ASH_COATED_OSMIUM;XIRECS;9994.0;4
916006;;;ASH_COATED_OSMIUM;XIRECS;9994.0;4
919301;;;ASH_COATED_OSMIUM;XIRECS;9998.0;4
920771;;;ASH_COATED_OSMIUM;XIRECS;9988.0;5
923108;;;ASH_COATED_OSMIUM;XIRECS;10007.0;6
924425;;;INTARIAN_PEPPER_ROOT;XIRECS;17931.0;3
924931;;;ASH_COATED_OSMIUM;XIRECS;10002.0;4
925549;;;ASH_COATED_OSMIUM;XIRECS;9993.0;4
925572;;;ASH_COATED_OSMIUM;XIRECS;10012.0;5
927484;;;ASH_COATED_OSMIUM;XIRECS;10007.0;10
929060;;;INTARIAN_PEPPER_ROOT;XIRECS;17921.0;8
931508;;;INTARIAN_PEPPER_ROOT;XIRECS;17930.0;4
932900;;;ASH_COATED_OSMIUM;XIRECS;10006.0;6
933110;;;INTARIAN_PEPPER_ROOT;XIRECS;17926.0;4
933450;;;ASH_COATED_OSMIUM;XIRECS;10006.0;2
933590;;;ASH_COATED_OSMIUM;XIRECS;9994.0;4
933914;;;INTARIAN_PEPPER_ROOT;XIRECS;17926.0;7
934142;;;ASH_COATED_OSMIUM;XIRECS;10006.0;10
934380;;;INTARIAN_PEPPER_ROOT;XIRECS;17926.0;7
934711;;;ASH_COATED_OSMIUM;XIRECS;9988.0;4
935126;;;INTARIAN_PEPPER_ROOT;XIRECS;17943.0;4
937079;;;ASH_COATED_OSMIUM;XIRECS;9994.0;2
937762;;;ASH_COATED_OSMIUM;XIRECS;9994.0;2
938522;;;ASH_COATED_OSMIUM;XIRECS;10006.0;3
939265;;;INTARIAN_PEPPER_ROOT;XIRECS;17934.0;3
939395;;;ASH_COATED_OSMIUM;XIRECS;9994.0;8
939703;;;ASH_COATED_OSMIUM;XIRECS;10006.0;3
941275;;;ASH_COATED_OSMIUM;XIRECS;9998.0;6
941311;;;INTARIAN_PEPPER_ROOT;XIRECS;17952.0;3
942910;;;INTARIAN_PEPPER_ROOT;XIRECS;17947.0;5
943039;;;ASH_COATED_OSMIUM;XIRECS;9994.0;4
945247;;;ASH_COATED_OSMIUM;XIRECS;9994.0;6
946069;;;INTARIAN_PEPPER_ROOT;XIRECS;17951.0;3
946786;;;ASH_COATED_OSMIUM;XIRECS;9994.0;2
951038;;;INTARIAN_PEPPER_ROOT;XIRECS;17946.0;6
952890;;;ASH_COATED_OSMIUM;XIRECS;10006.0;3
953821;;;ASH_COATED_OSMIUM;XIRECS;10006.0;6
955780;;;INTARIAN_PEPPER_ROOT;XIRECS;17963.0;5
956359;;;ASH_COATED_OSMIUM;XIRECS;9994.0;6
956444;;;ASH_COATED_OSMIUM;XIRECS;9994.0;8
957601;;;INTARIAN_PEPPER_ROOT;XIRECS;17950.0;3
957869;;;ASH_COATED_OSMIUM;XIRECS;10002.0;2
958782;;;INTARIAN_PEPPER_ROOT;XIRECS;17965.0;3
959306;;;INTARIAN_PEPPER_ROOT;XIRECS;17954.0;3
960050;;;ASH_COATED_OSMIUM;XIRECS;9998.0;6
960293;;;ASH_COATED_OSMIUM;XIRECS;9994.0;7
962459;;;ASH_COATED_OSMIUM;XIRECS;10010.0;4
964063;;;ASH_COATED_OSMIUM;XIRECS;9993.0;5
964123;;;ASH_COATED_OSMIUM;XIRECS;10006.0;5
965262;;;ASH_COATED_OSMIUM;XIRECS;9994.0;5
965940;;;INTARIAN_PEPPER_ROOT;XIRECS;17961.0;5
969946;;;ASH_COATED_OSMIUM;XIRECS;10006.0;4
971131;;;ASH_COATED_OSMIUM;XIRECS;9993.0;6
971346;;;ASH_COATED_OSMIUM;XIRECS;9993.0;3
975698;;;ASH_COATED_OSMIUM;XIRECS;9994.0;5
975764;;;INTARIAN_PEPPER_ROOT;XIRECS;17968.0;5
977049;;;ASH_COATED_OSMIUM;XIRECS;9994.0;6
977476;;;ASH_COATED_OSMIUM;XIRECS;9994.0;5
979686;;;INTARIAN_PEPPER_ROOT;XIRECS;17983.0;6
980168;;;ASH_COATED_OSMIUM;XIRECS;10006.0;2
982535;;;INTARIAN_PEPPER_ROOT;XIRECS;17994.0;8
984163;;;ASH_COATED_OSMIUM;XIRECS;10006.0;4
984454;;;INTARIAN_PEPPER_ROOT;XIRECS;17993.0;4
984591;;;ASH_COATED_OSMIUM;XIRECS;10007.0;5
985275;;;ASH_COATED_OSMIUM;XIRECS;10006.0;3
985402;;;INTARIAN_PEPPER_ROOT;XIRECS;17984.0;5
986111;;;INTARIAN_PEPPER_ROOT;XIRECS;17979.0;3
989891;;;ASH_COATED_OSMIUM;XIRECS;10006.0;4
992106;;;INTARIAN_PEPPER_ROOT;XIRECS;17990.0;3
992595;;;INTARIAN_PEPPER_ROOT;XIRECS;18002.0;4
994358;;;ASH_COATED_OSMIUM;XIRECS;10006.0;8
996051;;;ASH_COATED_OSMIUM;XIRECS;10006.0;6
996758;;;ASH_COATED_OSMIUM;XIRECS;10007.0;4
998072;;;INTARIAN_PEPPER_ROOT;XIRECS;17990.0;7
999129;;;ASH_COATED_OSMIUM;XIRECS;10007.0;6