timestamp;buyer;seller;symbol;currency;price;quantity
2966;;;INTARIAN_PEPPER_ROOT;XIRECS;14014.0;7
3472;;;INTARIAN_PEPPER_ROOT;XIRECS;13995.0;4
5747;;;ASH_COATED_OSMIUM;XIRECS;10007.0;2
5990;;;ASH_COATED_OSMIUM;XIRECS;10006.0;4
6860;;;ASH_COATED_OSMIUM;XIRECS;9987.0;3
9906;;;ASH_COATED_OSMIUM;XIRECS;10006.0;4
10686;;;INTARIAN_PEPPER_ROOT;XIRECS;14006.0;7
11215;;;INTARIAN_PEPPER_ROOT;XIRECS;14018.0;5
11994;;;INTARIAN_PEPPER_ROOT;XIRECS;14014.0;6
13482;;;ASH_COATED_OSMIUM;XIRECS;9989.5;6
13721;;;ASH_COATED_OSMIUM;XIRECS;10005.5;9
14983;;;ASH_COATED_OSMIUM;XIRECS;10008.0;3
15577;;;ASH_COATED_OSMIUM;XIRECS;9993.0;9
17151;;;INTARIAN_PEPPER_ROOT;XIRECS;14014.0;4
17503;;;ASH_COATED_OSMIUM;XIRECS;10006.0;2
19909;;;ASH_COATED_OSMIUM;XIRECS;9994.0;4
21615;;;ASH_COATED_OSMIUM;XIRECS;9994.0;5
23179;;;INTARIAN_PEPPER_ROOT;XIRECS;14025.0;7
23702;;;ASH_COATED_OSMIUM;XIRECS;10010.5;3
24615;;;INTARIAN_PEPPER_ROOT;XIRECS;14025.0;6
25158;;;INTARIAN_PEPPER_ROOT;XIRECS;14018.0;6
25189;;;ASH_COATED_OSMIUM;XIRECS;10006.0;5
25293;;;INTARIAN_PEPPER_ROOT;XIRECS;14028.0;7
27762;;;ASH_COATED_OSMIUM;XIRECS;9994.0;3
27883;;;INTARIAN_PEPPER_ROOT;XIRECS;14043.0;7
29036;;;ASH_COATED_OSMIUM;XIRECS;9994.0;5
33516;;;ASH_COATED_OSMIUM;XIRECS;9994.5;6
35631;;;INTARIAN_PEPPER_ROOT;XIRECS;14040.0;6
40430;;;INTARIAN_PEPPER_ROOT;XIRECS;14045.0;7
40844;;;INTARIAN_PEPPER_ROOT;XIRECS;14039.0;5
42258;;;ASH_COATED_OSMIUM;XIRECS;10006.0;6
42502;;;INTARIAN_PEPPER_ROOT;XIRECS;14049.0;7
43785;;;INTARIAN_PEPPER_ROOT;XIRECS;14040.0;7
45268;;;INTARIAN_PEPPER_ROOT;XIRECS;14038.0;5
45474;;;ASH_COATED_OSMIUM;XIRECS;9994.0;3
49009;;;ASH_COATED_OSMIUM;XIRECS;10000.0;3
50080;;;INTARIAN_PEPPER_ROOT;XIRECS;14042.0;3
51484;;;INTARIAN_PEPPER_ROOT;XIRECS;14044.0;5
54474;;;INTARIAN_PEPPER_ROOT;XIRECS;14048.0;7
56135;;;INTARIAN_PEPPER_ROOT;XIRECS;14058.0;3
56382;;;INTARIAN_PEPPER_ROOT;XIRECS;14049.0;5
59434;;;INTARIAN_PEPPER_ROOT;XIRECS;14066.0;6
59729;;;INTARIAN_PEPPER_ROOT;XIRECS;14068.0;3
61601;;;INTARIAN_PEPPER_ROOT;XIRECS;14068.0;6
62301;;;INTARIAN_PEPPER_ROOT;XIRECS;14060.0;5
62947;;;INTARIAN_PEPPER_ROOT;XIRECS;14064.0;6
63114;;;INTARIAN_PEPPER_ROOT;XIRECS;14067.0;5
64507;;;INTARIAN_PEPPER_ROOT;XIRECS;14059.0;3
68519;;;INTARIAN_PEPPER_ROOT;XIRECS;14060.0;7
69193;;;ASH_COATED_OSMIUM;XIRECS;10006.0;2
71161;;;ASH_COATED_OSMIUM;XIRECS;10006.0;4
73837;;;ASH_COATED_OSMIUM;XIRECS;10006.0;7
75083;;;INTARIAN_PEPPER_ROOT;XIRECS;14070.0;7
75513;;;ASH_COATED_OSMIUM;XIRECS;9994.0;8
75953;;;ASH_COATED_OSMIUM;XIRECS;10006.0;4
77700;;;ASH_COATED_OSMIUM;XIRECS;10006.0;6
78625;;;ASH_COATED_OSMIUM;XIRECS;10007.0;5
79212;;;INTARIAN_PEPPER_ROOT;XIRECS;14085.0;4
79571;;;ASH_COATED_OSMIUM;XIRECS;9994.0;3
80417;;;ASH_COATED_OSMIUM;XIRECS;9994.0;5
80641;;;INTARIAN_PEPPER_ROOT;XIRECS;14072.0;5
83169;;;INTARIAN_PEPPER_ROOT;XIRECS;14092.0;3
83277;;;INTARIAN_PEPPER_ROOT;XIRECS;14092.0;5
83296;;;INTARIAN_PEPPER_ROOT;XIRECS;14078.0;3
83512;;;ASH_COATED_OSMIUM;XIRECS;10010.5;3
84042;;;ASH_COATED_OSMIUM;XIRECS;10006.0;2
84052;;;INTARIAN_PEPPER_ROOT;XIRECS;14080.0;3
85178;;;ASH_COATED_OSMIUM;XIRECS;9994.0;6
86513;;;ASH_COATED_OSMIUM;XIRECS;9994.0;10
87418;;;ASH_COATED_OSMIUM;XIRECS;10006.0;8
88115;;;INTARIAN_PEPPER_ROOT;XIRECS;14093.0;5
88214;;;INTARIAN_PEPPER_ROOT;XIRECS;14091.0;7
88797;;;ASH_COATED_OSMIUM;XIRECS;10002.0;5
89913;;;ASH_COATED_OSMIUM;XIRECS;9993.0;9
90382;;;INTARIAN_PEPPER_ROOT;XIRECS;14096.0;6
91367;;;ASH_COATED_OSMIUM;XIRECS;10006.0;10
97678;;;ASH_COATED_OSMIUM;XIRECS;9995.0;5
98276;;;ASH_COATED_OSMIUM;XIRECS;10006.0;3
98982;;;INTARIAN_PEPPER_ROOT;XIRECS;14104.0;4
99338;;;INTARIAN_PEPPER_ROOT;XIRECS;14105.0;5
101673;;;INTARIAN_PEPPER_ROOT;XIRECS;14096.0;6
102275;;;INTARIAN_PEPPER_ROOT;XIRECS;14107.0;4
102821;;;ASH_COATED_OSMIUM;XIRECS;9994.0;3
103750;;;ASH_COATED_OSMIUM;XIRECS;10006.0;4
103797;;;ASH_COATED_OSMIUM;XIRECS;10005.5;4
104342;;;ASH_COATED_OSMIUM;XIRECS;9994.0;4
104699;;;INTARIAN_PEPPER_ROOT;XIRECS;14112.0;5
105788;;;INTARIAN_PEPPER_ROOT;XIRECS;14100.0;4
109070;;;ASH_COATED_OSMIUM;XIRECS;9994.5;2
111429;;;INTARIAN_PEPPER_ROOT;XIRECS;14106.0;7
111883;;;ASH_COATED_OSMIUM;XIRECS;10006.0;6
112075;;;INTARIAN_PEPPER_ROOT;XIRECS;14106.0;7
116728;;;ASH_COATED_OSMIUM;XIRECS;9994.0;4
118960;;;ASH_COATED_OSMIUM;XIRECS;9994.0;3
119510;;;ASH_COATED_OSMIUM;XIRECS;9994.0;9
122710;;;INTARIAN_PEPPER_ROOT;XIRECS;14124.0;7
124416;;;INTARIAN_PEPPER_ROOT;XIRECS;14118.0;6
124924;;;ASH_COATED_OSMIUM;XIRECS;9994.0;2
127769;;;ASH_COATED_OSMIUM;XIRECS;10010.0;6
127921;;;ASH_COATED_OSMIUM;XIRECS;9994.0;10
135640;;;ASH_COATED_OSMIUM;XIRECS;10006.0;4
142752;;;ASH_COATED_OSMIUM;XIRECS;10006.0;6
143956;;;INTARIAN_PEPPER_ROOT;XIRECS;14140.0;6
144997;;;INTARIAN_PEPPER_ROOT;XIRECS;14142.0;8
148803;;;ASH_COATED_OSMIUM;XIRECS;10006.0;7
151155;;;INTARIAN_PEPPER_ROOT;XIRECS;14156.0;3
155587;;;ASH_COATED_OSMIUM;XIRECS;9990.0;3
156594;;;INTARIAN_PEPPER_ROOT;XIRECS;14147.0;7
156968;;;INTARIAN_PEPPER_ROOT;XIRECS;14162.0;6
159471;;;INTARIAN_PEPPER_ROOT;XIRECS;14158.0;8
159545;;;INTARIAN_PEPPER_ROOT;XIRECS;14162.0;7
159626;;;ASH_COATED_OSMIUM;XIRECS;9994.0;2
160462;;;INTARIAN_PEPPER_ROOT;XIRECS;14154.0;4
160483;;;INTARIAN_PEPPER_ROOT;XIRECS;14154.0;5
161060;;;ASH_COATED_OSMIUM;XIRECS;9998.0;6
162558;;;ASH_COATED_OSMIUM;XIRECS;10006.0;3
165241;;;ASH_COATED_OSMIUM;XIRECS;9994.5;5
166302;;;INTARIAN_PEPPER_ROOT;XIRECS;14158.0;3
167388;;;INTARIAN_PEPPER_ROOT;XIRECS;14173.0;7
167741;;;ASH_COATED_OSMIUM;XIRECS;10006.0;2
168767;;;ASH_COATED_OSMIUM;XIRECS;9990.0;2
170057;;;INTARIAN_PEPPER_ROOT;XIRECS;14158.0;6
170123;;;ASH_COATED_OSMIUM;XIRECS;9994.0;2
171187;;;ASH_COATED_OSMIUM;XIRECS;10006.0;5
173613;;;ASH_COATED_OSMIUM;XIRECS;10006.0;5
175296;;;ASH_COATED_OSMIUM;XIRECS;9994.0;3
175911;;;INTARIAN_PEPPER_ROOT;XIRECS;14177.0;5
177590;;;ASH_COATED_OSMIUM;XIRECS;10000.0;2
178774;;;INTARIAN_PEPPER_ROOT;XIRECS;14173.0;7
179277;;;INTARIAN_PEPPER_ROOT;XIRECS;14173.0;8
181607;;;INTARIAN_PEPPER_ROOT;XIRECS;14183.0;5
182483;;;ASH_COATED_OSMIUM;XIRECS;10006.0;9
183596;;;INTARIAN_PEPPER_ROOT;XIRECS;14178.0;4
183913;;;ASH_COATED_OSMIUM;XIRECS;10006.0;4
184586;;;ASH_COATED_OSMIUM;XIRECS;9994.0;6
186878;;;INTARIAN_PEPPER_ROOT;XIRECS;14195.0;3
188623;;;INTARIAN_PEPPER_ROOT;XIRECS;14182.0;3
189441;;;INTARIAN_PEPPER_ROOT;XIRECS;14199.0;4
189472;;;ASH_COATED_OSMIUM;XIRECS;9990.0;8
189643;;;ASH_COATED_OSMIUM;XIRECS;9994.0;4
190778;;;ASH_COATED_OSMIUM;XIRECS;9994.0;8
191466;;;ASH_COATED_OSMIUM;XIRECS;10006.0;10
193804;;;INTARIAN_PEPPER_ROOT;XIRECS;14202.0;3
195945;;;ASH_COATED_OSMIUM;XIRECS;9994.0;5
196297;;;INTARIAN_PEPPER_ROOT;XIRECS;14204.0;7
196298;;;ASH_COATED_OSMIUM;XIRECS;9993.0;5
197841;;;ASH_COATED_OSMIUM;XIRECS;9988.0;2
198438;;;ASH_COATED_OSMIUM;XIRECS;10005.5;5
200638;;;ASH_COATED_OSMIUM;XIRECS;10007.0;4
200684;;;ASH_COATED_OSMIUM;XIRECS;10007.0;9
202169;;;ASH_COATED_OSMIUM;XIRECS;10006.0;4
204075;;;INTARIAN_PEPPER_ROOT;XIRECS;14197.0;8
205875;;;ASH_COATED_OSMIUM;XIRECS;10006.0;8
205907;;;ASH_COATED_OSMIUM;XIRECS;10012.0;2
207377;;;ASH_COATED_OSMIUM;XIRECS;10006.0;6
209198;;;INTARIAN_PEPPER_ROOT;XIRECS;14213.0;7
209787;;;ASH_COATED_OSMIUM;XIRECS;9994.0;6
210624;;;INTARIAN_PEPPER_ROOT;XIRECS;14208.0;6
210696;;;INTARIAN_PEPPER_ROOT;XIRECS;14208.0;7
213726;;;ASH_COATED_OSMIUM;XIRECS;10006.0;6
214384;;;ASH_COATED_OSMIUM;XIRECS;10005.5;4
216308;;;ASH_COATED_OSMIUM;XIRECS;9993.0;2
216427;;;INTARIAN_PEPPER_ROOT;XIRECS;14221.0;7
217768;;;ASH_COATED_OSMIUM;XIRECS;10006.0;2
219190;;;ASH_COATED_OSMIUM;XIRECS;9994.0;5
219754;;;ASH_COATED_OSMIUM;XIRECS;9994.0;10
221395;;;INTARIAN_PEPPER_ROOT;XIRECS;14226.0;7
221498;;;ASH_COATED_OSMIUM;XIRECS;10006.0;2
225568;;;ASH_COATED_OSMIUM;XIRECS;9994.0;2
227158;;;INTARIAN_PEPPER_ROOT;XIRECS;14233.0;4
227700;;;INTARIAN_PEPPER_ROOT;XIRECS;14220.0;3
229861;;;ASH_COATED_OSMIUM;XIRECS;9994.0;3
230329;;;INTARIAN_PEPPER_ROOT;XIRECS;14225.0;7
232815;;;INTARIAN_PEPPER_ROOT;XIRECS;14228.0;6
233580;;;ASH_COATED_OSMIUM;XIRECS;10006.0;2
235671;;;ASH_COATED_OSMIUM;XIRECS;9994.0;8
235898;;;ASH_COATED_OSMIUM;XIRECS;10007.0;6
236783;;;ASH_COATED_OSMIUM;XIRECS;9994.0;2
236956;;;ASH_COATED_OSMIUM;XIRECS;10006.0;9
238433;;;ASH_COATED_OSMIUM;XIRECS;10006.0;8
239645;;;ASH_COATED_OSMIUM;XIRECS;10006.0;8
239893;;;ASH_COATED_OSMIUM;XIRECS;9997.0;2
241202;;;ASH_COATED_OSMIUM;XIRECS;9993.0;8
243196;;;INTARIAN_PEPPER_ROOT;XIRECS;14247.0;7
244967;;;ASH_COATED_OSMIUM;XIRECS;10006.0;2
245108;;;ASH_COATED_OSMIUM;XIRECS;10006.0;2
247856;;;ASH_COATED_OSMIUM;XIRECS;9994.0;10
248035;;;ASH_COATED_OSMIUM;XIRECS;10007.0;3
251010;;;ASH_COATED_OSMIUM;XIRECS;10006.0;4
253010;;;INTARIAN_PEPPER_ROOT;XIRECS;14262.0;5
253630;;;ASH_COATED_OSMIUM;XIRECS;9994.0;4
253831;;;INTARIAN_PEPPER_ROOT;XIRECS;14259.0;7
255676;;;INTARIAN_PEPPER_ROOT;XIRECS;14247.0;7
258240;;;INTARIAN_PEPPER_ROOT;XIRECS;14248.0;7
259796;;;ASH_COATED_OSMIUM;XIRECS;10007.0;6
260551;;;ASH_COATED_OSMIUM;XIRECS;10010.0;3
261057;;;ASH_COATED_OSMIUM;XIRECS;10006.0;9
261674;;;ASH_COATED_OSMIUM;XIRECS;10006.0;6
262351;;;INTARIAN_PEPPER_ROOT;XIRECS;14256.0;5
262443;;;ASH_COATED_OSMIUM;XIRECS;9993.0;4
264043;;;ASH_COATED_OSMIUM;XIRECS;10006.0;3
264298;;;INTARIAN_PEPPER_ROOT;XIRECS;14270.0;3
265427;;;ASH_COATED_OSMIUM;XIRECS;9994.0;4
267401;;;INTARIAN_PEPPER_ROOT;XIRECS;14260.0;7
267480;;;INTARIAN_PEPPER_ROOT;XIRECS;14274.0;3
267652;;;INTARIAN_PEPPER_ROOT;XIRECS;14265.0;6
269639;;;ASH_COATED_OSMIUM;XIRECS;10007.0;5
271027;;;INTARIAN_PEPPER_ROOT;XIRECS;14266.0;7
271858;;;INTARIAN_PEPPER_ROOT;XIRECS;14266.0;3
272383;;;INTARIAN_PEPPER_ROOT;XIRECS;14267.0;5
272720;;;INTARIAN_PEPPER_ROOT;XIRECS;14266.0;3
274086;;;INTARIAN_PEPPER_ROOT;XIRECS;14283.0;5
274661;;;ASH_COATED_OSMIUM;XIRECS;9994.0;4
276649;;;ASH_COATED_OSMIUM;XIRECS;9994.0;8
277325;;;INTARIAN_PEPPER_ROOT;XIRECS;14269.0;6
277685;;;ASH_COATED_OSMIUM;XIRECS;9994.0;10
280519;;;ASH_COATED_OSMIUM;XIRECS;9994.0;6
281910;;;ASH_COATED_OSMIUM;XIRECS;9994.0;6
283617;;;ASH_COATED_OSMIUM;XIRECS;9994.0;9
285228;;;INTARIAN_PEPPER_ROOT;XIRECS;14280.0;4
285665;;;ASH_COATED_OSMIUM;XIRECS;10006.0;4
286854;;;ASH_COATED_OSMIUM;XIRECS;9993.0;4
288470;;;ASH_COATED_OSMIUM;XIRECS;9994.0;8
288480;;;INTARIAN_PEPPER_ROOT;XIRECS;14282.0;3
288736;;;ASH_COATED_OSMIUM;XIRECS;9994.0;8
289097;;;INTARIAN_PEPPER_ROOT;XIRECS;14293.0;3
289283;;;ASH_COATED_OSMIUM;XIRECS;10006.0;6
290113;;;INTARIAN_PEPPER_ROOT;XIRECS;14284.0;6
290274;;;INTARIAN_PEPPER_ROOT;XIRECS;14281.0;7
290347;;;ASH_COATED_OSMIUM;XIRECS;10006.0;3
294457;;;ASH_COATED_OSMIUM;XIRECS;10006.0;6
295302;;;INTARIAN_PEPPER_ROOT;XIRECS;14288.0;3
296568;;;ASH_COATED_OSMIUM;XIRECS;9994.5;6
298176;;;ASH_COATED_OSMIUM;XIRECS;10006.5;6
300336;;;ASH_COATED_OSMIUM;XIRECS;9998.0;3
300596;;;ASH_COATED_OSMIUM;XIRECS;10006.0;3
301100;;;ASH_COATED_OSMIUM;XIRECS;10006.0;3
304666;;;INTARIAN_PEPPER_ROOT;XIRECS;14310.0;3
305125;;;ASH_COATED_OSMIUM;XIRECS;9994.0;5
305207;;;INTARIAN_PEPPER_ROOT;XIRECS;14300.0;5
305286;;;INTARIAN_PEPPER_ROOT;XIRECS;14313.0;7
307449;;;ASH_COATED_OSMIUM;XIRECS;10007.0;2
307550;;;ASH_COATED_OSMIUM;XIRECS;10005.0;3
309181;;;ASH_COATED_OSMIUM;XIRECS;9994.0;10
309592;;;INTARIAN_PEPPER_ROOT;XIRECS;14299.0;4
309631;;;ASH_COATED_OSMIUM;XIRECS;10006.0;6
310229;;;ASH_COATED_OSMIUM;XIRECS;9994.5;6
311734;;;ASH_COATED_OSMIUM;XIRECS;9998.0;7
312178;;;ASH_COATED_OSMIUM;XIRECS;10005.0;6
313848;;;ASH_COATED_OSMIUM;XIRECS;9993.0;5
316490;;;ASH_COATED_OSMIUM;XIRECS;10005.0;9
318075;;;INTARIAN_PEPPER_ROOT;XIRECS;14328.0;4
319013;;;INTARIAN_PEPPER_ROOT;XIRECS;14308.0;7
320521;;;ASH_COATED_OSMIUM;XIRECS;9994.0;3
320631;;;ASH_COATED_OSMIUM;XIRECS;9992.0;9
321194;;;INTARIAN_PEPPER_ROOT;XIRECS;14314.0;4
321231;;;ASH_COATED_OSMIUM;XIRECS;9994.0;9
325215;;;INTARIAN_PEPPER_ROOT;XIRECS;14335.0;7
326420;;;ASH_COATED_OSMIUM;XIRECS;9993.0;2
328512;;;ASH_COATED_OSMIUM;XIRECS;10007.0;6
329435;;;ASH_COATED_OSMIUM;XIRECS;9990.0;8
329458;;;ASH_COATED_OSMIUM;XIRECS;10006.0;5
331200;;;INTARIAN_PEPPER_ROOT;XIRECS;14340.0;4
331636;;;INTARIAN_PEPPER_ROOT;XIRECS;14334.0;6
333689;;;ASH_COATED_OSMIUM;XIRECS;9994.0;9
335988;;;ASH_COATED_OSMIUM;XIRECS;10007.0;5
336100;;;ASH_COATED_OSMIUM;XIRECS;10006.0;4
339510;;;INTARIAN_PEPPER_ROOT;XIRECS;14336.0;5
340011;;;INTARIAN_PEPPER_ROOT;XIRECS;14334.0;4
341653;;;INTARIAN_PEPPER_ROOT;XIRECS;14332.0;7
341881;;;INTARIAN_PEPPER_ROOT;XIRECS;14331.0;7
345360;;;ASH_COATED_OSMIUM;XIRECS;9994.0;3
347029;;;ASH_COATED_OSMIUM;XIRECS;10010.5;8
349542;;;INTARIAN_PEPPER_ROOT;XIRECS;14352.0;3
349706;;;INTARIAN_PEPPER_ROOT;XIRECS;14344.0;7
350007;;;INTARIAN_PEPPER_ROOT;XIRECS;14358.0;4
351810;;;INTARIAN_PEPPER_ROOT;XIRECS;14344.0;5
352436;;;INTARIAN_PEPPER_ROOT;XIRECS;14356.0;7
353568;;;ASH_COATED_OSMIUM;XIRECS;9994.0;5
354609;;;INTARIAN_PEPPER_ROOT;XIRECS;14364.0;6
355438;;;ASH_COATED_OSMIUM;XIRECS;10006.0;5
355471;;;INTARIAN_PEPPER_ROOT;XIRECS;14350.0;3
356658;;;ASH_COATED_OSMIUM;XIRECS;10004.0;8
357119;;;ASH_COATED_OSMIUM;XIRECS;9993.0;3
358319;;;ASH_COATED_OSMIUM;XIRECS;9994.0;3
358808;;;ASH_COATED_OSMIUM;XIRECS;10010.0;6
359193;;;INTARIAN_PEPPER_ROOT;XIRECS;14364.0;4
359436;;;ASH_COATED_OSMIUM;XIRECS;10006.0;6
361126;;;INTARIAN_PEPPER_ROOT;XIRECS;14363.0;7
361597;;;ASH_COATED_OSMIUM;XIRECS;9992.0;4
362525;;;ASH_COATED_OSMIUM;XIRECS;10010.0;4
368038;;;ASH_COATED_OSMIUM;XIRECS;10008.0;4
368139;;;ASH_COATED_OSMIUM;XIRECS;9994.0;7
368707;;;INTARIAN_PEPPER_ROOT;XIRECS;14372.0;3
369984;;;ASH_COATED_OSMIUM;XIRECS;10010.0;8
372344;;;INTARIAN_PEPPER_ROOT;XIRECS;14368.0;4
372964;;;ASH_COATED_OSMIUM;XIRECS;10005.5;4
373304;;;ASH_COATED_OSMIUM;XIRECS;10006.0;6
373477;;;ASH_COATED_OSMIUM;XIRECS;9993.0;6
375722;;;INTARIAN_PEPPER_ROOT;XIRECS;14370.0;7
376247;;;ASH_COATED_OSMIUM;XIRECS;9989.5;8
377416;;;INTARIAN_PEPPER_ROOT;XIRECS;14370.0;4
378183;;;INTARIAN_PEPPER_ROOT;XIRECS;14386.0;5
378227;;;INTARIAN_PEPPER_ROOT;XIRECS;14381.0;7
378702;;;ASH_COATED_OSMIUM;XIRECS;9998.0;6
379357;;;INTARIAN_PEPPER_ROOT;XIRECS;14373.0;5
380377;;;ASH_COATED_OSMIUM;XIRECS;9994.0;3
381567;;;INTARIAN_PEPPER_ROOT;XIRECS;14386.0;7
383439;;;ASH_COATED_OSMIUM;XIRECS;9994.0;5
383603;;;ASH_COATED_OSMIUM;XIRECS;9990.0;6
384226;;;ASH_COATED_OSMIUM;XIRECS;10006.0;10
384331;;;ASH_COATED_OSMIUM;XIRECS;10010.0;4
385867;;;ASH_COATED_OSMIUM;XIRECS;10006.0;3
386538;;;ASH_COATED_OSMIUM;XIRECS;10006.0;4
390708;;;ASH_COATED_OSMIUM;XIRECS;9998.0;2
390987;;;ASH_COATED_OSMIUM;XIRECS;9994.0;5
392179;;;INTARIAN_PEPPER_ROOT;XIRECS;14386.0;7
392614;;;ASH_COATED_OSMIUM;XIRECS;10006.0;5
394121;;;INTARIAN_PEPPER_ROOT;XIRECS;14406.0;3
396430;;;ASH_COATED_OSMIUM;XIRECS;9994.0;2
396541;;;ASH_COATED_OSMIUM;XIRECS;10006.0;4
396720;;;INTARIAN_PEPPER_ROOT;XIRECS;14390.0;3
397926;;;INTARIAN_PEPPER_ROOT;XIRECS;14406.0;7
398940;;;ASH_COATED_OSMIUM;XIRECS;10007.0;6
399096;;;INTARIAN_PEPPER_ROOT;XIRECS;14404.0;5
401490;;;ASH_COATED_OSMIUM;XIRECS;10006.0;3
402161;;;ASH_COATED_OSMIUM;XIRECS;10006.0;8
402824;;;INTARIAN_PEPPER_ROOT;XIRECS;14410.0;6
404591;;;INTARIAN_PEPPER_ROOT;XIRECS;14398.0;3
406299;;;ASH_COATED_OSMIUM;XIRECS;9994.0;9
416076;;;INTARIAN_PEPPER_ROOT;XIRECS;14407.0;4
416892;;;ASH_COATED_OSMIUM;XIRECS;9989.0;3
417182;;;INTARIAN_PEPPER_ROOT;XIRECS;14416.0;5
419355;;;INTARIAN_PEPPER_ROOT;XIRECS;14413.0;4
420154;;;ASH_COATED_OSMIUM;XIRECS;10000.0;3
421158;;;INTARIAN_PEPPER_ROOT;XIRECS;14429.0;3
422881;;;ASH_COATED_OSMIUM;XIRECS;10011.5;2
424602;;;ASH_COATED_OSMIUM;XIRECS;9994.0;5
424759;;;ASH_COATED_OSMIUM;XIRECS;9994.0;8
425902;;;INTARIAN_PEPPER_ROOT;XIRECS;14419.0;3
426578;;;ASH_COATED_OSMIUM;XIRECS;10005.0;8
428337;;;INTARIAN_PEPPER_ROOT;XIRECS;14422.0;7
429460;;;INTARIAN_PEPPER_ROOT;XIRECS;14424.0;7
429546;;;INTARIAN_PEPPER_ROOT;XIRECS;14424.0;7
429668;;;ASH_COATED_OSMIUM;XIRECS;9996.0;10
430880;;;INTARIAN_PEPPER_ROOT;XIRECS;14431.0;8
432807;;;ASH_COATED_OSMIUM;XIRECS;10005.0;6
435395;;;ASH_COATED_OSMIUM;XIRECS;10010.0;8
436670;;;INTARIAN_PEPPER_ROOT;XIRECS;14440.0;5
443371;;;ASH_COATED_OSMIUM;XIRECS;9994.0;6
444146;;;INTARIAN_PEPPER_ROOT;XIRECS;14448.0;3
444162;;;INTARIAN_PEPPER_ROOT;XIRECS;14448.0;3
444412;;;ASH_COATED_OSMIUM;XIRECS;10007.0;6
446473;;;ASH_COATED_OSMIUM;XIRECS;10012.0;6
447187;;;INTARIAN_PEPPER_ROOT;XIRECS;14454.0;3
447377;;;ASH_COATED_OSMIUM;XIRECS;9993.0;6
447550;;;INTARIAN_PEPPER_ROOT;XIRECS;14451.0;5
448283;;;INTARIAN_PEPPER_ROOT;XIRECS;14455.0;6
448407;;;ASH_COATED_OSMIUM;XIRECS;9990.0;4
449299;;;ASH_COATED_OSMIUM;XIRECS;9998.0;2
449769;;;ASH_COATED_OSMIUM;XIRECS;10006.0;4
450599;;;ASH_COATED_OSMIUM;XIRECS;10006.0;10
452405;;;ASH_COATED_OSMIUM;XIRECS;9994.0;8
454259;;;INTARIAN_PEPPER_ROOT;XIRECS;14446.0;6
455572;;;ASH_COATED_OSMIUM;XIRECS;9990.0;4
456247;;;INTARIAN_PEPPER_ROOT;XIRECS;14463.0;6
456466;;;ASH_COATED_OSMIUM;XIRECS;9998.0;3
456809;;;ASH_COATED_OSMIUM;XIRECS;9994.0;10
459726;;;ASH_COATED_OSMIUM;XIRECS;9989.5;6
460030;;;INTARIAN_PEPPER_ROOT;XIRECS;14456.0;7
460317;;;ASH_COATED_OSMIUM;XIRECS;10002.0;4
462601;;;ASH_COATED_OSMIUM;XIRECS;9993.0;2
462630;;;ASH_COATED_OSMIUM;XIRECS;9993.0;8
462651;;;INTARIAN_PEPPER_ROOT;XIRECS;14469.0;4
463468;;;ASH_COATED_OSMIUM;XIRECS;9994.0;7
466819;;;INTARIAN_PEPPER_ROOT;XIRECS;14470.0;4
468621;;;INTARIAN_PEPPER_ROOT;XIRECS;14475.0;6
468752;;;ASH_COATED_OSMIUM;XIRECS;9994.0;2
470627;;;ASH_COATED_OSMIUM;XIRECS;9994.0;8
473957;;;INTARIAN_PEPPER_ROOT;XIRECS;14466.0;6
474921;;;INTARIAN_PEPPER_ROOT;XIRECS;14478.0;4
476575;;;ASH_COATED_OSMIUM;XIRECS;10007.0;5
477411;;;ASH_COATED_OSMIUM;XIRECS;9994.0;6
478869;;;INTARIAN_PEPPER_ROOT;XIRECS;14474.0;6
479305;;;INTARIAN_PEPPER_ROOT;XIRECS;14482.0;3
481964;;;INTARIAN_PEPPER_ROOT;XIRECS;14474.0;4
482474;;;INTARIAN_PEPPER_ROOT;XIRECS;14488.0;7
483223;;;ASH_COATED_OSMIUM;XIRECS;9992.0;4
483312;;;INTARIAN_PEPPER_ROOT;XIRECS;14478.0;4
484197;;;ASH_COATED_OSMIUM;XIRECS;10007.0;8
484445;;;INTARIAN_PEPPER_ROOT;XIRECS;14484.0;5
485798;;;INTARIAN_PEPPER_ROOT;XIRECS;14492.0;7
486404;;;ASH_COATED_OSMIUM;XIRECS;9994.0;4
487539;;;ASH_COATED_OSMIUM;XIRECS;9994.0;2
488052;;;ASH_COATED_OSMIUM;XIRECS;9994.0;2
488891;;;ASH_COATED_OSMIUM;XIRECS;10005.0;8
489649;;;ASH_COATED_OSMIUM;XIRECS;10005.0;6
490654;;;INTARIAN_PEPPER_ROOT;XIRECS;14499.0;3
491960;;;ASH_COATED_OSMIUM;XIRECS;10005.0;6
493137;;;INTARIAN_PEPPER_ROOT;XIRECS;14499.0;3
493896;;;ASH_COATED_OSMIUM;XIRECS;9995.0;6
494152;;;INTARIAN_PEPPER_ROOT;XIRECS;14499.0;3
495937;;;INTARIAN_PEPPER_ROOT;XIRECS;14492.0;3
496240;;;ASH_COATED_OSMIUM;XIRECS;10005.0;3
497670;;;ASH_COATED_OSMIUM;XIRECS;10007.0;7
498363;;;INTARIAN_PEPPER_ROOT;XIRECS;14504.0;3
499272;;;ASH_COATED_OSMIUM;XIRECS;10005.0;10
499365;;;INTARIAN_PEPPER_ROOT;XIRECS;14500.0;6
503187;;;ASH_COATED_OSMIUM;XIRECS;10005.0;8
504215;;;ASH_COATED_OSMIUM;XIRECS;9989.0;8
504496;;;INTARIAN_PEPPER_ROOT;XIRECS;14512.0;5
504605;;;ASH_COATED_OSMIUM;XIRECS;9994.0;6
508362;;;ASH_COATED_OSMIUM;XIRECS;10005.0;9
508395;;;INTARIAN_PEPPER_ROOT;XIRECS;14514.0;5
510358;;;INTARIAN_PEPPER_ROOT;XIRECS;14504.0;7
512067;;;ASH_COATED_OSMIUM;XIRECS;9994.0;3
512405;;;INTARIAN_PEPPER_ROOT;XIRECS;14512.0;7
513705;;;INTARIAN_PEPPER_ROOT;XIRECS;14506.0;6
514420;;;INTARIAN_PEPPER_ROOT;XIRECS;14509.0;4
514752;;;INTARIAN_PEPPER_ROOT;XIRECS;14510.0;4
515099;;;ASH_COATED_OSMIUM;XIRECS;10006.0;10
519942;;;ASH_COATED_OSMIUM;XIRECS;10005.0;3
520074;;;ASH_COATED_OSMIUM;XIRECS;10005.0;6
520435;;;ASH_COATED_OSMIUM;XIRECS;9993.0;8
523328;;;ASH_COATED_OSMIUM;XIRECS;10005.0;3
525768;;;INTARIAN_PEPPER_ROOT;XIRECS;14532.0;5
528062;;;INTARIAN_PEPPER_ROOT;XIRECS;14533.0;4
528261;;;ASH_COATED_OSMIUM;XIRECS;9994.0;3
529666;;;ASH_COATED_OSMIUM;XIRECS;9994.0;10
529783;;;ASH_COATED_OSMIUM;XIRECS;9996.0;4
531168;;;ASH_COATED_OSMIUM;XIRECS;9987.5;10
533732;;;INTARIAN_PEPPER_ROOT;XIRECS;14528.0;6
533824;;;ASH_COATED_OSMIUM;XIRECS;9994.0;3
534020;;;ASH_COATED_OSMIUM;XIRECS;9993.0;4
534188;;;INTARIAN_PEPPER_ROOT;XIRECS;14537.0;7
534645;;;INTARIAN_PEPPER_ROOT;XIRECS;14532.0;5
535671;;;ASH_COATED_OSMIUM;XIRECS;9994.0;6
539246;;;INTARIAN_PEPPER_ROOT;XIRECS;14534.0;5
542134;;;ASH_COATED_OSMIUM;XIRECS;10005.0;6
542564;;;INTARIAN_PEPPER_ROOT;XIRECS;14547.0;8
542738;;;ASH_COATED_OSMIUM;XIRECS;10007.0;5
543282;;;INTARIAN_PEPPER_ROOT;XIRECS;14548.0;7
545075;;;ASH_COATED_OSMIUM;XIRECS;9989.0;2
545917;;;ASH_COATED_OSMIUM;XIRECS;10005.0;8
545987;;;ASH_COATED_OSMIUM;XIRECS;9989.0;5
546070;;;ASH_COATED_OSMIUM;XIRECS;10007.0;2
548260;;;INTARIAN_PEPPER_ROOT;XIRECS;14544.0;8
553714;;;ASH_COATED_OSMIUM;XIRECS;9994.0;3
556735;;;INTARIAN_PEPPER_ROOT;XIRECS;14562.0;6
557522;;;INTARIAN_PEPPER_ROOT;XIRECS;14565.0;3
557533;;;ASH_COATED_OSMIUM;XIRECS;10006.0;4
558419;;;INTARIAN_PEPPER_ROOT;XIRECS;14553.0;7
559207;;;ASH_COATED_OSMIUM;XIRECS;9994.0;9
561967;;;ASH_COATED_OSMIUM;XIRECS;10005.0;3
562095;;;ASH_COATED_OSMIUM;XIRECS;10005.0;4
562175;;;ASH_COATED_OSMIUM;XIRECS;10005.0;5
563207;;;ASH_COATED_OSMIUM;XIRECS;9994.0;6
564809;;;INTARIAN_PEPPER_ROOT;XIRECS;14572.0;3
566115;;;INTARIAN_PEPPER_ROOT;XIRECS;14574.0;5
566148;;;INTARIAN_PEPPER_ROOT;XIRECS;14574.0;6
566412;;;ASH_COATED_OSMIUM;XIRECS;9993.0;6
567072;;;ASH_COATED_OSMIUM;XIRECS;9992.0;9
568452;;;ASH_COATED_OSMIUM;XIRECS;9992.0;5
568817;;;INTARIAN_PEPPER_ROOT;XIRECS;14566.0;7
572128;;;ASH_COATED_OSMIUM;XIRECS;10005.0;8
572529;;;INTARIAN_PEPPER_ROOT;XIRECS;14576.0;4
575098;;;ASH_COATED_OSMIUM;XIRECS;9994.0;2
575428;;;INTARIAN_PEPPER_ROOT;XIRECS;14577.0;4
577920;;;INTARIAN_PEPPER_ROOT;XIRECS;14568.0;7
577933;;;ASH_COATED_OSMIUM;XIRECS;9994.0;4
579722;;;ASH_COATED_OSMIUM;XIRECS;10006.0;2
580670;;;ASH_COATED_OSMIUM;XIRECS;9989.0;3
582006;;;ASH_COATED_OSMIUM;XIRECS;10005.0;9
583283;;;ASH_COATED_OSMIUM;XIRECS;10005.0;6
584386;;;ASH_COATED_OSMIUM;XIRECS;10005.0;2
585119;;;ASH_COATED_OSMIUM;XIRECS;9989.0;6
585599;;;ASH_COATED_OSMIUM;XIRECS;10005.0;4
586037;;;ASH_COATED_OSMIUM;XIRECS;9994.0;3
587012;;;ASH_COATED_OSMIUM;XIRECS;10005.0;5
591226;;;INTARIAN_PEPPER_ROOT;XIRECS;14584.0;8
593022;;;ASH_COATED_OSMIUM;XIRECS;9994.0;6
594566;;;INTARIAN_PEPPER_ROOT;XIRECS;14598.0;3
597895;;;INTARIAN_PEPPER_ROOT;XIRECS;14604.0;5
597989;;;INTARIAN_PEPPER_ROOT;XIRECS;14604.0;6
600395;;;INTARIAN_PEPPER_ROOT;XIRECS;14596.0;3
602845;;;ASH_COATED_OSMIUM;XIRECS;9993.0;9
604079;;;INTARIAN_PEPPER_ROOT;XIRECS;14607.0;7
608128;;;ASH_COATED_OSMIUM;XIRECS;9989.0;6
608704;;;ASH_COATED_OSMIUM;XIRECS;9993.0;5
608792;;;INTARIAN_PEPPER_ROOT;XIRECS;14616.0;4
611114;;;INTARIAN_PEPPER_ROOT;XIRECS;14615.0;7
611122;;;ASH_COATED_OSMIUM;XIRECS;9994.0;2
611381;;;INTARIAN_PEPPER_ROOT;XIRECS;14619.0;3
614549;;;INTARIAN_PEPPER_ROOT;XIRECS;14612.0;5
614619;;;ASH_COATED_OSMIUM;XIRECS;9994.0;2
615540;;;ASH_COATED_OSMIUM;XIRECS;10006.0;4
618995;;;ASH_COATED_OSMIUM;XIRECS;9993.0;4
621492;;;ASH_COATED_OSMIUM;XIRECS;10012.0;5
622139;;;INTARIAN_PEPPER_ROOT;XIRECS;14616.0;3
622489;;;ASH_COATED_OSMIUM;XIRECS;9998.0;5
622671;;;INTARIAN_PEPPER_ROOT;XIRECS;14631.0;3
623805;;;ASH_COATED_OSMIUM;XIRECS;10005.0;2
631611;;;INTARIAN_PEPPER_ROOT;XIRECS;14624.0;3
631853;;;INTARIAN_PEPPER_ROOT;XIRECS;14626.0;5
631924;;;ASH_COATED_OSMIUM;XIRECS;10006.0;7
632718;;;ASH_COATED_OSMIUM;XIRECS;9988.0;8
633542;;;INTARIAN_PEPPER_ROOT;XIRECS;14626.0;4
633969;;;INTARIAN_PEPPER_ROOT;XIRECS;14639.0;6
633990;;;ASH_COATED_OSMIUM;XIRECS;9989.5;6
635288;;;ASH_COATED_OSMIUM;XIRECS;10005.5;2
635393;;;INTARIAN_PEPPER_ROOT;XIRECS;14628.0;5
635444;;;INTARIAN_PEPPER_ROOT;XIRECS;14639.0;4
635785;;;ASH_COATED_OSMIUM;XIRECS;10007.0;10
636511;;;ASH_COATED_OSMIUM;XIRECS;10006.0;3
636788;;;ASH_COATED_OSMIUM;XIRECS;10002.0;5
637178;;;INTARIAN_PEPPER_ROOT;XIRECS;14629.0;6
637658;;;ASH_COATED_OSMIUM;XIRECS;9994.5;8
637810;;;ASH_COATED_OSMIUM;XIRECS;10006.0;10
637901;;;ASH_COATED_OSMIUM;XIRECS;9989.5;8
639978;;;ASH_COATED_OSMIUM;XIRECS;10005.0;8
641006;;;ASH_COATED_OSMIUM;XIRECS;9994.0;6
641382;;;ASH_COATED_OSMIUM;XIRECS;9989.0;3
641482;;;ASH_COATED_OSMIUM;XIRECS;9993.0;5
641759;;;INTARIAN_PEPPER_ROOT;XIRECS;14649.0;4
643566;;;INTARIAN_PEPPER_ROOT;XIRECS;14634.0;7
643733;;;ASH_COATED_OSMIUM;XIRECS;10005.0;7
645679;;;ASH_COATED_OSMIUM;XIRECS;9994.0;10
647540;;;ASH_COATED_OSMIUM;XIRECS;9993.0;8
648917;;;ASH_COATED_OSMIUM;XIRECS;9994.0;10
649401;;;ASH_COATED_OSMIUM;XIRECS;9994.0;6
650564;;;INTARIAN_PEPPER_ROOT;XIRECS;14645.0;3
651483;;;ASH_COATED_OSMIUM;XIRECS;9994.0;5
654379;;;INTARIAN_PEPPER_ROOT;XIRECS;14655.0;7
654680;;;ASH_COATED_OSMIUM;XIRECS;10006.0;7
655001;;;ASH_COATED_OSMIUM;XIRECS;9994.0;8
655994;;;ASH_COATED_OSMIUM;XIRECS;10010.0;6
656212;;;INTARIAN_PEPPER_ROOT;XIRECS;14652.0;6
657407;;;INTARIAN_PEPPER_ROOT;XIRECS;14650.0;4
661957;;;INTARIAN_PEPPER_ROOT;XIRECS;14668.0;3
662097;;;ASH_COATED_OSMIUM;XIRECS;10005.0;3
662593;;;ASH_COATED_OSMIUM;XIRECS;9994.0;5
662999;;;INTARIAN_PEPPER_ROOT;XIRECS;14649.0;6
665170;;;ASH_COATED_OSMIUM;XIRECS;9994.0;6
667635;;;INTARIAN_PEPPER_ROOT;XIRECS;14662.0;5
669792;;;INTARIAN_PEPPER_ROOT;XIRECS;14662.0;6
671788;;;ASH_COATED_OSMIUM;XIRECS;10005.0;4
674051;;;ASH_COATED_OSMIUM;XIRECS;9989.0;6
674405;;;ASH_COATED_OSMIUM;XIRECS;10005.0;6
675295;;;INTARIAN_PEPPER_ROOT;XIRECS;14670.0;6
677010;;;ASH_COATED_OSMIUM;XIRECS;9994.0;7
679363;;;INTARIAN_PEPPER_ROOT;XIRECS;14683.0;3
679499;;;INTARIAN_PEPPER_ROOT;XIRECS;14686.0;7
679602;;;INTARIAN_PEPPER_ROOT;XIRECS;14673.0;5
682507;;;ASH_COATED_OSMIUM;XIRECS;9993.0;10
682743;;;INTARIAN_PEPPER_ROOT;XIRECS;14679.0;4
683335;;;INTARIAN_PEPPER_ROOT;XIRECS;14678.0;5
683437;;;ASH_COATED_OSMIUM;XIRECS;9994.0;5
686818;;;INTARIAN_PEPPER_ROOT;XIRECS;14692.0;7
686967;;;ASH_COATED_OSMIUM;XIRECS;10010.0;10
688570;;;INTARIAN_PEPPER_ROOT;XIRECS;14694.0;5
689603;;;INTARIAN_PEPPER_ROOT;XIRECS;14688.0;8
690999;;;INTARIAN_PEPPER_ROOT;XIRECS;14697.0;5
692037;;;INTARIAN_PEPPER_ROOT;XIRECS;14701.0;7
694231;;;INTARIAN_PEPPER_ROOT;XIRECS;14682.0;7
695005;;;ASH_COATED_OSMIUM;XIRECS;10002.0;6
696163;;;INTARIAN_PEPPER_ROOT;XIRECS;14692.0;5
696496;;;INTARIAN_PEPPER_ROOT;XIRECS;14696.0;5
697721;;;ASH_COATED_OSMIUM;XIRECS;9994.0;9
698995;;;INTARIAN_PEPPER_ROOT;XIRECS;14705.0;3
699701;;;ASH_COATED_OSMIUM;XIRECS;9994.0;3
699709;;;ASH_COATED_OSMIUM;XIRECS;9994.0;6
700490;;;ASH_COATED_OSMIUM;XIRECS;10005.0;6
702916;;;INTARIAN_PEPPER_ROOT;XIRECS;14699.0;6
706548;;;ASH_COATED_OSMIUM;XIRECS;10005.0;4
708284;;;INTARIAN_PEPPER_ROOT;XIRECS;14715.0;6
708602;;;INTARIAN_PEPPER_ROOT;XIRECS;14715.0;3
710453;;;ASH_COATED_OSMIUM;XIRECS;9994.0;6
716630;;;INTARIAN_PEPPER_ROOT;XIRECS;14725.0;8
717822;;;ASH_COATED_OSMIUM;XIRECS;9994.0;5
718371;;;ASH_COATED_OSMIUM;XIRECS;9998.0;4
720682;;;ASH_COATED_OSMIUM;XIRECS;10006.0;5
723220;;;ASH_COATED_OSMIUM;XIRECS;10010.0;2
723491;;;ASH_COATED_OSMIUM;XIRECS;9994.0;6
724061;;;ASH_COATED_OSMIUM;XIRECS;10005.0;7
724384;;;INTARIAN_PEPPER_ROOT;XIRECS;14716.0;7
726641;;;INTARIAN_PEPPER_ROOT;XIRECS;14718.0;7
726755;;;ASH_COATED_OSMIUM;XIRECS;10005.0;3
726804;;;ASH_COATED_OSMIUM;XIRECS;9994.0;5
727536;;;ASH_COATED_OSMIUM;XIRECS;10006.0;6
727815;;;ASH_COATED_OSMIUM;XIRECS;10005.0;6
728130;;;ASH_COATED_OSMIUM;XIRECS;10005.0;3
729062;;;ASH_COATED_OSMIUM;XIRECS;9994.0;3
729564;;;ASH_COATED_OSMIUM;XIRECS;9989.0;2
731842;;;INTARIAN_PEPPER_ROOT;XIRECS;14737.0;4
732590;;;ASH_COATED_OSMIUM;XIRECS;10000.0;4
733967;;;INTARIAN_PEPPER_ROOT;XIRECS;14737.0;3
734697;;;INTARIAN_PEPPER_ROOT;XIRECS;14728.0;6
736271;;;ASH_COATED_OSMIUM;XIRECS;9992.0;10
736967;;;INTARIAN_PEPPER_ROOT;XIRECS;14732.0;5
737279;;;INTARIAN_PEPPER_ROOT;XIRECS;14732.0;5
738289;;;INTARIAN_PEPPER_ROOT;XIRECS;14736.0;3
738329;;;INTARIAN_PEPPER_ROOT;XIRECS;14732.0;6
739822;;;ASH_COATED_OSMIUM;XIRECS;10007.0;2
740107;;;INTARIAN_PEPPER_ROOT;XIRECS;14744.0;4
743026;;;INTARIAN_PEPPER_ROOT;XIRECS;14738.0;8
744461;;;ASH_COATED_OSMIUM;XIRECS;9997.0;6
745253;;;INTARIAN_PEPPER_ROOT;XIRECS;14753.0;6
745731;;;INTARIAN_PEPPER_ROOT;XIRECS;14739.0;4
747761;;;INTARIAN_PEPPER_ROOT;XIRECS;14740.0;4
748003;;;INTARIAN_PEPPER_ROOT;XIRECS;14742.0;7
748394;;;ASH_COATED_OSMIUM;XIRECS;9994.0;2
749262;;;ASH_COATED_OSMIUM;XIRECS;9994.0;2
749752;;;INTARIAN_PEPPER_ROOT;XIRECS;14758.0;4
751757;;;INTARIAN_PEPPER_ROOT;XIRECS;14762.0;8
752035;;;INTARIAN_PEPPER_ROOT;XIRECS;14760.0;5
752507;;;ASH_COATED_OSMIUM;XIRECS;9994.0;4
752833;;;INTARIAN_PEPPER_ROOT;XIRECS;14753.0;4
753552;;;ASH_COATED_OSMIUM;XIRECS;9994.0;3
754361;;;ASH_COATED_OSMIUM;XIRECS;10005.0;3
755479;;;INTARIAN_PEPPER_ROOT;XIRECS;14760.0;4
755907;;;ASH_COATED_OSMIUM;XIRECS;10005.0;5
756667;;;ASH_COATED_OSMIUM;XIRECS;10007.0;2
756885;;;ASH_COATED_OSMIUM;XIRECS;9994.0;7
760239;;;ASH_COATED_OSMIUM;XIRECS;10007.0;3
760392;;;INTARIAN_PEPPER_ROOT;XIRECS;14754.0;3
762635;;;INTARIAN_PEPPER_ROOT;XIRECS;14768.0;8
767347;;;ASH_COATED_OSMIUM;XIRECS;10006.0;2
767744;;;INTARIAN_PEPPER_ROOT;XIRECS;14760.0;6
768758;;;ASH_COATED_OSMIUM;XIRECS;10005.0;5
769260;;;ASH_COATED_OSMIUM;XIRECS;10005.0;5
769691;;;INTARIAN_PEPPER_ROOT;XIRECS;14777.0;5
772832;;;ASH_COATED_OSMIUM;XIRECS;10005.0;8
775289;;;INTARIAN_PEPPER_ROOT;XIRECS;14768.0;6
776041;;;ASH_COATED_OSMIUM;XIRECS;10005.0;3
778277;;;INTARIAN_PEPPER_ROOT;XIRECS;14774.0;7
782043;;;ASH_COATED_OSMIUM;XIRECS;10010.0;5
782870;;;ASH_COATED_OSMIUM;XIRECS;10006.0;4
782922;;;ASH_COATED_OSMIUM;XIRECS;9994.0;4
783151;;;INTARIAN_PEPPER_ROOT;XIRECS;14789.0;5
784280;;;ASH_COATED_OSMIUM;XIRECS;9998.0;5
785142;;;ASH_COATED_OSMIUM;XIRECS;10005.0;8
787797;;;INTARIAN_PEPPER_ROOT;XIRECS;14782.0;3
788157;;;INTARIAN_PEPPER_ROOT;XIRECS;14782.0;7
788974;;;INTARIAN_PEPPER_ROOT;XIRECS;14801.0;6
789857;;;INTARIAN_PEPPER_ROOT;XIRECS;14793.0;3
790642;;;ASH_COATED_OSMIUM;XIRECS;9996.0;6
791306;;;ASH_COATED_OSMIUM;XIRECS;9993.0;7
791480;;;ASH_COATED_OSMIUM;XIRECS;9994.0;2
791641;;;INTARIAN_PEPPER_ROOT;XIRECS;14784.0;4
794109;;;ASH_COATED_OSMIUM;XIRECS;10007.0;4
795254;;;INTARIAN_PEPPER_ROOT;XIRECS;14789.0;5
795705;;;ASH_COATED_OSMIUM;XIRECS;9993.0;10
797291;;;ASH_COATED_OSMIUM;XIRECS;9989.0;2
798260;;;INTARIAN_PEPPER_ROOT;XIRECS;14795.0;6
798539;;;INTARIAN_PEPPER_ROOT;XIRECS;14791.0;7
800310;;;ASH_COATED_OSMIUM;XIRECS;9994.0;5
802846;;;ASH_COATED_OSMIUM;XIRECS;10005.0;6
803214;;;ASH_COATED_OSMIUM;XIRECS;10005.0;2
804965;;;INTARIAN_PEPPER_ROOT;XIRECS;14810.0;3
805502;;;INTARIAN_PEPPER_ROOT;XIRECS;14798.0;6
808537;;;INTARIAN_PEPPER_ROOT;XIRECS;14804.0;5
809629;;;ASH_COATED_OSMIUM;XIRECS;10005.0;5
812865;;;ASH_COATED_OSMIUM;XIRECS;9989.0;7
814065;;;ASH_COATED_OSMIUM;XIRECS;10005.0;4
814317;;;INTARIAN_PEPPER_ROOT;XIRECS;14820.0;7
814682;;;INTARIAN_PEPPER_ROOT;XIRECS;14815.0;6
815337;;;ASH_COATED_OSMIUM;XIRECS;9994.0;2
816565;;;ASH_COATED_OSMIUM;XIRECS;9994.0;4
819482;;;INTARIAN_PEPPER_ROOT;XIRECS;14816.0;4
820490;;;ASH_COATED_OSMIUM;XIRECS;9993.0;2
823102;;;INTARIAN_PEPPER_ROOT;XIRECS;14828.0;4
824089;;;INTARIAN_PEPPER_ROOT;XIRECS;14817.0;3
825858;;;INTARIAN_PEPPER_ROOT;XIRECS;14820.0;6
827651;;;INTARIAN_PEPPER_ROOT;XIRECS;14823.0;8
827721;;;ASH_COATED_OSMIUM;XIRECS;10005.0;5
827971;;;INTARIAN_PEPPER_ROOT;XIRECS;14833.0;7
828954;;;ASH_COATED_OSMIUM;XIRECS;9993.0;9
829691;;;ASH_COATED_OSMIUM;XIRECS;9994.0;2
832320;;;ASH_COATED_OSMIUM;XIRECS;9989.0;6
832528;;;ASH_COATED_OSMIUM;XIRECS;9994.0;6
833385;;;ASH_COATED_OSMIUM;XIRECS;10006.0;6
835776;;;ASH_COATED_OSMIUM;XIRECS;10005.0;4
835953;;;ASH_COATED_OSMIUM;XIRECS;10001.0;6
836055;;;ASH_COATED_OSMIUM;XIRECS;9989.0;5
836394;;;ASH_COATED_OSMIUM;XIRECS;9993.0;3
836477;;;ASH_COATED_OSMIUM;XIRECS;10007.0;5
837688;;;ASH_COATED_OSMIUM;XIRECS;9994.0;5
841729;;;INTARIAN_PEPPER_ROOT;XIRECS;14852.0;4
843265;;;ASH_COATED_OSMIUM;XIRECS;9997.0;3
844174;;;ASH_COATED_OSMIUM;XIRECS;9994.0;6
844903;;;INTARIAN_PEPPER_ROOT;XIRECS;14853.0;3
847176;;;INTARIAN_PEPPER_ROOT;XIRECS;14857.0;4
847392;;;ASH_COATED_OSMIUM;XIRECS;10005.0;4
848648;;;INTARIAN_PEPPER_ROOT;XIRECS;14841.0;4
848803;;;ASH_COATED_OSMIUM;XIRECS;10005.0;10
850463;;;INTARIAN_PEPPER_ROOT;XIRECS;14844.0;5
850720;;;INTARIAN_PEPPER_ROOT;XIRECS;14860.0;4
851874;;;INTARIAN_PEPPER_ROOT;XIRECS;14844.0;5
851959;;;ASH_COATED_OSMIUM;XIRECS;9994.0;4
852196;;;ASH_COATED_OSMIUM;XIRECS;10005.0;5
853157;;;ASH_COATED_OSMIUM;XIRECS;10006.0;6
853944;;;INTARIAN_PEPPER_ROOT;XIRECS;14848.0;4
854260;;;INTARIAN_PEPPER_ROOT;XIRECS;14859.0;6
855138;;;ASH_COATED_OSMIUM;XIRECS;9994.0;7
855388;;;ASH_COATED_OSMIUM;XIRECS;10005.0;4
856476;;;INTARIAN_PEPPER_ROOT;XIRECS;14854.0;4
857916;;;INTARIAN_PEPPER_ROOT;XIRECS;14860.0;5
858290;;;ASH_COATED_OSMIUM;XIRECS;9994.0;5
860366;;;INTARIAN_PEPPER_ROOT;XIRECS;14869.0;5
860763;;;ASH_COATED_OSMIUM;XIRECS;10007.0;4
861863;;;INTARIAN_PEPPER_ROOT;XIRECS;14854.0;3
866523;;;ASH_COATED_OSMIUM;XIRECS;9994.0;8
866862;;;INTARIAN_PEPPER_ROOT;XIRECS;14875.0;7
867720;;;INTARIAN_PEPPER_ROOT;XIRECS;14862.0;5
867771;;;ASH_COATED_OSMIUM;XIRECS;10005.0;6
868138;;;ASH_COATED_OSMIUM;XIRECS;9994.0;6
869689;;;INTARIAN_PEPPER_ROOT;XIRECS;14876.0;7
870332;;;ASH_COATED_OSMIUM;XIRECS;9994.0;10
877334;;;ASH_COATED_OSMIUM;XIRECS;10010.0;6
879062;;;ASH_COATED_OSMIUM;XIRECS;10002.0;9
879502;;;ASH_COATED_OSMIUM;XIRECS;10010.5;3
881289;;;ASH_COATED_OSMIUM;XIRECS;9993.0;5
883142;;;ASH_COATED_OSMIUM;XIRECS;10005.0;3
884378;;;ASH_COATED_OSMIUM;XIRECS;9994.0;8
884546;;;INTARIAN_PEPPER_ROOT;XIRECS;14876.0;8
885780;;;ASH_COATED_OSMIUM;XIRECS;10006.0;6
887357;;;INTARIAN_PEPPER_ROOT;XIRECS;14893.0;7
887955;;;INTARIAN_PEPPER_ROOT;XIRECS;14897.0;3
889809;;;ASH_COATED_OSMIUM;XIRECS;9993.0;8
892629;;;INTARIAN_PEPPER_ROOT;XIRECS;14884.0;5
894181;;;ASH_COATED_OSMIUM;XIRECS;10010.0;5
894491;;;ASH_COATED_OSMIUM;XIRECS;9994.0;10
895451;;;INTARIAN_PEPPER_ROOT;XIRECS;14892.0;6
896317;;;ASH_COATED_OSMIUM;XIRECS;10005.0;5
897373;;;ASH_COATED_OSMIUM;XIRECS;10005.0;3
898159;;;ASH_COATED_OSMIUM;XIRECS;9994.0;5
901078;;;INTARIAN_PEPPER_ROOT;XIRECS;14896.0;6
903240;;;INTARIAN_PEPPER_ROOT;XIRECS;14894.0;5
905052;;;INTARIAN_PEPPER_ROOT;XIRECS;14898.0;3
905169;;;INTARIAN_PEPPER_ROOT;XIRECS;14913.0;3
905349;;;ASH_COATED_OSMIUM;XIRECS;10005.0;3
907896;;;ASH_COATED_OSMIUM;XIRECS;9994.0;7
908970;;;INTARIAN_PEPPER_ROOT;XIRECS;14914.0;3
911218;;;ASH_COATED_OSMIUM;XIRECS;9993.0;4
914352;;;INTARIAN_PEPPER_ROOT;XIRECS;14921.0;5
915471;;;INTARIAN_PEPPER_ROOT;XIRECS;14910.0;4
915969;;;ASH_COATED_OSMIUM;XIRECS;9994.0;2
919402;;;ASH_COATED_OSMIUM;XIRECS;9994.0;6
920587;;;INTARIAN_PEPPER_ROOT;XIRECS;14926.0;7
923034;;;INTARIAN_PEPPER_ROOT;XIRECS;14927.0;3
923065;;;INTARIAN_PEPPER_ROOT;XIRECS;14927.0;4
923408;;;ASH_COATED_OSMIUM;XIRECS;9994.0;6
923454;;;INTARIAN_PEPPER_ROOT;XIRECS;14928.0;6
923492;;;ASH_COATED_OSMIUM;XIRECS;9994.0;7
923728;;;INTARIAN_PEPPER_ROOT;XIRECS;14918.0;3
925472;;;ASH_COATED_OSMIUM;XIRECS;9989.0;9
925841;;;ASH_COATED_OSMIUM;XIRECS;9994.0;4
926270;;;INTARIAN_PEPPER_ROOT;XIRECS;14934.0;7
926385;;;ASH_COATED_OSMIUM;XIRECS;9994.0;6
926656;;;INTARIAN_PEPPER_ROOT;XIRECS;14929.0;5
927772;;;ASH_COATED_OSMIUM;XIRECS;10005.0;6
928049;;;INTARIAN_PEPPER_ROOT;XIRECS;14932.0;3
928590;;;ASH_COATED_OSMIUM;XIRECS;10007.0;6
928829;;;INTARIAN_PEPPER_ROOT;XIRECS;14921.0;3
929081;;;INTARIAN_PEPPER_ROOT;XIRECS;14922.0;6
929086;;;INTARIAN_PEPPER_ROOT;XIRECS;14936.0;6
932530;;;INTARIAN_PEPPER_ROOT;XIRECS;14928.0;6
934596;;;ASH_COATED_OSMIUM;XIRECS;10007.0;5
935294;;;INTARIAN_PEPPER_ROOT;XIRECS;14934.0;3
936006;;;ASH_COATED_OSMIUM;XIRECS;9994.0;4
937994;;;ASH_COATED_OSMIUM;XIRECS;9994.0;8
938389;;;ASH_COATED_OSMIUM;XIRECS;9994.0;4
938425;;;ASH_COATED_OSMIUM;XIRECS;9993.5;5
938548;;;ASH_COATED_OSMIUM;XIRECS;10006.0;6
938954;;;ASH_COATED_OSMIUM;XIRECS;10006.0;10
941160;;;ASH_COATED_OSMIUM;XIRECS;10005.0;3
942904;;;ASH_COATED_OSMIUM;XIRECS;10005.0;3
942968;;;ASH_COATED_OSMIUM;XIRECS;10005.0;5
943377;;;ASH_COATED_OSMIUM;XIRECS;10005.0;5
943653;;;ASH_COATED_OSMIUM;XIRECS;10006.0;4
944689;;;ASH_COATED_OSMIUM;XIRECS;10006.0;10
948629;;;ASH_COATED_OSMIUM;XIRECS;10006.0;8
949042;;;ASH_COATED_OSMIUM;XIRECS;10006.0;7
950341;;;ASH_COATED_OSMIUM;XIRECS;10007.0;5
953695;;;ASH_COATED_OSMIUM;XIRECS;9992.5;10
954343;;;INTARIAN_PEPPER_ROOT;XIRECS;14954.0;4
957574;;;INTARIAN_PEPPER_ROOT;XIRECS;14956.0;7
958783;;;INTARIAN_PEPPER_ROOT;XIRECS;14950.0;3
962252;;;INTARIAN_PEPPER_ROOT;XIRECS;14969.0;6
966457;;;INTARIAN_PEPPER_ROOT;XIRECS;14958.0;5
967339;;;ASH_COATED_OSMIUM;XIRECS;10006.0;4
967664;;;INTARIAN_PEPPER_ROOT;XIRECS;14964.0;6
968135;;;INTARIAN_PEPPER_ROOT;XIRECS;14973.0;3
971665;;;INTARIAN_PEPPER_ROOT;XIRECS;14979.0;4
972831;;;INTARIAN_PEPPER_ROOT;XIRECS;14966.0;4
979378;;;INTARIAN_PEPPER_ROOT;XIRECS;14968.0;4
979621;;;ASH_COATED_OSMIUM;XIRECS;10012.0;3
980865;;;ASH_COATED_OSMIUM;XIRECS;10006.0;5
982519;;;INTARIAN_PEPPER_ROOT;XIRECS;14987.0;6
983324;;;INTARIAN_PEPPER_ROOT;XIRECS;14989.0;7
984213;;;ASH_COATED_OSMIUM;XIRECS;10006.0;5
986244;;;INTARIAN_PEPPER_ROOT;XIRECS;14978.0;7
987952;;;ASH_COATED_OSMIUM;XIRECS;10006.0;5
988585;;;ASH_COATED_OSMIUM;XIRECS;10007.0;3
990215;;;INTARIAN_PEPPER_ROOT;XIRECS;14984.0;8
991627;;;INTARIAN_PEPPER_ROOT;XIRECS;14998.0;4
992660;;;ASH_COATED_OSMIUM;XIRECS;9990.0;6
994532;;;INTARIAN_PEPPER_ROOT;XIRECS;15002.0;4
996494;;;ASH_COATED_OSMIUM;XIRECS;9993.0;6
998331;;;ASH_COATED_OSMIUM;XIRECS;9994.0;5
998632;;;ASH_COATED_OSMIUM;XIRECS;9994.0;10
999064;;;INTARIAN_PEPPER_ROOT;XIRECS;15004.0;5