timestamp;buyer;seller;symbol;currency;price;quantity
710;;;INTARIAN_PEPPER_ROOT;XIRECS;16006.0;7
1973;;;ASH_COATED_OSMIUM;XIRECS;10006.0;6
3135;;;ASH_COATED_OSMIUM;XIRECS;10002.0;5
4151;;;ASH_COATED_OSMIUM;XIRECS;10006.0;6
5168;;;INTARIAN_PEPPER_ROOT;XIRECS;16012.0;3
5424;;;INTARIAN_PEPPER_ROOT;XIRECS;16013.0;5
6872;;;ASH_COATED_OSMIUM;XIRECS;10007.0;4
8206;;;INTARIAN_PEPPER_ROOT;XIRECS;16014.0;4
8466;;;INTARIAN_PEPPER_ROOT;XIRECS;16010.0;3
10697;;;INTARIAN_PEPPER_ROOT;XIRECS;16016.0;4
11485;;;ASH_COATED_OSMIUM;XIRECS;9994.0;2
13690;;;INTARIAN_PEPPER_ROOT;XIRECS;16006.0;3
16905;;;INTARIAN_PEPPER_ROOT;XIRECS;16010.0;4
17075;;;ASH_COATED_OSMIUM;XIRECS;9994.0;3
17322;;;INTARIAN_PEPPER_ROOT;XIRECS;16010.0;3
19733;;;INTARIAN_PEPPER_ROOT;XIRECS;16027.0;3
21608;;;ASH_COATED_OSMIUM;XIRECS;10006.0;3
23809;;;INTARIAN_PEPPER_ROOT;XIRECS;16017.0;5
24783;;;ASH_COATED_OSMIUM;XIRECS;10006.0;3
25693;;;ASH_COATED_OSMIUM;XIRECS;9990.0;5
26026;;;ASH_COATED_OSMIUM;XIRECS;9993.0;5
26641;;;ASH_COATED_OSMIUM;XIRECS;9994.0;3
27477;;;ASH_COATED_OSMIUM;XIRECS;9994.0;2
27702;;;INTARIAN_PEPPER_ROOT;XIRECS;16029.0;3
29464;;;ASH_COATED_OSMIUM;XIRECS;9990.0;8
30023;;;INTARIAN_PEPPER_ROOT;XIRECS;16022.0;3
31881;;;ASH_COATED_OSMIUM;XIRECS;10006.0;3
33852;;;ASH_COATED_OSMIUM;XIRECS;9994.0;2
34369;;;ASH_COATED_OSMIUM;XIRECS;9994.0;5
34870;;;ASH_COATED_OSMIUM;XIRECS;10006.0;3
35059;;;ASH_COATED_OSMIUM;XIRECS;10006.0;6
35921;;;INTARIAN_PEPPER_ROOT;XIRECS;16041.0;4
37803;;;INTARIAN_PEPPER_ROOT;XIRECS;16043.0;7
37918;;;ASH_COATED_OSMIUM;XIRECS;9994.0;3
40797;;;INTARIAN_PEPPER_ROOT;XIRECS;16046.0;3
42324;;;ASH_COATED_OSMIUM;XIRECS;9993.0;6
44108;;;ASH_COATED_OSMIUM;XIRECS;9993.5;3
44322;;;ASH_COATED_OSMIUM;XIRECS;10006.0;9
46062;;;INTARIAN_PEPPER_ROOT;XIRECS;16046.0;6
50511;;;INTARIAN_PEPPER_ROOT;XIRECS;16044.0;4
50921;;;ASH_COATED_OSMIUM;XIRECS;9993.0;4
52996;;;INTARIAN_PEPPER_ROOT;XIRECS;16050.0;5
53527;;;INTARIAN_PEPPER_ROOT;XIRECS;16059.0;3
53639;;;ASH_COATED_OSMIUM;XIRECS;9988.5;8
57351;;;ASH_COATED_OSMIUM;XIRECS;10007.0;4
58622;;;INTARIAN_PEPPER_ROOT;XIRECS;16068.0;7
59685;;;ASH_COATED_OSMIUM;XIRECS;10006.0;10
61351;;;ASH_COATED_OSMIUM;XIRECS;9998.0;6
61358;;;ASH_COATED_OSMIUM;XIRECS;9998.0;4
61567;;;ASH_COATED_OSMIUM;XIRECS;9994.0;5
61673;;;INTARIAN_PEPPER_ROOT;XIRECS;16068.0;7
62405;;;ASH_COATED_OSMIUM;XIRECS;9994.0;6
63622;;;INTARIAN_PEPPER_ROOT;XIRECS;16058.0;7
67038;;;INTARIAN_PEPPER_ROOT;XIRECS;16062.0;7
67897;;;ASH_COATED_OSMIUM;XIRECS;9994.0;3
68535;;;ASH_COATED_OSMIUM;XIRECS;10006.0;8
70176;;;INTARIAN_PEPPER_ROOT;XIRECS;16075.0;6
70982;;;ASH_COATED_OSMIUM;XIRECS;9994.0;6
71895;;;ASH_COATED_OSMIUM;XIRECS;10006.0;6
74619;;;ASH_COATED_OSMIUM;XIRECS;9994.0;3
75142;;;INTARIAN_PEPPER_ROOT;XIRECS;16070.0;7
77015;;;ASH_COATED_OSMIUM;XIRECS;10006.0;6
77477;;;ASH_COATED_OSMIUM;XIRECS;9994.0;6
81728;;;ASH_COATED_OSMIUM;XIRECS;10006.0;3
84638;;;ASH_COATED_OSMIUM;XIRECS;10010.0;5
85378;;;ASH_COATED_OSMIUM;XIRECS;9994.0;2
85770;;;INTARIAN_PEPPER_ROOT;XIRECS;16093.0;7
86237;;;INTARIAN_PEPPER_ROOT;XIRECS;16078.0;3
88407;;;ASH_COATED_OSMIUM;XIRECS;9994.0;8
89500;;;ASH_COATED_OSMIUM;XIRECS;9994.0;7
90555;;;INTARIAN_PEPPER_ROOT;XIRECS;16084.0;6
91026;;;ASH_COATED_OSMIUM;XIRECS;10007.0;2
94272;;;ASH_COATED_OSMIUM;XIRECS;10006.0;10
94284;;;ASH_COATED_OSMIUM;XIRECS;10006.0;6
96947;;;ASH_COATED_OSMIUM;XIRECS;9992.0;9
98775;;;INTARIAN_PEPPER_ROOT;XIRECS;16103.0;4
98998;;;ASH_COATED_OSMIUM;XIRECS;10006.0;6
99941;;;INTARIAN_PEPPER_ROOT;XIRECS;16091.0;5
104025;;;ASH_COATED_OSMIUM;XIRECS;10006.0;4
104861;;;ASH_COATED_OSMIUM;XIRECS;9994.0;5
105328;;;ASH_COATED_OSMIUM;XIRECS;9996.0;4
107583;;;ASH_COATED_OSMIUM;XIRECS;9994.0;6
108090;;;INTARIAN_PEPPER_ROOT;XIRECS;16111.0;5
108258;;;INTARIAN_PEPPER_ROOT;XIRECS;16112.0;4
108309;;;ASH_COATED_OSMIUM;XIRECS;9994.0;2
108985;;;INTARIAN_PEPPER_ROOT;XIRECS;16113.0;5
109232;;;INTARIAN_PEPPER_ROOT;XIRECS;16116.0;7
110550;;;INTARIAN_PEPPER_ROOT;XIRECS;16119.0;6
110591;;;ASH_COATED_OSMIUM;XIRECS;10006.0;3
111203;;;INTARIAN_PEPPER_ROOT;XIRECS;16108.0;7
114108;;;INTARIAN_PEPPER_ROOT;XIRECS;16110.0;8
114150;;;INTARIAN_PEPPER_ROOT;XIRECS;16110.0;3
114450;;;INTARIAN_PEPPER_ROOT;XIRECS;16116.0;6
114589;;;ASH_COATED_OSMIUM;XIRECS;10006.0;5
114719;;;ASH_COATED_OSMIUM;XIRECS;10006.0;3
115184;;;INTARIAN_PEPPER_ROOT;XIRECS;16119.0;4
116646;;;ASH_COATED_OSMIUM;XIRECS;10006.0;4
121309;;;ASH_COATED_OSMIUM;XIRECS;9994.0;10
124474;;;INTARIAN_PEPPER_ROOT;XIRECS;16133.0;6
126343;;;INTARIAN_PEPPER_ROOT;XIRECS;16134.0;4
128711;;;INTARIAN_PEPPER_ROOT;XIRECS;16121.0;4
129113;;;ASH_COATED_OSMIUM;XIRECS;9993.0;4
129155;;;ASH_COATED_OSMIUM;XIRECS;9993.0;5
129703;;;ASH_COATED_OSMIUM;XIRECS;10002.5;3
135203;;;ASH_COATED_OSMIUM;XIRECS;10010.0;3
135946;;;ASH_COATED_OSMIUM;XIRECS;10006.0;2
137362;;;INTARIAN_PEPPER_ROOT;XIRECS;16131.0;8
137397;;;INTARIAN_PEPPER_ROOT;XIRECS;16131.0;3
137649;;;ASH_COATED_OSMIUM;XIRECS;9994.0;7
140617;;;INTARIAN_PEPPER_ROOT;XIRECS;16136.0;6
143823;;;ASH_COATED_OSMIUM;XIRECS;10006.0;5
144844;;;ASH_COATED_OSMIUM;XIRECS;10006.0;9
145774;;;INTARIAN_PEPPER_ROOT;XIRECS;16152.0;3
145837;;;ASH_COATED_OSMIUM;XIRECS;10006.0;3
147338;;;INTARIAN_PEPPER_ROOT;XIRECS;16148.0;3
148144;;;ASH_COATED_OSMIUM;XIRECS;9994.5;6
148186;;;ASH_COATED_OSMIUM;XIRECS;9994.0;2
152045;;;ASH_COATED_OSMIUM;XIRECS;9994.0;6
152423;;;INTARIAN_PEPPER_ROOT;XIRECS;16145.0;6
153877;;;ASH_COATED_OSMIUM;XIRECS;10007.0;4
156264;;;ASH_COATED_OSMIUM;XIRECS;9990.0;5
157555;;;ASH_COATED_OSMIUM;XIRECS;9994.0;5
158933;;;INTARIAN_PEPPER_ROOT;XIRECS;16153.0;8
159704;;;ASH_COATED_OSMIUM;XIRECS;10006.0;8
159725;;;INTARIAN_PEPPER_ROOT;XIRECS;16162.0;7
160722;;;ASH_COATED_OSMIUM;XIRECS;9994.0;2
162301;;;ASH_COATED_OSMIUM;XIRECS;9994.0;2
162713;;;INTARIAN_PEPPER_ROOT;XIRECS;16174.0;4
166973;;;INTARIAN_PEPPER_ROOT;XIRECS;16163.0;8
168336;;;INTARIAN_PEPPER_ROOT;XIRECS;16175.0;7
168399;;;ASH_COATED_OSMIUM;XIRECS;9994.0;2
169126;;;ASH_COATED_OSMIUM;XIRECS;9994.0;3
170741;;;INTARIAN_PEPPER_ROOT;XIRECS;16156.0;6
171598;;;ASH_COATED_OSMIUM;XIRECS;9990.0;5
172666;;;ASH_COATED_OSMIUM;XIRECS;9993.0;3
172977;;;INTARIAN_PEPPER_ROOT;XIRECS;16175.0;4
173171;;;ASH_COATED_OSMIUM;XIRECS;10006.0;3
174137;;;INTARIAN_PEPPER_ROOT;XIRECS;16164.0;5
178205;;;ASH_COATED_OSMIUM;XIRECS;9994.0;5
179759;;;INTARIAN_PEPPER_ROOT;XIRECS;16173.0;4
180718;;;INTARIAN_PEPPER_ROOT;XIRECS;16173.0;6
181270;;;ASH_COATED_OSMIUM;XIRECS;10010.0;6
181366;;;ASH_COATED_OSMIUM;XIRECS;10006.0;2
184538;;;ASH_COATED_OSMIUM;XIRECS;10007.0;2
184599;;;INTARIAN_PEPPER_ROOT;XIRECS;16178.0;7
184875;;;ASH_COATED_OSMIUM;XIRECS;10006.0;2
185138;;;INTARIAN_PEPPER_ROOT;XIRECS;16191.0;5
186013;;;ASH_COATED_OSMIUM;XIRECS;10006.0;6
186950;;;ASH_COATED_OSMIUM;XIRECS;10007.0;2
188407;;;ASH_COATED_OSMIUM;XIRECS;9994.0;3
188434;;;INTARIAN_PEPPER_ROOT;XIRECS;16187.0;3
191066;;;ASH_COATED_OSMIUM;XIRECS;9996.0;3
192586;;;ASH_COATED_OSMIUM;XIRECS;9993.0;4
193291;;;ASH_COATED_OSMIUM;XIRECS;10012.0;3
194329;;;INTARIAN_PEPPER_ROOT;XIRECS;16202.0;3
197207;;;ASH_COATED_OSMIUM;XIRECS;10002.0;5
197958;;;ASH_COATED_OSMIUM;XIRECS;9994.0;4
198602;;;ASH_COATED_OSMIUM;XIRECS;9994.0;2
203391;;;ASH_COATED_OSMIUM;XIRECS;10007.0;5
204335;;;INTARIAN_PEPPER_ROOT;XIRECS;16213.0;5
204502;;;ASH_COATED_OSMIUM;XIRECS;10006.0;6
205352;;;ASH_COATED_OSMIUM;XIRECS;10006.0;4
205670;;;INTARIAN_PEPPER_ROOT;XIRECS;16214.0;3
207261;;;ASH_COATED_OSMIUM;XIRECS;9988.5;2
207648;;;ASH_COATED_OSMIUM;XIRECS;9994.0;10
209155;;;ASH_COATED_OSMIUM;XIRECS;9994.0;8
210299;;;ASH_COATED_OSMIUM;XIRECS;9998.0;6
210693;;;INTARIAN_PEPPER_ROOT;XIRECS;16217.0;5
213579;;;INTARIAN_PEPPER_ROOT;XIRECS;16206.0;4
213732;;;ASH_COATED_OSMIUM;XIRECS;10003.0;7
214498;;;INTARIAN_PEPPER_ROOT;XIRECS;16208.0;7
216702;;;INTARIAN_PEPPER_ROOT;XIRECS;16217.0;3
220139;;;ASH_COATED_OSMIUM;XIRECS;10008.0;8
220502;;;INTARIAN_PEPPER_ROOT;XIRECS;16216.0;6
220982;;;ASH_COATED_OSMIUM;XIRECS;10000.0;5
223242;;;INTARIAN_PEPPER_ROOT;XIRECS;16216.0;7
224398;;;INTARIAN_PEPPER_ROOT;XIRECS;16230.0;4
227535;;;ASH_COATED_OSMIUM;XIRECS;10006.0;5
228682;;;ASH_COATED_OSMIUM;XIRECS;9990.0;6
228792;;;ASH_COATED_OSMIUM;XIRECS;9994.0;3
230090;;;INTARIAN_PEPPER_ROOT;XIRECS;16235.0;3
230235;;;ASH_COATED_OSMIUM;XIRECS;9993.0;4
230313;;;INTARIAN_PEPPER_ROOT;XIRECS;16238.0;4
230787;;;ASH_COATED_OSMIUM;XIRECS;9990.0;4
231625;;;ASH_COATED_OSMIUM;XIRECS;9994.0;3
232072;;;ASH_COATED_OSMIUM;XIRECS;10005.0;5
233253;;;ASH_COATED_OSMIUM;XIRECS;9994.0;5
234906;;;ASH_COATED_OSMIUM;XIRECS;10012.0;4
234918;;;ASH_COATED_OSMIUM;XIRECS;10012.0;5
238490;;;INTARIAN_PEPPER_ROOT;XIRECS;16246.0;6
238521;;;ASH_COATED_OSMIUM;XIRECS;9994.0;3
239853;;;ASH_COATED_OSMIUM;XIRECS;10006.0;5
241092;;;ASH_COATED_OSMIUM;XIRECS;9990.0;5
241136;;;INTARIAN_PEPPER_ROOT;XIRECS;16240.0;4
241346;;;INTARIAN_PEPPER_ROOT;XIRECS;16236.0;3
241376;;;ASH_COATED_OSMIUM;XIRECS;9989.5;8
243465;;;ASH_COATED_OSMIUM;XIRECS;10006.0;9
244641;;;ASH_COATED_OSMIUM;XIRECS;9988.0;2
244714;;;INTARIAN_PEPPER_ROOT;XIRECS;16256.0;6
248105;;;INTARIAN_PEPPER_ROOT;XIRECS;16244.0;4
248859;;;ASH_COATED_OSMIUM;XIRECS;9994.0;5
248933;;;INTARIAN_PEPPER_ROOT;XIRECS;16242.0;4
248959;;;INTARIAN_PEPPER_ROOT;XIRECS;16242.0;7
251146;;;ASH_COATED_OSMIUM;XIRECS;9994.0;2
252227;;;INTARIAN_PEPPER_ROOT;XIRECS;16258.0;6
252414;;;INTARIAN_PEPPER_ROOT;XIRECS;16262.0;6
252964;;;ASH_COATED_OSMIUM;XIRECS;10012.0;5
254231;;;ASH_COATED_OSMIUM;XIRECS;10006.0;6
255443;;;ASH_COATED_OSMIUM;XIRECS;9994.0;9
257931;;;ASH_COATED_OSMIUM;XIRECS;10003.0;4
259106;;;ASH_COATED_OSMIUM;XIRECS;10006.0;5
259245;;;ASH_COATED_OSMIUM;XIRECS;9994.0;7
262696;;;INTARIAN_PEPPER_ROOT;XIRECS;16257.0;5
265300;;;ASH_COATED_OSMIUM;XIRECS;10010.5;5
267315;;;INTARIAN_PEPPER_ROOT;XIRECS;16265.0;7
267510;;;ASH_COATED_OSMIUM;XIRECS;10006.0;8
273166;;;ASH_COATED_OSMIUM;XIRECS;9994.0;2
276804;;;ASH_COATED_OSMIUM;XIRECS;9994.0;5
277660;;;ASH_COATED_OSMIUM;XIRECS;10006.0;6
280668;;;ASH_COATED_OSMIUM;XIRECS;10006.0;6
281730;;;ASH_COATED_OSMIUM;XIRECS;9994.0;9
282190;;;ASH_COATED_OSMIUM;XIRECS;9993.0;4
282727;;;ASH_COATED_OSMIUM;XIRECS;10006.0;5
283341;;;INTARIAN_PEPPER_ROOT;XIRECS;16280.0;3
284138;;;ASH_COATED_OSMIUM;XIRECS;9994.0;6
285173;;;ASH_COATED_OSMIUM;XIRECS;10006.0;2
285233;;;INTARIAN_PEPPER_ROOT;XIRECS;16290.0;6
286652;;;ASH_COATED_OSMIUM;XIRECS;10007.0;6
288240;;;ASH_COATED_OSMIUM;XIRECS;9994.0;10
289696;;;INTARIAN_PEPPER_ROOT;XIRECS;16287.0;3
292137;;;ASH_COATED_OSMIUM;XIRECS;10010.0;8
296288;;;ASH_COATED_OSMIUM;XIRECS;9994.0;4
298019;;;ASH_COATED_OSMIUM;XIRECS;9994.0;2
298201;;;INTARIAN_PEPPER_ROOT;XIRECS;16294.0;4
298210;;;INTARIAN_PEPPER_ROOT;XIRECS;16294.0;4
299376;;;INTARIAN_PEPPER_ROOT;XIRECS;16304.0;4
300337;;;ASH_COATED_OSMIUM;XIRECS;9994.0;5
300624;;;ASH_COATED_OSMIUM;XIRECS;9994.0;4
302067;;;ASH_COATED_OSMIUM;XIRECS;10003.0;4
303020;;;ASH_COATED_OSMIUM;XIRECS;9994.0;3
303021;;;ASH_COATED_OSMIUM;XIRECS;9994.0;3
305370;;;ASH_COATED_OSMIUM;XIRECS;10006.0;9
306170;;;INTARIAN_PEPPER_ROOT;XIRECS;16312.0;3
308447;;;INTARIAN_PEPPER_ROOT;XIRECS;16317.0;7
309003;;;ASH_COATED_OSMIUM;XIRECS;10006.0;6
310598;;;INTARIAN_PEPPER_ROOT;XIRECS;16315.0;5
314412;;;INTARIAN_PEPPER_ROOT;XIRECS;16312.0;6
315831;;;INTARIAN_PEPPER_ROOT;XIRECS;16312.0;5
315987;;;ASH_COATED_OSMIUM;XIRECS;10006.0;2
316871;;;INTARIAN_PEPPER_ROOT;XIRECS;16324.0;5
317453;;;INTARIAN_PEPPER_ROOT;XIRECS;16318.0;5
319250;;;ASH_COATED_OSMIUM;XIRECS;10006.0;4
319529;;;ASH_COATED_OSMIUM;XIRECS;10006.0;8
320053;;;ASH_COATED_OSMIUM;XIRECS;9994.0;4
321174;;;ASH_COATED_OSMIUM;XIRECS;9988.5;6
321234;;;INTARIAN_PEPPER_ROOT;XIRECS;16315.0;3
321262;;;INTARIAN_PEPPER_ROOT;XIRECS;16315.0;5
322314;;;ASH_COATED_OSMIUM;XIRECS;9994.0;2
323106;;;INTARIAN_PEPPER_ROOT;XIRECS;16330.0;6
323522;;;INTARIAN_PEPPER_ROOT;XIRECS;16322.0;3
325028;;;ASH_COATED_OSMIUM;XIRECS;9994.0;7
325428;;;ASH_COATED_OSMIUM;XIRECS;10012.0;5
325686;;;INTARIAN_PEPPER_ROOT;XIRECS;16320.0;6
326578;;;ASH_COATED_OSMIUM;XIRECS;10006.0;2
327281;;;INTARIAN_PEPPER_ROOT;XIRECS;16320.0;6
329554;;;ASH_COATED_OSMIUM;XIRECS;10002.0;10
329701;;;INTARIAN_PEPPER_ROOT;XIRECS;16322.0;4
331365;;;ASH_COATED_OSMIUM;XIRECS;10006.0;2
331719;;;INTARIAN_PEPPER_ROOT;XIRECS;16337.0;6
333905;;;INTARIAN_PEPPER_ROOT;XIRECS;16341.0;7
337193;;;INTARIAN_PEPPER_ROOT;XIRECS;16338.0;4
338443;;;ASH_COATED_OSMIUM;XIRECS;9994.0;5
342729;;;ASH_COATED_OSMIUM;XIRECS;10010.5;5
343390;;;INTARIAN_PEPPER_ROOT;XIRECS;16336.0;3
348137;;;ASH_COATED_OSMIUM;XIRECS;10007.0;9
349197;;;ASH_COATED_OSMIUM;XIRECS;9993.0;8
352133;;;INTARIAN_PEPPER_ROOT;XIRECS;16346.0;3
352196;;;ASH_COATED_OSMIUM;XIRECS;10006.0;4
353810;;;INTARIAN_PEPPER_ROOT;XIRECS;16362.0;3
358681;;;INTARIAN_PEPPER_ROOT;XIRECS;16353.0;4
360076;;;ASH_COATED_OSMIUM;XIRECS;9994.0;8
360758;;;INTARIAN_PEPPER_ROOT;XIRECS;16366.0;3
364684;;;INTARIAN_PEPPER_ROOT;XIRECS;16373.0;3
364954;;;INTARIAN_PEPPER_ROOT;XIRECS;16370.0;6
365193;;;INTARIAN_PEPPER_ROOT;XIRECS;16358.0;7
365812;;;INTARIAN_PEPPER_ROOT;XIRECS;16358.0;6
366618;;;ASH_COATED_OSMIUM;XIRECS;9994.0;2
368630;;;ASH_COATED_OSMIUM;XIRECS;9994.0;8
370329;;;ASH_COATED_OSMIUM;XIRECS;9994.0;6
370571;;;INTARIAN_PEPPER_ROOT;XIRECS;16366.0;3
376874;;;ASH_COATED_OSMIUM;XIRECS;10005.5;4
378846;;;ASH_COATED_OSMIUM;XIRECS;10006.0;4
380984;;;INTARIAN_PEPPER_ROOT;XIRECS;16378.0;4
383084;;;ASH_COATED_OSMIUM;XIRECS;9994.0;6
383100;;;INTARIAN_PEPPER_ROOT;XIRECS;16377.0;4
386424;;;ASH_COATED_OSMIUM;XIRECS;9990.0;4
391606;;;ASH_COATED_OSMIUM;XIRECS;10006.0;8
394289;;;INTARIAN_PEPPER_ROOT;XIRECS;16402.0;7
395062;;;ASH_COATED_OSMIUM;XIRECS;10007.0;4
395707;;;ASH_COATED_OSMIUM;XIRECS;10006.0;10
396420;;;ASH_COATED_OSMIUM;XIRECS;9993.0;2
396824;;;ASH_COATED_OSMIUM;XIRECS;10006.0;6
401074;;;ASH_COATED_OSMIUM;XIRECS;9994.0;4
401238;;;ASH_COATED_OSMIUM;XIRECS;10006.0;7
402088;;;ASH_COATED_OSMIUM;XIRECS;9994.0;2
402367;;;INTARIAN_PEPPER_ROOT;XIRECS;16394.0;5
403654;;;ASH_COATED_OSMIUM;XIRECS;9994.0;6
406222;;;ASH_COATED_OSMIUM;XIRECS;10006.0;5
407392;;;ASH_COATED_OSMIUM;XIRECS;9994.0;2
407794;;;ASH_COATED_OSMIUM;XIRECS;10006.0;7
408057;;;INTARIAN_PEPPER_ROOT;XIRECS;16402.0;6
413558;;;ASH_COATED_OSMIUM;XIRECS;10006.0;4
415845;;;ASH_COATED_OSMIUM;XIRECS;10006.0;5
418203;;;ASH_COATED_OSMIUM;XIRECS;9994.0;6
418711;;;ASH_COATED_OSMIUM;XIRECS;9993.0;6
419079;;;ASH_COATED_OSMIUM;XIRECS;10012.0;5
419173;;;INTARIAN_PEPPER_ROOT;XIRECS;16412.0;3
419211;;;INTARIAN_PEPPER_ROOT;XIRECS;16426.0;3
419237;;;ASH_COATED_OSMIUM;XIRECS;9989.5;5
422227;;;ASH_COATED_OSMIUM;XIRECS;10006.0;2
422665;;;INTARIAN_PEPPER_ROOT;XIRECS;16428.0;3
423694;;;INTARIAN_PEPPER_ROOT;XIRECS;16427.0;5
425594;;;INTARIAN_PEPPER_ROOT;XIRECS;16434.0;3
426840;;;ASH_COATED_OSMIUM;XIRECS;10004.0;4
426904;;;INTARIAN_PEPPER_ROOT;XIRECS;16430.0;7
427878;;;ASH_COATED_OSMIUM;XIRECS;10000.0;7
428119;;;ASH_COATED_OSMIUM;XIRECS;9989.5;6
428527;;;ASH_COATED_OSMIUM;XIRECS;10006.0;6
429825;;;INTARIAN_PEPPER_ROOT;XIRECS;16433.0;6
430154;;;ASH_COATED_OSMIUM;XIRECS;10010.0;5
430155;;;INTARIAN_PEPPER_ROOT;XIRECS;16439.0;3
430657;;;ASH_COATED_OSMIUM;XIRECS;10006.0;4
431922;;;ASH_COATED_OSMIUM;XIRECS;10006.0;7
432090;;;ASH_COATED_OSMIUM;XIRECS;10010.5;7
432843;;;ASH_COATED_OSMIUM;XIRECS;10006.0;3
434766;;;INTARIAN_PEPPER_ROOT;XIRECS;16428.0;7
435825;;;ASH_COATED_OSMIUM;XIRECS;10007.0;7
439546;;;ASH_COATED_OSMIUM;XIRECS;9996.0;7
443810;;;ASH_COATED_OSMIUM;XIRECS;9989.5;3
444693;;;INTARIAN_PEPPER_ROOT;XIRECS;16440.0;5
445069;;;ASH_COATED_OSMIUM;XIRECS;10006.0;3
446446;;;ASH_COATED_OSMIUM;XIRECS;9994.0;4
447591;;;ASH_COATED_OSMIUM;XIRECS;10006.0;9
447689;;;INTARIAN_PEPPER_ROOT;XIRECS;16439.0;5
448640;;;INTARIAN_PEPPER_ROOT;XIRECS;16459.0;5
448870;;;ASH_COATED_OSMIUM;XIRECS;9994.0;5
449081;;;ASH_COATED_OSMIUM;XIRECS;9994.0;7
449948;;;INTARIAN_PEPPER_ROOT;XIRECS;16447.0;7
450463;;;ASH_COATED_OSMIUM;XIRECS;10003.0;7
450953;;;ASH_COATED_OSMIUM;XIRECS;9994.0;6
451483;;;INTARIAN_PEPPER_ROOT;XIRECS;16447.0;4
452160;;;ASH_COATED_OSMIUM;XIRECS;9994.0;2
453822;;;INTARIAN_PEPPER_ROOT;XIRECS;16448.0;6
456240;;;ASH_COATED_OSMIUM;XIRECS;9994.5;9
457131;;;INTARIAN_PEPPER_ROOT;XIRECS;16451.0;3
457920;;;ASH_COATED_OSMIUM;XIRECS;10006.0;3
460701;;;INTARIAN_PEPPER_ROOT;XIRECS;16468.0;6
461747;;;ASH_COATED_OSMIUM;XIRECS;9990.0;5
461915;;;INTARIAN_PEPPER_ROOT;XIRECS;16456.0;7
464012;;;ASH_COATED_OSMIUM;XIRECS;10006.0;10
466255;;;ASH_COATED_OSMIUM;XIRECS;10006.0;6
472020;;;INTARIAN_PEPPER_ROOT;XIRECS;16479.0;7
473260;;;ASH_COATED_OSMIUM;XIRECS;9994.0;2
474377;;;ASH_COATED_OSMIUM;XIRECS;9993.0;3
475211;;;INTARIAN_PEPPER_ROOT;XIRECS;16474.0;5
476793;;;INTARIAN_PEPPER_ROOT;XIRECS;16479.0;7
476797;;;ASH_COATED_OSMIUM;XIRECS;10006.0;2
476841;;;ASH_COATED_OSMIUM;XIRECS;10006.0;2
477032;;;INTARIAN_PEPPER_ROOT;XIRECS;16466.0;3
477576;;;ASH_COATED_OSMIUM;XIRECS;10006.0;3
478816;;;ASH_COATED_OSMIUM;XIRECS;9994.5;6
479489;;;ASH_COATED_OSMIUM;XIRECS;9994.0;6
481450;;;ASH_COATED_OSMIUM;XIRECS;9994.0;2
481557;;;INTARIAN_PEPPER_ROOT;XIRECS;16489.0;6
482650;;;INTARIAN_PEPPER_ROOT;XIRECS;16491.0;4
487973;;;INTARIAN_PEPPER_ROOT;XIRECS;16490.0;4
490535;;;ASH_COATED_OSMIUM;XIRECS;10006.0;5
490705;;;ASH_COATED_OSMIUM;XIRECS;9994.0;10
490743;;;ASH_COATED_OSMIUM;XIRECS;9994.0;7
492196;;;ASH_COATED_OSMIUM;XIRECS;10007.0;2
493154;;;INTARIAN_PEPPER_ROOT;XIRECS;16504.0;6
495303;;;ASH_COATED_OSMIUM;XIRECS;9994.0;6
495499;;;INTARIAN_PEPPER_ROOT;XIRECS;16502.0;4
497715;;;INTARIAN_PEPPER_ROOT;XIRECS;16501.0;3
499585;;;ASH_COATED_OSMIUM;XIRECS;10011.5;2
502534;;;INTARIAN_PEPPER_ROOT;XIRECS;16493.0;4
502662;;;ASH_COATED_OSMIUM;XIRECS;9994.0;5
503912;;;INTARIAN_PEPPER_ROOT;XIRECS;16511.0;7
503947;;;ASH_COATED_OSMIUM;XIRECS;10006.0;6
503989;;;ASH_COATED_OSMIUM;XIRECS;10006.0;3
504417;;;ASH_COATED_OSMIUM;XIRECS;10006.0;9
505658;;;ASH_COATED_OSMIUM;XIRECS;9994.0;8
505748;;;ASH_COATED_OSMIUM;XIRECS;10006.0;8
506769;;;ASH_COATED_OSMIUM;XIRECS;9993.0;3
507514;;;ASH_COATED_OSMIUM;XIRECS;9996.0;4
512819;;;ASH_COATED_OSMIUM;XIRECS;10006.0;7
515098;;;INTARIAN_PEPPER_ROOT;XIRECS;16522.0;6
515371;;;ASH_COATED_OSMIUM;XIRECS;9992.0;5
515392;;;INTARIAN_PEPPER_ROOT;XIRECS;16519.0;3
515440;;;INTARIAN_PEPPER_ROOT;XIRECS;16510.0;7
517826;;;INTARIAN_PEPPER_ROOT;XIRECS;16520.0;6
518027;;;ASH_COATED_OSMIUM;XIRECS;9994.0;4
520756;;;INTARIAN_PEPPER_ROOT;XIRECS;16529.0;3
521320;;;ASH_COATED_OSMIUM;XIRECS;10007.0;10
523099;;;INTARIAN_PEPPER_ROOT;XIRECS;16515.0;5
523522;;;INTARIAN_PEPPER_ROOT;XIRECS;16516.0;4
523870;;;ASH_COATED_OSMIUM;XIRECS;10006.0;3
529001;;;ASH_COATED_OSMIUM;XIRECS;10006.0;6
529367;;;ASH_COATED_OSMIUM;XIRECS;10006.0;2
529957;;;INTARIAN_PEPPER_ROOT;XIRECS;16524.0;4
532256;;;ASH_COATED_OSMIUM;XIRECS;9994.0;3
533144;;;INTARIAN_PEPPER_ROOT;XIRECS;16529.0;5
533789;;;INTARIAN_PEPPER_ROOT;XIRECS;16538.0;4
534420;;;ASH_COATED_OSMIUM;XIRECS;10007.0;4
535129;;;ASH_COATED_OSMIUM;XIRECS;10006.0;2
535674;;;ASH_COATED_OSMIUM;XIRECS;10006.0;6
536308;;;ASH_COATED_OSMIUM;XIRECS;10006.0;4
536834;;;ASH_COATED_OSMIUM;XIRECS;9994.0;2
536917;;;INTARIAN_PEPPER_ROOT;XIRECS;16533.0;4
538087;;;ASH_COATED_OSMIUM;XIRECS;10010.5;3
539233;;;ASH_COATED_OSMIUM;XIRECS;9994.0;5
542279;;;ASH_COATED_OSMIUM;XIRECS;9990.0;6
542281;;;ASH_COATED_OSMIUM;XIRECS;10006.0;6
544143;;;ASH_COATED_OSMIUM;XIRECS;10006.0;4
545839;;;ASH_COATED_OSMIUM;XIRECS;10010.0;5
546393;;;ASH_COATED_OSMIUM;XIRECS;10006.0;3
546902;;;ASH_COATED_OSMIUM;XIRECS;10007.0;9
547290;;;ASH_COATED_OSMIUM;XIRECS;10010.0;3
547310;;;ASH_COATED_OSMIUM;XIRECS;9994.0;2
548465;;;INTARIAN_PEPPER_ROOT;XIRECS;16552.0;7
548840;;;ASH_COATED_OSMIUM;XIRECS;10006.0;5
550481;;;ASH_COATED_OSMIUM;XIRECS;10010.0;4
551811;;;ASH_COATED_OSMIUM;XIRECS;10006.0;2
552904;;;INTARIAN_PEPPER_ROOT;XIRECS;16562.0;3
553686;;;INTARIAN_PEPPER_ROOT;XIRECS;16560.0;6
556711;;;ASH_COATED_OSMIUM;XIRECS;10006.0;5
560133;;;INTARIAN_PEPPER_ROOT;XIRECS;16552.0;5
561354;;;INTARIAN_PEPPER_ROOT;XIRECS;16552.0;7
564758;;;ASH_COATED_OSMIUM;XIRECS;10007.0;4
565074;;;INTARIAN_PEPPER_ROOT;XIRECS;16572.0;4
565534;;;ASH_COATED_OSMIUM;XIRECS;9994.0;9
566786;;;INTARIAN_PEPPER_ROOT;XIRECS;16575.0;5
570347;;;ASH_COATED_OSMIUM;XIRECS;10006.0;3
570932;;;INTARIAN_PEPPER_ROOT;XIRECS;16577.0;6
572455;;;ASH_COATED_OSMIUM;XIRECS;10007.0;4
572878;;;ASH_COATED_OSMIUM;XIRECS;10010.5;8
573796;;;ASH_COATED_OSMIUM;XIRECS;9998.0;5
573846;;;INTARIAN_PEPPER_ROOT;XIRECS;16565.0;4
576001;;;ASH_COATED_OSMIUM;XIRECS;9994.0;6
578855;;;ASH_COATED_OSMIUM;XIRECS;10006.0;10
582277;;;ASH_COATED_OSMIUM;XIRECS;10006.0;7
583288;;;INTARIAN_PEPPER_ROOT;XIRECS;16589.0;6
586836;;;INTARIAN_PEPPER_ROOT;XIRECS;16594.0;6
587476;;;ASH_COATED_OSMIUM;XIRECS;9994.0;9
587554;;;ASH_COATED_OSMIUM;XIRECS;9994.0;7
587850;;;INTARIAN_PEPPER_ROOT;XIRECS;16592.0;6
589831;;;ASH_COATED_OSMIUM;XIRECS;10006.0;5
591080;;;ASH_COATED_OSMIUM;XIRECS;10006.0;5
591497;;;INTARIAN_PEPPER_ROOT;XIRECS;16584.0;4
592200;;;INTARIAN_PEPPER_ROOT;XIRECS;16586.0;6
592613;;;INTARIAN_PEPPER_ROOT;XIRECS;16595.0;3
597246;;;ASH_COATED_OSMIUM;XIRECS;9994.0;3
599965;;;ASH_COATED_OSMIUM;XIRECS;9994.0;8
600898;;;ASH_COATED_OSMIUM;XIRECS;10006.0;10
604135;;;INTARIAN_PEPPER_ROOT;XIRECS;16613.0;6
604761;;;INTARIAN_PEPPER_ROOT;XIRECS;16598.0;6
605288;;;ASH_COATED_OSMIUM;XIRECS;10006.0;5
608080;;;INTARIAN_PEPPER_ROOT;XIRECS;16614.0;3
608458;;;ASH_COATED_OSMIUM;XIRECS;9994.0;5
608568;;;INTARIAN_PEPPER_ROOT;XIRECS;16603.0;3
612398;;;ASH_COATED_OSMIUM;XIRECS;10008.0;5
614799;;;INTARIAN_PEPPER_ROOT;XIRECS;16612.0;6
616731;;;INTARIAN_PEPPER_ROOT;XIRECS;16623.0;7
619440;;;ASH_COATED_OSMIUM;XIRECS;9994.0;6
619611;;;INTARIAN_PEPPER_ROOT;XIRECS;16627.0;6
619766;;;ASH_COATED_OSMIUM;XIRECS;9994.0;4
620423;;;ASH_COATED_OSMIUM;XIRECS;10006.0;8
621043;;;INTARIAN_PEPPER_ROOT;XIRECS;16614.0;6
623758;;;ASH_COATED_OSMIUM;XIRECS;10006.0;9
624652;;;ASH_COATED_OSMIUM;XIRECS;9994.0;4
628879;;;INTARIAN_PEPPER_ROOT;XIRECS;16623.0;4
631630;;;INTARIAN_PEPPER_ROOT;XIRECS;16626.0;7
634822;;;INTARIAN_PEPPER_ROOT;XIRECS;16639.0;4
635715;;;ASH_COATED_OSMIUM;XIRECS;10002.0;4
636109;;;INTARIAN_PEPPER_ROOT;XIRECS;16628.0;4
636501;;;ASH_COATED_OSMIUM;XIRECS;9993.0;6
637410;;;INTARIAN_PEPPER_ROOT;XIRECS;16641.0;4
637797;;;INTARIAN_PEPPER_ROOT;XIRECS;16629.0;7
638044;;;ASH_COATED_OSMIUM;XIRECS;10006.0;4
639066;;;INTARIAN_PEPPER_ROOT;XIRECS;16632.0;6
640125;;;ASH_COATED_OSMIUM;XIRECS;10006.0;8
645918;;;INTARIAN_PEPPER_ROOT;XIRECS;16643.0;5
646066;;;INTARIAN_PEPPER_ROOT;XIRECS;16640.0;6
647494;;;INTARIAN_PEPPER_ROOT;XIRECS;16646.0;3
649075;;;INTARIAN_PEPPER_ROOT;XIRECS;16644.0;4
650013;;;ASH_COATED_OSMIUM;XIRECS;9994.0;4
650076;;;ASH_COATED_OSMIUM;XIRECS;9994.0;8
651029;;;ASH_COATED_OSMIUM;XIRECS;9994.0;8
652794;;;ASH_COATED_OSMIUM;XIRECS;9993.0;2
654228;;;ASH_COATED_OSMIUM;XIRECS;9994.0;5
654965;;;ASH_COATED_OSMIUM;XIRECS;10006.0;6
656635;;;INTARIAN_PEPPER_ROOT;XIRECS;16652.0;7
657202;;;INTARIAN_PEPPER_ROOT;XIRECS;16662.0;5
657476;;;ASH_COATED_OSMIUM;XIRECS;10006.0;2
658327;;;INTARIAN_PEPPER_ROOT;XIRECS;16665.0;6
658862;;;ASH_COATED_OSMIUM;XIRECS;10006.0;6
659028;;;ASH_COATED_OSMIUM;XIRECS;10010.5;10
659032;;;ASH_COATED_OSMIUM;XIRECS;9994.5;4
660953;;;INTARIAN_PEPPER_ROOT;XIRECS;16670.0;7
661244;;;ASH_COATED_OSMIUM;XIRECS;10010.5;6
664073;;;INTARIAN_PEPPER_ROOT;XIRECS;16654.0;5
664388;;;INTARIAN_PEPPER_ROOT;XIRECS;16666.0;5
665776;;;ASH_COATED_OSMIUM;XIRECS;10007.0;3
667279;;;ASH_COATED_OSMIUM;XIRECS;10005.5;6
667360;;;INTARIAN_PEPPER_ROOT;XIRECS;16673.0;3
668812;;;INTARIAN_PEPPER_ROOT;XIRECS;16668.0;4
670194;;;ASH_COATED_OSMIUM;XIRECS;9989.5;2
670900;;;ASH_COATED_OSMIUM;XIRECS;10006.0;7
671104;;;INTARIAN_PEPPER_ROOT;XIRECS;16686.0;4
673183;;;ASH_COATED_OSMIUM;XIRECS;9994.0;2
673340;;;ASH_COATED_OSMIUM;XIRECS;10006.0;5
674246;;;ASH_COATED_OSMIUM;XIRECS;10006.0;3
674276;;;ASH_COATED_OSMIUM;XIRECS;10005.5;2
674880;;;ASH_COATED_OSMIUM;XIRECS;10007.0;7
679199;;;ASH_COATED_OSMIUM;XIRECS;10007.0;6
679610;;;ASH_COATED_OSMIUM;XIRECS;9992.5;5
680409;;;ASH_COATED_OSMIUM;XIRECS;10012.0;3
681915;;;ASH_COATED_OSMIUM;XIRECS;10000.0;6
684430;;;ASH_COATED_OSMIUM;XIRECS;9993.0;6
684776;;;ASH_COATED_OSMIUM;XIRECS;10005.5;2
686383;;;ASH_COATED_OSMIUM;XIRECS;10005.0;3
687293;;;INTARIAN_PEPPER_ROOT;XIRECS;16691.0;4
691001;;;INTARIAN_PEPPER_ROOT;XIRECS;16695.0;5
691851;;;INTARIAN_PEPPER_ROOT;XIRECS;16688.0;4
694917;;;INTARIAN_PEPPER_ROOT;XIRECS;16699.0;5
696313;;;ASH_COATED_OSMIUM;XIRECS;10003.0;3
697010;;;ASH_COATED_OSMIUM;XIRECS;9994.0;2
697754;;;INTARIAN_PEPPER_ROOT;XIRECS;16690.0;7
697985;;;ASH_COATED_OSMIUM;XIRECS;10006.0;2
698432;;;INTARIAN_PEPPER_ROOT;XIRECS;16690.0;6
702090;;;ASH_COATED_OSMIUM;XIRECS;10007.0;8
702868;;;INTARIAN_PEPPER_ROOT;XIRECS;16714.0;5
704514;;;INTARIAN_PEPPER_ROOT;XIRECS;16708.0;6
705968;;;ASH_COATED_OSMIUM;XIRECS;10007.0;9
706251;;;INTARIAN_PEPPER_ROOT;XIRECS;16713.0;4
707934;;;ASH_COATED_OSMIUM;XIRECS;10008.0;4
711671;;;INTARIAN_PEPPER_ROOT;XIRECS;16717.0;4
712667;;;ASH_COATED_OSMIUM;XIRECS;9994.0;3
714880;;;ASH_COATED_OSMIUM;XIRECS;9994.5;8
715302;;;ASH_COATED_OSMIUM;XIRECS;9994.0;3
716862;;;INTARIAN_PEPPER_ROOT;XIRECS;16710.0;5
718591;;;ASH_COATED_OSMIUM;XIRECS;10006.0;3
720571;;;ASH_COATED_OSMIUM;XIRECS;9993.5;6
722557;;;ASH_COATED_OSMIUM;XIRECS;9994.0;6
724429;;;ASH_COATED_OSMIUM;XIRECS;10006.0;5
725692;;;INTARIAN_PEPPER_ROOT;XIRECS;16722.0;7
727519;;;ASH_COATED_OSMIUM;XIRECS;9994.0;5
732229;;;INTARIAN_PEPPER_ROOT;XIRECS;16724.0;8
734440;;;ASH_COATED_OSMIUM;XIRECS;9994.0;3
735293;;;ASH_COATED_OSMIUM;XIRECS;9994.0;6
736217;;;INTARIAN_PEPPER_ROOT;XIRECS;16743.0;4
737083;;;INTARIAN_PEPPER_ROOT;XIRECS;16740.0;4
739391;;;INTARIAN_PEPPER_ROOT;XIRECS;16746.0;6
740198;;;INTARIAN_PEPPER_ROOT;XIRECS;16736.0;6
741393;;;ASH_COATED_OSMIUM;XIRECS;9994.0;10
741758;;;INTARIAN_PEPPER_ROOT;XIRECS;16746.0;3
741947;;;ASH_COATED_OSMIUM;XIRECS;10005.5;3
742500;;;INTARIAN_PEPPER_ROOT;XIRECS;16750.0;6
743318;;;ASH_COATED_OSMIUM;XIRECS;9994.0;10
743848;;;ASH_COATED_OSMIUM;XIRECS;9994.0;4
748864;;;ASH_COATED_OSMIUM;XIRECS;10006.0;5
748917;;;ASH_COATED_OSMIUM;XIRECS;10007.0;6
751026;;;INTARIAN_PEPPER_ROOT;XIRECS;16758.0;7
753954;;;ASH_COATED_OSMIUM;XIRECS;10006.0;4
754526;;;ASH_COATED_OSMIUM;XIRECS;9994.0;3
756614;;;ASH_COATED_OSMIUM;XIRECS;9994.0;10
758102;;;INTARIAN_PEPPER_ROOT;XIRECS;16762.0;5
758141;;;ASH_COATED_OSMIUM;XIRECS;9993.0;5
760227;;;INTARIAN_PEPPER_ROOT;XIRECS;16758.0;7
761647;;;ASH_COATED_OSMIUM;XIRECS;9994.0;3
762206;;;ASH_COATED_OSMIUM;XIRECS;10006.0;7
763344;;;ASH_COATED_OSMIUM;XIRECS;10006.0;10
763531;;;INTARIAN_PEPPER_ROOT;XIRECS;16760.0;7
763940;;;ASH_COATED_OSMIUM;XIRECS;9993.0;5
764892;;;ASH_COATED_OSMIUM;XIRECS;10003.0;3
766426;;;ASH_COATED_OSMIUM;XIRECS;10006.0;2
767182;;;INTARIAN_PEPPER_ROOT;XIRECS;16762.0;3
767270;;;INTARIAN_PEPPER_ROOT;XIRECS;16773.0;6
768899;;;ASH_COATED_OSMIUM;XIRECS;10006.0;3
773224;;;ASH_COATED_OSMIUM;XIRECS;9994.0;5
773874;;;INTARIAN_PEPPER_ROOT;XIRECS;16777.0;3
774870;;;ASH_COATED_OSMIUM;XIRECS;9993.0;5
775325;;;ASH_COATED_OSMIUM;XIRECS;10006.0;6
775518;;;INTARIAN_PEPPER_ROOT;XIRECS;16781.0;7
776649;;;ASH_COATED_OSMIUM;XIRECS;9994.0;5
778042;;;ASH_COATED_OSMIUM;XIRECS;10006.0;6
778578;;;ASH_COATED_OSMIUM;XIRECS;10006.0;5
778901;;;ASH_COATED_OSMIUM;XIRECS;10006.0;8
779401;;;INTARIAN_PEPPER_ROOT;XIRECS;16780.0;6
782177;;;INTARIAN_PEPPER_ROOT;XIRECS;16774.0;5
782529;;;ASH_COATED_OSMIUM;XIRECS;10006.0;5
782721;;;INTARIAN_PEPPER_ROOT;XIRECS;16784.0;3
783282;;;ASH_COATED_OSMIUM;XIRECS;9993.0;6
783556;;;INTARIAN_PEPPER_ROOT;XIRECS;16782.0;3
785596;;;INTARIAN_PEPPER_ROOT;XIRECS;16778.0;4
786385;;;ASH_COATED_OSMIUM;XIRECS;10011.0;3
786912;;;INTARIAN_PEPPER_ROOT;XIRECS;16794.0;4
787102;;;INTARIAN_PEPPER_ROOT;XIRECS;16794.0;5
787105;;;ASH_COATED_OSMIUM;XIRECS;10007.0;7
788153;;;INTARIAN_PEPPER_ROOT;XIRECS;16780.0;5
788661;;;INTARIAN_PEPPER_ROOT;XIRECS;16778.0;4
790016;;;INTARIAN_PEPPER_ROOT;XIRECS;16801.0;3
790074;;;ASH_COATED_OSMIUM;XIRECS;9994.0;3
791696;;;ASH_COATED_OSMIUM;XIRECS;10006.0;3
792997;;;INTARIAN_PEPPER_ROOT;XIRECS;16796.0;6
798403;;;INTARIAN_PEPPER_ROOT;XIRECS;16805.0;6
799693;;;ASH_COATED_OSMIUM;XIRECS;9994.5;2
800732;;;INTARIAN_PEPPER_ROOT;XIRECS;16805.0;3
804176;;;ASH_COATED_OSMIUM;XIRECS;9990.0;5
804724;;;INTARIAN_PEPPER_ROOT;XIRECS;16810.0;4
804856;;;ASH_COATED_OSMIUM;XIRECS;9994.0;2
804986;;;ASH_COATED_OSMIUM;XIRECS;10006.0;3
805367;;;INTARIAN_PEPPER_ROOT;XIRECS;16814.0;7
808610;;;ASH_COATED_OSMIUM;XIRECS;9994.0;3
811316;;;ASH_COATED_OSMIUM;XIRECS;10006.0;7
814228;;;INTARIAN_PEPPER_ROOT;XIRECS;16815.0;7
814576;;;INTARIAN_PEPPER_ROOT;XIRECS;16823.0;6
815659;;;ASH_COATED_OSMIUM;XIRECS;10006.0;6
818215;;;INTARIAN_PEPPER_ROOT;XIRECS;16818.0;3
818237;;;INTARIAN_PEPPER_ROOT;XIRECS;16838.0;6
819383;;;ASH_COATED_OSMIUM;XIRECS;9993.0;6
819540;;;INTARIAN_PEPPER_ROOT;XIRECS;16817.0;3
821397;;;ASH_COATED_OSMIUM;XIRECS;9994.0;9
822084;;;ASH_COATED_OSMIUM;XIRECS;10006.0;3
824882;;;ASH_COATED_OSMIUM;XIRECS;10006.0;3
825043;;;INTARIAN_PEPPER_ROOT;XIRECS;16820.0;8
827210;;;ASH_COATED_OSMIUM;XIRECS;10012.0;9
827467;;;ASH_COATED_OSMIUM;XIRECS;10010.5;2
827525;;;ASH_COATED_OSMIUM;XIRECS;9998.0;6
829571;;;INTARIAN_PEPPER_ROOT;XIRECS;16837.0;5
830186;;;ASH_COATED_OSMIUM;XIRECS;9993.0;7
830766;;;ASH_COATED_OSMIUM;XIRECS;10006.0;5
830936;;;INTARIAN_PEPPER_ROOT;XIRECS;16836.0;4
832526;;;INTARIAN_PEPPER_ROOT;XIRECS;16839.0;3
833600;;;ASH_COATED_OSMIUM;XIRECS;10002.0;9
833628;;;ASH_COATED_OSMIUM;XIRECS;10002.0;5
834411;;;ASH_COATED_OSMIUM;XIRECS;9994.0;3
835009;;;ASH_COATED_OSMIUM;XIRECS;9994.0;2
835762;;;ASH_COATED_OSMIUM;XIRECS;10006.0;5
835895;;;INTARIAN_PEPPER_ROOT;XIRECS;16834.0;4
836339;;;INTARIAN_PEPPER_ROOT;XIRECS;16842.0;3
836585;;;ASH_COATED_OSMIUM;XIRECS;9994.0;4
837319;;;ASH_COATED_OSMIUM;XIRECS;9994.5;3
837704;;;ASH_COATED_OSMIUM;XIRECS;9993.0;6
838451;;;ASH_COATED_OSMIUM;XIRECS;9994.0;5
838568;;;ASH_COATED_OSMIUM;XIRECS;9994.0;3
839799;;;INTARIAN_PEPPER_ROOT;XIRECS;16846.0;5
840187;;;ASH_COATED_OSMIUM;XIRECS;10006.0;3
841144;;;INTARIAN_PEPPER_ROOT;XIRECS;16846.0;5
841909;;;INTARIAN_PEPPER_ROOT;XIRECS;16847.0;3
842011;;;INTARIAN_PEPPER_ROOT;XIRECS;16853.0;5
844207;;;ASH_COATED_OSMIUM;XIRECS;9994.0;6
844522;;;ASH_COATED_OSMIUM;XIRECS;9990.0;3
844719;;;INTARIAN_PEPPER_ROOT;XIRECS;16851.0;8
845086;;;ASH_COATED_OSMIUM;XIRECS;9994.0;5
846399;;;ASH_COATED_OSMIUM;XIRECS;9993.0;5
851597;;;ASH_COATED_OSMIUM;XIRECS;10007.0;5
851693;;;INTARIAN_PEPPER_ROOT;XIRECS;16850.0;6
854692;;;INTARIAN_PEPPER_ROOT;XIRECS;16858.0;5
856072;;;INTARIAN_PEPPER_ROOT;XIRECS;16848.0;6
856362;;;INTARIAN_PEPPER_ROOT;XIRECS;16852.0;3
857157;;;INTARIAN_PEPPER_ROOT;XIRECS;16856.0;3
858650;;;ASH_COATED_OSMIUM;XIRECS;10010.5;3
858738;;;INTARIAN_PEPPER_ROOT;XIRECS;16853.0;6
861513;;;INTARIAN_PEPPER_ROOT;XIRECS;16858.0;7
861549;;;INTARIAN_PEPPER_ROOT;XIRECS;16858.0;5
861933;;;ASH_COATED_OSMIUM;XIRECS;10006.0;4
862131;;;INTARIAN_PEPPER_ROOT;XIRECS;16867.0;3
862836;;;ASH_COATED_OSMIUM;XIRECS;10006.0;5
863561;;;ASH_COATED_OSMIUM;XIRECS;10006.0;3
865000;;;ASH_COATED_OSMIUM;XIRECS;9994.0;6
867619;;;INTARIAN_PEPPER_ROOT;XIRECS;16858.0;5
867644;;;ASH_COATED_OSMIUM;XIRECS;10010.5;9
868569;;;ASH_COATED_OSMIUM;XIRECS;9994.0;2
872330;;;INTARIAN_PEPPER_ROOT;XIRECS;16866.0;5
878555;;;INTARIAN_PEPPER_ROOT;XIRECS;16872.0;5
880795;;;INTARIAN_PEPPER_ROOT;XIRECS;16887.0;5
880870;;;ASH_COATED_OSMIUM;XIRECS;10006.0;10
881745;;;ASH_COATED_OSMIUM;XIRECS;9994.0;6
882235;;;INTARIAN_PEPPER_ROOT;XIRECS;16878.0;6
887100;;;INTARIAN_PEPPER_ROOT;XIRECS;16886.0;7
888139;;;INTARIAN_PEPPER_ROOT;XIRECS;16896.0;7
889113;;;INTARIAN_PEPPER_ROOT;XIRECS;16897.0;5
890923;;;INTARIAN_PEPPER_ROOT;XIRECS;16880.0;4
892832;;;ASH_COATED_OSMIUM;XIRECS;10006.0;9
895652;;;ASH_COATED_OSMIUM;XIRECS;9988.0;9
896919;;;ASH_COATED_OSMIUM;XIRECS;9990.0;4
897684;;;ASH_COATED_OSMIUM;XIRECS;9994.0;3
899479;;;INTARIAN_PEPPER_ROOT;XIRECS;16900.0;5
899899;;;INTARIAN_PEPPER_ROOT;XIRECS;16892.0;7
901481;;;ASH_COATED_OSMIUM;XIRECS;9994.0;3
903351;;;ASH_COATED_OSMIUM;XIRECS;10000.0;6
903740;;;INTARIAN_PEPPER_ROOT;XIRECS;16896.0;4
903887;;;ASH_COATED_OSMIUM;XIRECS;10006.0;5
905298;;;ASH_COATED_OSMIUM;XIRECS;10006.0;2
905383;;;ASH_COATED_OSMIUM;XIRECS;10010.5;3
905595;;;ASH_COATED_OSMIUM;XIRECS;10011.5;5
905650;;;ASH_COATED_OSMIUM;XIRECS;9989.5;2
907784;;;INTARIAN_PEPPER_ROOT;XIRECS;16918.0;3
908346;;;ASH_COATED_OSMIUM;XIRECS;10010.5;8
909083;;;ASH_COATED_OSMIUM;XIRECS;9989.5;4
910536;;;INTARIAN_PEPPER_ROOT;XIRECS;16908.0;3
911396;;;INTARIAN_PEPPER_ROOT;XIRECS;16905.0;6
912742;;;INTARIAN_PEPPER_ROOT;XIRECS;16919.0;3
915801;;;ASH_COATED_OSMIUM;XIRECS;9994.0;6
917197;;;INTARIAN_PEPPER_ROOT;XIRECS;16914.0;5
918859;;;ASH_COATED_OSMIUM;XIRECS;9998.0;4
919413;;;INTARIAN_PEPPER_ROOT;XIRECS;16916.0;3
919696;;;ASH_COATED_OSMIUM;XIRECS;9994.0;4
919733;;;ASH_COATED_OSMIUM;XIRECS;9993.0;10
919957;;;INTARIAN_PEPPER_ROOT;XIRECS;16916.0;6
920216;;;ASH_COATED_OSMIUM;XIRECS;10006.0;5
920398;;;ASH_COATED_OSMIUM;XIRECS;10006.0;2
920672;;;ASH_COATED_OSMIUM;XIRECS;9993.0;2
923751;;;ASH_COATED_OSMIUM;XIRECS;9994.0;9
924571;;;ASH_COATED_OSMIUM;XIRECS;10006.0;4
924587;;;INTARIAN_PEPPER_ROOT;XIRECS;16920.0;6
925872;;;ASH_COATED_OSMIUM;XIRECS;10007.0;4
926848;;;ASH_COATED_OSMIUM;XIRECS;10006.0;4
928249;;;INTARIAN_PEPPER_ROOT;XIRECS;16922.0;5
928779;;;INTARIAN_PEPPER_ROOT;XIRECS;16924.0;6
929045;;;INTARIAN_PEPPER_ROOT;XIRECS;16922.0;5
930382;;;ASH_COATED_OSMIUM;XIRECS;9994.0;5
932293;;;ASH_COATED_OSMIUM;XIRECS;9994.0;3
933825;;;ASH_COATED_OSMIUM;XIRECS;10010.5;10
938814;;;INTARIAN_PEPPER_ROOT;XIRECS;16948.0;4
941866;;;INTARIAN_PEPPER_ROOT;XIRECS;16936.0;7
943029;;;ASH_COATED_OSMIUM;XIRECS;10007.0;6
943547;;;INTARIAN_PEPPER_ROOT;XIRECS;16953.0;4
945608;;;INTARIAN_PEPPER_ROOT;XIRECS;16944.0;5
945937;;;INTARIAN_PEPPER_ROOT;XIRECS;16943.0;6
947183;;;INTARIAN_PEPPER_ROOT;XIRECS;16943.0;3
947265;;;ASH_COATED_OSMIUM;XIRECS;10007.0;8
947971;;;ASH_COATED_OSMIUM;XIRECS;9994.0;4
948928;;;ASH_COATED_OSMIUM;XIRECS;9994.0;8
949471;;;INTARIAN_PEPPER_ROOT;XIRECS;16955.0;3
950619;;;ASH_COATED_OSMIUM;XIRECS;10013.0;2
952049;;;ASH_COATED_OSMIUM;XIRECS;9993.0;4
955334;;;ASH_COATED_OSMIUM;XIRECS;10007.0;3
957667;;;INTARIAN_PEPPER_ROOT;XIRECS;16967.0;7
957782;;;ASH_COATED_OSMIUM;XIRECS;10006.0;6
958830;;;ASH_COATED_OSMIUM;XIRECS;9990.0;9
958927;;;ASH_COATED_OSMIUM;XIRECS;10006.0;9
960587;;;INTARIAN_PEPPER_ROOT;XIRECS;16954.0;6
961719;;;ASH_COATED_OSMIUM;XIRECS;9994.0;5
964627;;;INTARIAN_PEPPER_ROOT;XIRECS;16973.0;6
965204;;;ASH_COATED_OSMIUM;XIRECS;9994.0;6
966522;;;ASH_COATED_OSMIUM;XIRECS;9994.0;3
967862;;;ASH_COATED_OSMIUM;XIRECS;9994.0;2
968067;;;ASH_COATED_OSMIUM;XIRECS;10010.5;3
969589;;;ASH_COATED_OSMIUM;XIRECS;10007.0;3
971539;;;INTARIAN_PEPPER_ROOT;XIRECS;16964.0;3
971814;;;ASH_COATED_OSMIUM;XIRECS;10006.0;3
972371;;;ASH_COATED_OSMIUM;XIRECS;10007.0;5
972583;;;ASH_COATED_OSMIUM;XIRECS;10006.0;4
972987;;;ASH_COATED_OSMIUM;XIRECS;10006.5;2
973040;;;ASH_COATED_OSMIUM;XIRECS;10006.0;9
973200;;;INTARIAN_PEPPER_ROOT;XIRECS;16965.0;6
974254;;;INTARIAN_PEPPER_ROOT;XIRECS;16970.0;3
975138;;;ASH_COATED_OSMIUM;XIRECS;10006.0;5
975447;;;ASH_COATED_OSMIUM;XIRECS;9994.0;4
975926;;;ASH_COATED_OSMIUM;XIRECS;10006.0;7
979295;;;ASH_COATED_OSMIUM;XIRECS;9994.0;2
980393;;;ASH_COATED_OSMIUM;XIRECS;9994.0;10
981653;;;INTARIAN_PEPPER_ROOT;XIRECS;16976.0;3
983585;;;ASH_COATED_OSMIUM;XIRECS;10006.0;5
984016;;;ASH_COATED_OSMIUM;XIRECS;9994.0;5
989768;;;ASH_COATED_OSMIUM;XIRECS;10006.0;9
991331;;;INTARIAN_PEPPER_ROOT;XIRECS;16982.0;5
991996;;;ASH_COATED_OSMIUM;XIRECS;10007.0;5
992371;;;ASH_COATED_OSMIUM;XIRECS;10006.0;5
993442;;;INTARIAN_PEPPER_ROOT;XIRECS;16999.0;5
993997;;;ASH_COATED_OSMIUM;XIRECS;9994.0;2
994515;;;INTARIAN_PEPPER_ROOT;XIRECS;16999.0;3