timestamp;buyer;seller;symbol;currency;price;quantity
285;;;ASH_COATED_OSMIUM;XIRECS;10005.5;5
2676;;;INTARIAN_PEPPER_ROOT;XIRECS;18000.0;4
4404;;;INTARIAN_PEPPER_ROOT;XIRECS;17998.0;7
4497;;;INTARIAN_PEPPER_ROOT;XIRECS;17998.0;4
4545;;;ASH_COATED_OSMIUM;XIRECS;9994.0;8
4805;;;ASH_COATED_OSMIUM;XIRECS;10006.0;5
5425;;;ASH_COATED_OSMIUM;XIRECS;10006.0;5
6776;;;ASH_COATED_OSMIUM;XIRECS;9990.0;5
7580;;;INTARIAN_PEPPER_ROOT;XIRECS;18002.0;5
8110;;;INTARIAN_PEPPER_ROOT;XIRECS;18009.0;3
11644;;;ASH_COATED_OSMIUM;XIRECS;9994.0;7
14878;;;ASH_COATED_OSMIUM;XIRECS;9994.0;8
16053;;;INTARIAN_PEPPER_ROOT;XIRECS;18006.0;7
16784;;;ASH_COATED_OSMIUM;XIRECS;10006.0;5
17347;;;ASH_COATED_OSMIUM;XIRECS;10007.0;2
20074;;;ASH_COATED_OSMIUM;XIRECS;9994.0;5
23341;;;INTARIAN_PEPPER_ROOT;XIRECS;18029.0;4
24193;;;INTARIAN_PEPPER_ROOT;XIRECS;18027.0;8
24964;;;ASH_COATED_OSMIUM;XIRECS;9994.0;2
26730;;;ASH_COATED_OSMIUM;XIRECS;10007.0;10
27564;;;INTARIAN_PEPPER_ROOT;XIRECS;18036.0;3
28505;;;ASH_COATED_OSMIUM;XIRECS;9994.0;2
32159;;;ASH_COATED_OSMIUM;XIRECS;9996.0;6
32223;;;INTARIAN_PEPPER_ROOT;XIRECS;18028.0;6
32990;;;ASH_COATED_OSMIUM;XIRECS;9994.0;6
34050;;;ASH_COATED_OSMIUM;XIRECS;9994.0;10
38785;;;ASH_COATED_OSMIUM;XIRECS;9990.0;7
40025;;;ASH_COATED_OSMIUM;XIRECS;10006.0;3
45552;;;ASH_COATED_OSMIUM;XIRECS;10007.0;10
49240;;;INTARIAN_PEPPER_ROOT;XIRECS;18058.0;6
49714;;;ASH_COATED_OSMIUM;XIRECS;10012.0;5
49824;;;ASH_COATED_OSMIUM;XIRECS;9994.0;6
51299;;;ASH_COATED_OSMIUM;XIRECS;10006.0;8
51405;;;ASH_COATED_OSMIUM;XIRECS;10006.0;3
52767;;;INTARIAN_PEPPER_ROOT;XIRECS;18046.0;6
53393;;;INTARIAN_PEPPER_ROOT;XIRECS;18061.0;7
53964;;;ASH_COATED_OSMIUM;XIRECS;9994.0;10
54983;;;ASH_COATED_OSMIUM;XIRECS;10006.0;6
56854;;;INTARIAN_PEPPER_ROOT;XIRECS;18063.0;6
57074;;;INTARIAN_PEPPER_ROOT;XIRECS;18052.0;6
57087;;;ASH_COATED_OSMIUM;XIRECS;10006.0;10
57824;;;ASH_COATED_OSMIUM;XIRECS;10006.0;2
59500;;;ASH_COATED_OSMIUM;XIRECS;10002.0;9
61721;;;ASH_COATED_OSMIUM;XIRECS;9994.0;4
64516;;;INTARIAN_PEPPER_ROOT;XIRECS;18068.0;6
64777;;;ASH_COATED_OSMIUM;XIRECS;10007.0;3
64919;;;INTARIAN_PEPPER_ROOT;XIRECS;18060.0;6
65096;;;ASH_COATED_OSMIUM;XIRECS;10008.0;9
66102;;;INTARIAN_PEPPER_ROOT;XIRECS;18057.0;3
69287;;;ASH_COATED_OSMIUM;XIRECS;10012.0;3
70316;;;INTARIAN_PEPPER_ROOT;XIRECS;18070.0;4
70358;;;ASH_COATED_OSMIUM;XIRECS;10006.0;4
70703;;;INTARIAN_PEPPER_ROOT;XIRECS;18082.0;3
71371;;;ASH_COATED_OSMIUM;XIRECS;10007.0;6
73951;;;ASH_COATED_OSMIUM;XIRECS;9994.0;3
76140;;;ASH_COATED_OSMIUM;XIRECS;10006.0;6
78348;;;ASH_COATED_OSMIUM;XIRECS;9994.0;7
79107;;;INTARIAN_PEPPER_ROOT;XIRECS;18073.0;6
79794;;;INTARIAN_PEPPER_ROOT;XIRECS;18071.0;7
81168;;;ASH_COATED_OSMIUM;XIRECS;10006.0;4
82386;;;ASH_COATED_OSMIUM;XIRECS;10006.0;4
83827;;;ASH_COATED_OSMIUM;XIRECS;9994.0;7
85544;;;ASH_COATED_OSMIUM;XIRECS;9993.0;3
85646;;;INTARIAN_PEPPER_ROOT;XIRECS;18079.0;5
88685;;;INTARIAN_PEPPER_ROOT;XIRECS;18084.0;5
89924;;;ASH_COATED_OSMIUM;XIRECS;10005.5;8
91309;;;ASH_COATED_OSMIUM;XIRECS;9994.0;5
91615;;;ASH_COATED_OSMIUM;XIRECS;9994.0;6
92289;;;INTARIAN_PEPPER_ROOT;XIRECS;18100.0;4
92558;;;ASH_COATED_OSMIUM;XIRECS;10006.0;3
96274;;;INTARIAN_PEPPER_ROOT;XIRECS;18101.0;7
97180;;;ASH_COATED_OSMIUM;XIRECS;10010.5;8
97204;;;ASH_COATED_OSMIUM;XIRECS;9988.5;10
97340;;;ASH_COATED_OSMIUM;XIRECS;9994.0;2
97480;;;INTARIAN_PEPPER_ROOT;XIRECS;18094.0;4
99960;;;ASH_COATED_OSMIUM;XIRECS;9994.0;6
100324;;;ASH_COATED_OSMIUM;XIRECS;9994.0;5
102173;;;ASH_COATED_OSMIUM;XIRECS;9992.0;4
103588;;;INTARIAN_PEPPER_ROOT;XIRECS;18108.0;7
103841;;;INTARIAN_PEPPER_ROOT;XIRECS;18113.0;7
104030;;;ASH_COATED_OSMIUM;XIRECS;9994.0;6
104314;;;ASH_COATED_OSMIUM;XIRECS;9994.0;4
106029;;;ASH_COATED_OSMIUM;XIRECS;10006.0;9
106332;;;INTARIAN_PEPPER_ROOT;XIRECS;18098.0;4
106697;;;INTARIAN_PEPPER_ROOT;XIRECS;18104.0;5
107488;;;INTARIAN_PEPPER_ROOT;XIRECS;18112.0;6
108710;;;INTARIAN_PEPPER_ROOT;XIRECS;18101.0;3
111950;;;ASH_COATED_OSMIUM;XIRECS;9994.0;5
112089;;;INTARIAN_PEPPER_ROOT;XIRECS;18107.0;5
112747;;;INTARIAN_PEPPER_ROOT;XIRECS;18114.0;4
113081;;;INTARIAN_PEPPER_ROOT;XIRECS;18121.0;5
113786;;;ASH_COATED_OSMIUM;XIRECS;9994.0;3
116362;;;INTARIAN_PEPPER_ROOT;XIRECS;18121.0;7
117155;;;INTARIAN_PEPPER_ROOT;XIRECS;18112.0;7
117188;;;INTARIAN_PEPPER_ROOT;XIRECS;18112.0;3
117242;;;ASH_COATED_OSMIUM;XIRECS;10006.0;3
118718;;;ASH_COATED_OSMIUM;XIRECS;10006.0;6
119912;;;INTARIAN_PEPPER_ROOT;XIRECS;18114.0;4
121549;;;INTARIAN_PEPPER_ROOT;XIRECS;18116.0;7
125608;;;INTARIAN_PEPPER_ROOT;XIRECS;18132.0;7
126942;;;INTARIAN_PEPPER_ROOT;XIRECS;18132.0;4
127110;;;ASH_COATED_OSMIUM;XIRECS;9994.0;6
130089;;;ASH_COATED_OSMIUM;XIRECS;10006.0;2
131156;;;ASH_COATED_OSMIUM;XIRECS;10006.0;3
132876;;;ASH_COATED_OSMIUM;XIRECS;10006.0;7
133461;;;INTARIAN_PEPPER_ROOT;XIRECS;18126.0;4
134703;;;INTARIAN_PEPPER_ROOT;XIRECS;18141.0;7
135506;;;ASH_COATED_OSMIUM;XIRECS;10006.0;2
139928;;;INTARIAN_PEPPER_ROOT;XIRECS;18136.0;7
141460;;;INTARIAN_PEPPER_ROOT;XIRECS;18149.0;6
142517;;;INTARIAN_PEPPER_ROOT;XIRECS;18144.0;4
143401;;;ASH_COATED_OSMIUM;XIRECS;10006.0;9
143987;;;INTARIAN_PEPPER_ROOT;XIRECS;18149.0;3
144975;;;ASH_COATED_OSMIUM;XIRECS;10006.0;3
145299;;;ASH_COATED_OSMIUM;XIRECS;9989.5;5
145966;;;ASH_COATED_OSMIUM;XIRECS;9993.0;4
146242;;;ASH_COATED_OSMIUM;XIRECS;10006.0;3
146887;;;INTARIAN_PEPPER_ROOT;XIRECS;18155.0;4
150612;;;ASH_COATED_OSMIUM;XIRECS;10006.0;4
151631;;;INTARIAN_PEPPER_ROOT;XIRECS;18161.0;3
154298;;;ASH_COATED_OSMIUM;XIRECS;9994.0;4
155466;;;ASH_COATED_OSMIUM;XIRECS;10006.0;3
156142;;;INTARIAN_PEPPER_ROOT;XIRECS;18150.0;6
156394;;;ASH_COATED_OSMIUM;XIRECS;10006.0;8
157279;;;INTARIAN_PEPPER_ROOT;XIRECS;18153.0;6
158122;;;ASH_COATED_OSMIUM;XIRECS;9994.5;8
159923;;;ASH_COATED_OSMIUM;XIRECS;10007.0;3
160361;;;ASH_COATED_OSMIUM;XIRECS;10000.0;3
164208;;;INTARIAN_PEPPER_ROOT;XIRECS;18167.0;4
164315;;;ASH_COATED_OSMIUM;XIRECS;10006.0;4
164380;;;ASH_COATED_OSMIUM;XIRECS;10006.0;2
164594;;;ASH_COATED_OSMIUM;XIRECS;9994.0;8
165948;;;ASH_COATED_OSMIUM;XIRECS;9992.0;3
169204;;;ASH_COATED_OSMIUM;XIRECS;10007.0;2
169532;;;ASH_COATED_OSMIUM;XIRECS;9994.0;6
169735;;;ASH_COATED_OSMIUM;XIRECS;9993.0;2
171381;;;ASH_COATED_OSMIUM;XIRECS;10006.0;6
172654;;;ASH_COATED_OSMIUM;XIRECS;9994.0;9
173997;;;ASH_COATED_OSMIUM;XIRECS;9994.0;7
177038;;;INTARIAN_PEPPER_ROOT;XIRECS;18183.0;6
177498;;;INTARIAN_PEPPER_ROOT;XIRECS;18170.0;7
177832;;;ASH_COATED_OSMIUM;XIRECS;9994.0;8
178131;;;ASH_COATED_OSMIUM;XIRECS;9994.0;7
178625;;;ASH_COATED_OSMIUM;XIRECS;10010.0;3
181134;;;INTARIAN_PEPPER_ROOT;XIRECS;18187.0;3
181584;;;ASH_COATED_OSMIUM;XIRECS;10006.0;8
182970;;;ASH_COATED_OSMIUM;XIRECS;9994.0;3
183247;;;INTARIAN_PEPPER_ROOT;XIRECS;18177.0;6
185644;;;ASH_COATED_OSMIUM;XIRECS;10010.5;2
186224;;;ASH_COATED_OSMIUM;XIRECS;9993.0;7
188773;;;ASH_COATED_OSMIUM;XIRECS;9994.0;3
192837;;;INTARIAN_PEPPER_ROOT;XIRECS;18192.0;5
197228;;;ASH_COATED_OSMIUM;XIRECS;9994.0;8
197465;;;INTARIAN_PEPPER_ROOT;XIRECS;18189.0;7
198324;;;ASH_COATED_OSMIUM;XIRECS;9994.0;8
200604;;;ASH_COATED_OSMIUM;XIRECS;10006.0;7
201526;;;ASH_COATED_OSMIUM;XIRECS;10010.0;6
201556;;;INTARIAN_PEPPER_ROOT;XIRECS;18194.0;6
203849;;;INTARIAN_PEPPER_ROOT;XIRECS;18209.0;3
204635;;;ASH_COATED_OSMIUM;XIRECS;10005.5;8
206182;;;ASH_COATED_OSMIUM;XIRECS;10006.0;6
207091;;;ASH_COATED_OSMIUM;XIRECS;9994.0;5
207504;;;ASH_COATED_OSMIUM;XIRECS;10006.0;3
207810;;;ASH_COATED_OSMIUM;XIRECS;10006.0;9
208076;;;INTARIAN_PEPPER_ROOT;XIRECS;18206.0;3
208288;;;INTARIAN_PEPPER_ROOT;XIRECS;18205.0;3
209480;;;INTARIAN_PEPPER_ROOT;XIRECS;18220.0;3
210185;;;ASH_COATED_OSMIUM;XIRECS;10007.0;4
212102;;;INTARIAN_PEPPER_ROOT;XIRECS;18211.0;6
212804;;;INTARIAN_PEPPER_ROOT;XIRECS;18220.0;4
214077;;;ASH_COATED_OSMIUM;XIRECS;10006.0;4
214666;;;ASH_COATED_OSMIUM;XIRECS;9994.0;8
216920;;;INTARIAN_PEPPER_ROOT;XIRECS;18223.0;5
217457;;;INTARIAN_PEPPER_ROOT;XIRECS;18214.0;5
219728;;;ASH_COATED_OSMIUM;XIRECS;9998.0;3
219969;;;INTARIAN_PEPPER_ROOT;XIRECS;18227.0;3
220953;;;ASH_COATED_OSMIUM;XIRECS;9992.0;10
221195;;;INTARIAN_PEPPER_ROOT;XIRECS;18229.0;6
222453;;;INTARIAN_PEPPER_ROOT;XIRECS;18229.0;5
222817;;;ASH_COATED_OSMIUM;XIRECS;10006.0;5
226565;;;ASH_COATED_OSMIUM;XIRECS;10006.0;6
228771;;;ASH_COATED_OSMIUM;XIRECS;10006.0;4
229359;;;ASH_COATED_OSMIUM;XIRECS;10006.0;7
229604;;;ASH_COATED_OSMIUM;XIRECS;9994.0;4
231163;;;ASH_COATED_OSMIUM;XIRECS;10011.5;3
232998;;;ASH_COATED_OSMIUM;XIRECS;9994.0;4
233447;;;INTARIAN_PEPPER_ROOT;XIRECS;18238.0;4
234971;;;ASH_COATED_OSMIUM;XIRECS;9994.0;3
234993;;;ASH_COATED_OSMIUM;XIRECS;9994.5;10
235215;;;ASH_COATED_OSMIUM;XIRECS;10006.0;6
236196;;;ASH_COATED_OSMIUM;XIRECS;9997.0;5
236797;;;INTARIAN_PEPPER_ROOT;XIRECS;18238.0;4
238166;;;INTARIAN_PEPPER_ROOT;XIRECS;18234.0;4
238239;;;INTARIAN_PEPPER_ROOT;XIRECS;18234.0;5
239275;;;INTARIAN_PEPPER_ROOT;XIRECS;18240.0;8
239817;;;INTARIAN_PEPPER_ROOT;XIRECS;18236.0;7
242581;;;ASH_COATED_OSMIUM;XIRECS;10007.0;4
242758;;;INTARIAN_PEPPER_ROOT;XIRECS;18234.0;3
243885;;;INTARIAN_PEPPER_ROOT;XIRECS;18244.0;6
244738;;;ASH_COATED_OSMIUM;XIRECS;9994.0;2
245227;;;ASH_COATED_OSMIUM;XIRECS;10006.0;5
245336;;;ASH_COATED_OSMIUM;XIRECS;10007.0;2
248349;;;ASH_COATED_OSMIUM;XIRECS;10006.0;4
248688;;;ASH_COATED_OSMIUM;XIRECS;10006.0;2
249978;;;INTARIAN_PEPPER_ROOT;XIRECS;18246.0;6
250170;;;ASH_COATED_OSMIUM;XIRECS;10006.0;9
250630;;;INTARIAN_PEPPER_ROOT;XIRECS;18242.0;7
253335;;;INTARIAN_PEPPER_ROOT;XIRECS;18246.0;7
253438;;;ASH_COATED_OSMIUM;XIRECS;9994.0;10
255712;;;ASH_COATED_OSMIUM;XIRECS;9998.0;4
255776;;;INTARIAN_PEPPER_ROOT;XIRECS;18248.0;3
256657;;;INTARIAN_PEPPER_ROOT;XIRECS;18262.0;6
257115;;;INTARIAN_PEPPER_ROOT;XIRECS;18258.0;3
257553;;;ASH_COATED_OSMIUM;XIRECS;9994.0;8
257765;;;ASH_COATED_OSMIUM;XIRECS;10006.0;5
259679;;;ASH_COATED_OSMIUM;XIRECS;9994.0;2
260559;;;ASH_COATED_OSMIUM;XIRECS;9993.0;6
261328;;;ASH_COATED_OSMIUM;XIRECS;10006.0;5
264164;;;ASH_COATED_OSMIUM;XIRECS;10000.0;2
268752;;;ASH_COATED_OSMIUM;XIRECS;9994.0;6
269638;;;ASH_COATED_OSMIUM;XIRECS;10006.0;5
271405;;;ASH_COATED_OSMIUM;XIRECS;10007.0;9
272104;;;INTARIAN_PEPPER_ROOT;XIRECS;18279.0;6
273023;;;ASH_COATED_OSMIUM;XIRECS;9994.0;4
274134;;;ASH_COATED_OSMIUM;XIRECS;9994.0;6
274741;;;INTARIAN_PEPPER_ROOT;XIRECS;18268.0;4
275298;;;ASH_COATED_OSMIUM;XIRECS;10007.0;2
275511;;;ASH_COATED_OSMIUM;XIRECS;9994.0;6
276859;;;INTARIAN_PEPPER_ROOT;XIRECS;18285.0;5
278976;;;ASH_COATED_OSMIUM;XIRECS;9994.0;2
282471;;;ASH_COATED_OSMIUM;XIRECS;9989.5;10
284128;;;INTARIAN_PEPPER_ROOT;XIRECS;18290.0;7
286851;;;ASH_COATED_OSMIUM;XIRECS;9989.5;4
288119;;;ASH_COATED_OSMIUM;XIRECS;10006.0;4
288597;;;ASH_COATED_OSMIUM;XIRECS;10006.0;3
289120;;;ASH_COATED_OSMIUM;XIRECS;10006.0;2
290746;;;ASH_COATED_OSMIUM;XIRECS;10006.0;9
290956;;;ASH_COATED_OSMIUM;XIRECS;9993.0;6
291451;;;INTARIAN_PEPPER_ROOT;XIRECS;18284.0;3
291574;;;INTARIAN_PEPPER_ROOT;XIRECS;18283.0;5
293168;;;INTARIAN_PEPPER_ROOT;XIRECS;18292.0;6
294833;;;ASH_COATED_OSMIUM;XIRECS;9994.0;5
296987;;;INTARIAN_PEPPER_ROOT;XIRECS;18293.0;4
300436;;;ASH_COATED_OSMIUM;XIRECS;10003.0;7
300622;;;ASH_COATED_OSMIUM;XIRECS;9998.0;5
302601;;;ASH_COATED_OSMIUM;XIRECS;10006.0;8
304040;;;ASH_COATED_OSMIUM;XIRECS;10008.0;2
304194;;;INTARIAN_PEPPER_ROOT;XIRECS;18310.0;4
305836;;;ASH_COATED_OSMIUM;XIRECS;10008.0;2
306894;;;ASH_COATED_OSMIUM;XIRECS;10007.0;5
307983;;;ASH_COATED_OSMIUM;XIRECS;10010.0;3
308504;;;INTARIAN_PEPPER_ROOT;XIRECS;18297.0;4
309460;;;ASH_COATED_OSMIUM;XIRECS;9998.0;8
310229;;;INTARIAN_PEPPER_ROOT;XIRECS;18305.0;5
310908;;;INTARIAN_PEPPER_ROOT;XIRECS;18303.0;5
312161;;;INTARIAN_PEPPER_ROOT;XIRECS;18320.0;5
313027;;;INTARIAN_PEPPER_ROOT;XIRECS;18310.0;7
317179;;;ASH_COATED_OSMIUM;XIRECS;10005.5;5
323512;;;INTARIAN_PEPPER_ROOT;XIRECS;18328.0;6
323568;;;ASH_COATED_OSMIUM;XIRECS;10002.0;3
324008;;;ASH_COATED_OSMIUM;XIRECS;9994.5;3
328873;;;ASH_COATED_OSMIUM;XIRECS;9993.0;5
329345;;;ASH_COATED_OSMIUM;XIRECS;10005.5;8
331670;;;INTARIAN_PEPPER_ROOT;XIRECS;18337.0;4
331745;;;ASH_COATED_OSMIUM;XIRECS;9993.0;4
332238;;;ASH_COATED_OSMIUM;XIRECS;9994.0;2
332764;;;INTARIAN_PEPPER_ROOT;XIRECS;18324.0;5
334454;;;INTARIAN_PEPPER_ROOT;XIRECS;18330.0;3
336389;;;INTARIAN_PEPPER_ROOT;XIRECS;18328.0;3
337143;;;ASH_COATED_OSMIUM;XIRECS;9994.0;3
337773;;;INTARIAN_PEPPER_ROOT;XIRECS;18334.0;3
339617;;;ASH_COATED_OSMIUM;XIRECS;10002.0;6
340038;;;ASH_COATED_OSMIUM;XIRECS;9990.0;9
340902;;;INTARIAN_PEPPER_ROOT;XIRECS;18344.0;4
341206;;;ASH_COATED_OSMIUM;XIRECS;10006.0;4
341669;;;ASH_COATED_OSMIUM;XIRECS;10006.0;6
342846;;;ASH_COATED_OSMIUM;XIRECS;10006.0;2
345177;;;INTARIAN_PEPPER_ROOT;XIRECS;18351.0;6
347047;;;ASH_COATED_OSMIUM;XIRECS;9998.0;10
347468;;;INTARIAN_PEPPER_ROOT;XIRECS;18348.0;5
349059;;;INTARIAN_PEPPER_ROOT;XIRECS;18358.0;4
349063;;;INTARIAN_PEPPER_ROOT;XIRECS;18340.0;5
349907;;;INTARIAN_PEPPER_ROOT;XIRECS;18342.0;4
351889;;;ASH_COATED_OSMIUM;XIRECS;9994.0;2
352860;;;INTARIAN_PEPPER_ROOT;XIRECS;18354.0;6
354378;;;ASH_COATED_OSMIUM;XIRECS;10006.0;5
355336;;;ASH_COATED_OSMIUM;XIRECS;9994.0;2
355444;;;ASH_COATED_OSMIUM;XIRECS;10006.0;5
356490;;;INTARIAN_PEPPER_ROOT;XIRECS;18359.0;4
356592;;;INTARIAN_PEPPER_ROOT;XIRECS;18352.0;5
357909;;;INTARIAN_PEPPER_ROOT;XIRECS;18364.0;7
358238;;;ASH_COATED_OSMIUM;XIRECS;10006.0;2
358385;;;ASH_COATED_OSMIUM;XIRECS;9994.0;4
358984;;;ASH_COATED_OSMIUM;XIRECS;9994.0;2
361365;;;INTARIAN_PEPPER_ROOT;XIRECS;18358.0;8
363078;;;ASH_COATED_OSMIUM;XIRECS;9994.0;8
365699;;;INTARIAN_PEPPER_ROOT;XIRECS;18358.0;7
366964;;;ASH_COATED_OSMIUM;XIRECS;9993.0;10
367590;;;ASH_COATED_OSMIUM;XIRECS;9994.0;4
370406;;;ASH_COATED_OSMIUM;XIRECS;10008.0;2
373821;;;ASH_COATED_OSMIUM;XIRECS;10006.0;4
378228;;;INTARIAN_PEPPER_ROOT;XIRECS;18365.0;7
379374;;;ASH_COATED_OSMIUM;XIRECS;10006.0;5
380068;;;ASH_COATED_OSMIUM;XIRECS;9990.0;5
381301;;;INTARIAN_PEPPER_ROOT;XIRECS;18384.0;6
381329;;;ASH_COATED_OSMIUM;XIRECS;10006.0;5
385456;;;INTARIAN_PEPPER_ROOT;XIRECS;18376.0;3
387354;;;INTARIAN_PEPPER_ROOT;XIRECS;18384.0;5
387385;;;ASH_COATED_OSMIUM;XIRECS;10006.0;4
389223;;;INTARIAN_PEPPER_ROOT;XIRECS;18393.0;7
391045;;;INTARIAN_PEPPER_ROOT;XIRECS;18395.0;5
391610;;;ASH_COATED_OSMIUM;XIRECS;9994.0;3
393639;;;ASH_COATED_OSMIUM;XIRECS;9994.0;4
394635;;;INTARIAN_PEPPER_ROOT;XIRECS;18390.0;4
395716;;;ASH_COATED_OSMIUM;XIRECS;9994.0;3
395914;;;ASH_COATED_OSMIUM;XIRECS;9998.0;3
397922;;;ASH_COATED_OSMIUM;XIRECS;9993.0;2
398947;;;INTARIAN_PEPPER_ROOT;XIRECS;18407.0;7
399769;;;INTARIAN_PEPPER_ROOT;XIRECS;18408.0;6
400797;;;ASH_COATED_OSMIUM;XIRECS;10004.0;5
407313;;;ASH_COATED_OSMIUM;XIRECS;10006.0;8
407854;;;INTARIAN_PEPPER_ROOT;XIRECS;18414.0;6
408227;;;ASH_COATED_OSMIUM;XIRECS;9993.0;3
408539;;;INTARIAN_PEPPER_ROOT;XIRECS;18405.0;5
409121;;;INTARIAN_PEPPER_ROOT;XIRECS;18420.0;6
410398;;;ASH_COATED_OSMIUM;XIRECS;10007.0;8
410532;;;ASH_COATED_OSMIUM;XIRECS;10000.0;5
412111;;;ASH_COATED_OSMIUM;XIRECS;10008.0;7
414687;;;INTARIAN_PEPPER_ROOT;XIRECS;18417.0;4
416046;;;ASH_COATED_OSMIUM;XIRECS;10006.0;2
416326;;;ASH_COATED_OSMIUM;XIRECS;10006.0;5
417083;;;INTARIAN_PEPPER_ROOT;XIRECS;18426.0;5
417241;;;ASH_COATED_OSMIUM;XIRECS;10010.0;8
418143;;;INTARIAN_PEPPER_ROOT;XIRECS;18426.0;7
422313;;;ASH_COATED_OSMIUM;XIRECS;9990.0;5
423902;;;INTARIAN_PEPPER_ROOT;XIRECS;18417.0;6
424098;;;INTARIAN_PEPPER_ROOT;XIRECS;18433.0;3
424558;;;ASH_COATED_OSMIUM;XIRECS;9994.5;7
426670;;;INTARIAN_PEPPER_ROOT;XIRECS;18433.0;3
429073;;;INTARIAN_PEPPER_ROOT;XIRECS;18439.0;6
430299;;;ASH_COATED_OSMIUM;XIRECS;9994.0;6
432610;;;INTARIAN_PEPPER_ROOT;XIRECS;18440.0;3
433013;;;INTARIAN_PEPPER_ROOT;XIRECS;18428.0;6
440363;;;INTARIAN_PEPPER_ROOT;XIRECS;18450.0;3
440906;;;ASH_COATED_OSMIUM;XIRECS;10008.0;9
441175;;;ASH_COATED_OSMIUM;XIRECS;10006.0;2
441788;;;ASH_COATED_OSMIUM;XIRECS;9994.5;4
443608;;;ASH_COATED_OSMIUM;XIRECS;10010.0;4
445145;;;INTARIAN_PEPPER_ROOT;XIRECS;18452.0;5
446910;;;ASH_COATED_OSMIUM;XIRECS;10006.0;5
453744;;;ASH_COATED_OSMIUM;XIRECS;10006.0;4
453814;;;ASH_COATED_OSMIUM;XIRECS;10005.5;8
455507;;;ASH_COATED_OSMIUM;XIRECS;9994.0;3
456323;;;INTARIAN_PEPPER_ROOT;XIRECS;18448.0;3
459520;;;INTARIAN_PEPPER_ROOT;XIRECS;18470.0;4
459546;;;ASH_COATED_OSMIUM;XIRECS;10010.0;8
460095;;;INTARIAN_PEPPER_ROOT;XIRECS;18454.0;7
460476;;;ASH_COATED_OSMIUM;XIRECS;10006.0;6
460522;;;INTARIAN_PEPPER_ROOT;XIRECS;18454.0;5
463296;;;ASH_COATED_OSMIUM;XIRECS;10006.0;3
464047;;;INTARIAN_PEPPER_ROOT;XIRECS;18459.0;5
464411;;;ASH_COATED_OSMIUM;XIRECS;10006.0;3
467704;;;ASH_COATED_OSMIUM;XIRECS;10006.0;4
470326;;;ASH_COATED_OSMIUM;XIRECS;9990.0;3
472391;;;INTARIAN_PEPPER_ROOT;XIRECS;18466.0;6
476281;;;ASH_COATED_OSMIUM;XIRECS;10008.0;7
479612;;;ASH_COATED_OSMIUM;XIRECS;10006.0;2
482729;;;ASH_COATED_OSMIUM;XIRECS;10005.5;2
483308;;;INTARIAN_PEPPER_ROOT;XIRECS;18474.0;3
483369;;;ASH_COATED_OSMIUM;XIRECS;9994.0;5
483587;;;ASH_COATED_OSMIUM;XIRECS;9989.5;6
486247;;;ASH_COATED_OSMIUM;XIRECS;10010.0;3
486360;;;INTARIAN_PEPPER_ROOT;XIRECS;18493.0;3
486687;;;INTARIAN_PEPPER_ROOT;XIRECS;18480.0;3
486852;;;ASH_COATED_OSMIUM;XIRECS;10006.0;7
487168;;;ASH_COATED_OSMIUM;XIRECS;10006.0;8
488537;;;INTARIAN_PEPPER_ROOT;XIRECS;18495.0;3
489229;;;ASH_COATED_OSMIUM;XIRECS;10006.0;6
490236;;;ASH_COATED_OSMIUM;XIRECS;10006.0;2
490944;;;ASH_COATED_OSMIUM;XIRECS;10006.0;2
491500;;;INTARIAN_PEPPER_ROOT;XIRECS;18498.0;3
491860;;;INTARIAN_PEPPER_ROOT;XIRECS;18488.0;7
494202;;;INTARIAN_PEPPER_ROOT;XIRECS;18501.0;3
495129;;;ASH_COATED_OSMIUM;XIRECS;10007.0;3
498662;;;INTARIAN_PEPPER_ROOT;XIRECS;18501.0;7
500049;;;INTARIAN_PEPPER_ROOT;XIRECS;18496.0;4
501017;;;ASH_COATED_OSMIUM;XIRECS;9994.0;7
501501;;;INTARIAN_PEPPER_ROOT;XIRECS;18507.0;5
504357;;;INTARIAN_PEPPER_ROOT;XIRECS;18515.0;6
505593;;;ASH_COATED_OSMIUM;XIRECS;10006.0;8
506577;;;ASH_COATED_OSMIUM;XIRECS;10006.0;5
507617;;;INTARIAN_PEPPER_ROOT;XIRECS;18501.0;8
507859;;;ASH_COATED_OSMIUM;XIRECS;9994.0;5
508788;;;ASH_COATED_OSMIUM;XIRECS;10006.0;7
510674;;;INTARIAN_PEPPER_ROOT;XIRECS;18516.0;3
513557;;;INTARIAN_PEPPER_ROOT;XIRECS;18512.0;3
513618;;;INTARIAN_PEPPER_ROOT;XIRECS;18519.0;7
517888;;;INTARIAN_PEPPER_ROOT;XIRECS;18509.0;3
523789;;;ASH_COATED_OSMIUM;XIRECS;10007.0;7
523845;;;INTARIAN_PEPPER_ROOT;XIRECS;18530.0;8
525762;;;ASH_COATED_OSMIUM;XIRECS;9994.0;9
530900;;;INTARIAN_PEPPER_ROOT;XIRECS;18526.0;7
531514;;;ASH_COATED_OSMIUM;XIRECS;9994.0;5
531576;;;INTARIAN_PEPPER_ROOT;XIRECS;18541.0;3
532067;;;INTARIAN_PEPPER_ROOT;XIRECS;18538.0;7
533135;;;ASH_COATED_OSMIUM;XIRECS;9994.0;5
533829;;;ASH_COATED_OSMIUM;XIRECS;9990.0;4
535309;;;ASH_COATED_OSMIUM;XIRECS;10012.0;5
535950;;;ASH_COATED_OSMIUM;XIRECS;10006.0;6
537695;;;ASH_COATED_OSMIUM;XIRECS;9993.5;5
542332;;;INTARIAN_PEPPER_ROOT;XIRECS;18536.0;4
543404;;;ASH_COATED_OSMIUM;XIRECS;10006.0;6
544770;;;INTARIAN_PEPPER_ROOT;XIRECS;18551.0;3
548728;;;ASH_COATED_OSMIUM;XIRECS;9994.0;2
550063;;;ASH_COATED_OSMIUM;XIRECS;10006.0;2
551879;;;INTARIAN_PEPPER_ROOT;XIRECS;18542.0;4
553681;;;ASH_COATED_OSMIUM;XIRECS;9994.0;2
553969;;;ASH_COATED_OSMIUM;XIRECS;10002.0;8
554183;;;ASH_COATED_OSMIUM;XIRECS;10000.0;8
554380;;;ASH_COATED_OSMIUM;XIRECS;10006.0;3
555855;;;ASH_COATED_OSMIUM;XIRECS;9994.0;9
556893;;;INTARIAN_PEPPER_ROOT;XIRECS;18550.0;5
558404;;;ASH_COATED_OSMIUM;XIRECS;9994.0;3
559625;;;INTARIAN_PEPPER_ROOT;XIRECS;18571.0;6
563718;;;ASH_COATED_OSMIUM;XIRECS;9994.0;9
564784;;;INTARIAN_PEPPER_ROOT;XIRECS;18560.0;4
567276;;;ASH_COATED_OSMIUM;XIRECS;10006.0;4
573714;;;INTARIAN_PEPPER_ROOT;XIRECS;18566.0;6
573831;;;ASH_COATED_OSMIUM;XIRECS;10006.0;8
574378;;;INTARIAN_PEPPER_ROOT;XIRECS;18564.0;7
575212;;;INTARIAN_PEPPER_ROOT;XIRECS;18570.0;4
576585;;;ASH_COATED_OSMIUM;XIRECS;10006.0;3
580283;;;INTARIAN_PEPPER_ROOT;XIRECS;18574.0;3
585543;;;INTARIAN_PEPPER_ROOT;XIRECS;18581.0;5
589507;;;INTARIAN_PEPPER_ROOT;XIRECS;18583.0;5
590252;;;INTARIAN_PEPPER_ROOT;XIRECS;18580.0;6
592249;;;INTARIAN_PEPPER_ROOT;XIRECS;18587.0;6
594996;;;ASH_COATED_OSMIUM;XIRECS;10006.0;5
595265;;;ASH_COATED_OSMIUM;XIRECS;9994.0;8
595973;;;INTARIAN_PEPPER_ROOT;XIRECS;18590.0;4
596238;;;INTARIAN_PEPPER_ROOT;XIRECS;18600.0;6
597625;;;INTARIAN_PEPPER_ROOT;XIRECS;18589.0;5
600550;;;ASH_COATED_OSMIUM;XIRECS;9994.0;6
600839;;;ASH_COATED_OSMIUM;XIRECS;10006.0;6
605547;;;INTARIAN_PEPPER_ROOT;XIRECS;18607.0;3
607632;;;ASH_COATED_OSMIUM;XIRECS;9994.0;6
607836;;;ASH_COATED_OSMIUM;XIRECS;9994.0;6
608746;;;ASH_COATED_OSMIUM;XIRECS;10002.0;3
609407;;;ASH_COATED_OSMIUM;XIRECS;10012.0;2
612009;;;ASH_COATED_OSMIUM;XIRECS;9994.0;3
612107;;;ASH_COATED_OSMIUM;XIRECS;9994.0;5
614896;;;ASH_COATED_OSMIUM;XIRECS;10007.0;6
614940;;;ASH_COATED_OSMIUM;XIRECS;10006.0;6
615028;;;ASH_COATED_OSMIUM;XIRECS;9994.0;3
615895;;;ASH_COATED_OSMIUM;XIRECS;9997.5;5
616678;;;INTARIAN_PEPPER_ROOT;XIRECS;18620.0;7
618265;;;INTARIAN_PEPPER_ROOT;XIRECS;18625.0;5
619466;;;ASH_COATED_OSMIUM;XIRECS;9989.5;3
619703;;;INTARIAN_PEPPER_ROOT;XIRECS;18623.0;6
620048;;;ASH_COATED_OSMIUM;XIRECS;10010.0;9
620960;;;ASH_COATED_OSMIUM;XIRECS;9988.5;2
621376;;;INTARIAN_PEPPER_ROOT;XIRECS;18621.0;5
621756;;;ASH_COATED_OSMIUM;XIRECS;9994.0;5
623004;;;ASH_COATED_OSMIUM;XIRECS;9993.0;6
624161;;;INTARIAN_PEPPER_ROOT;XIRECS;18613.0;6
624172;;;INTARIAN_PEPPER_ROOT;XIRECS;18613.0;5
624999;;;ASH_COATED_OSMIUM;XIRECS;10006.0;8
625310;;;ASH_COATED_OSMIUM;XIRECS;10006.0;5
625489;;;ASH_COATED_OSMIUM;XIRECS;10007.0;6
631837;;;INTARIAN_PEPPER_ROOT;XIRECS;18640.0;7
631898;;;INTARIAN_PEPPER_ROOT;XIRECS;18625.0;6
634289;;;ASH_COATED_OSMIUM;XIRECS;10010.0;6
634711;;;INTARIAN_PEPPER_ROOT;XIRECS;18632.0;7
634730;;;ASH_COATED_OSMIUM;XIRECS;9998.0;6
635022;;;ASH_COATED_OSMIUM;XIRECS;9994.0;3
635579;;;INTARIAN_PEPPER_ROOT;XIRECS;18630.0;3
636061;;;ASH_COATED_OSMIUM;XIRECS;10008.0;5
642947;;;ASH_COATED_OSMIUM;XIRECS;9992.0;8
643466;;;ASH_COATED_OSMIUM;XIRECS;10002.0;4
644118;;;ASH_COATED_OSMIUM;XIRECS;9992.0;9
644761;;;ASH_COATED_OSMIUM;XIRECS;10006.0;6
645725;;;INTARIAN_PEPPER_ROOT;XIRECS;18640.0;5
647004;;;ASH_COATED_OSMIUM;XIRECS;10000.0;6
647231;;;INTARIAN_PEPPER_ROOT;XIRECS;18654.0;7
648140;;;INTARIAN_PEPPER_ROOT;XIRECS;18655.0;5
648184;;;ASH_COATED_OSMIUM;XIRECS;9994.0;3
649104;;;ASH_COATED_OSMIUM;XIRECS;10006.0;6
649181;;;INTARIAN_PEPPER_ROOT;XIRECS;18646.0;6
650675;;;ASH_COATED_OSMIUM;XIRECS;9994.0;9
650922;;;ASH_COATED_OSMIUM;XIRECS;10006.0;7
653633;;;INTARIAN_PEPPER_ROOT;XIRECS;18646.0;4
653702;;;ASH_COATED_OSMIUM;XIRECS;9989.5;5
653782;;;ASH_COATED_OSMIUM;XIRECS;10006.0;6
654770;;;INTARIAN_PEPPER_ROOT;XIRECS;18659.0;3
655044;;;ASH_COATED_OSMIUM;XIRECS;9994.0;6
657350;;;ASH_COATED_OSMIUM;XIRECS;9994.0;9
658440;;;ASH_COATED_OSMIUM;XIRECS;9994.0;6
659115;;;INTARIAN_PEPPER_ROOT;XIRECS;18665.0;7
660457;;;INTARIAN_PEPPER_ROOT;XIRECS;18670.0;4
661807;;;ASH_COATED_OSMIUM;XIRECS;10006.0;5
661835;;;ASH_COATED_OSMIUM;XIRECS;10006.0;3
661899;;;INTARIAN_PEPPER_ROOT;XIRECS;18658.0;8
661928;;;ASH_COATED_OSMIUM;XIRECS;10006.0;4
666333;;;ASH_COATED_OSMIUM;XIRECS;9994.0;6
667388;;;INTARIAN_PEPPER_ROOT;XIRECS;18658.0;5
670098;;;ASH_COATED_OSMIUM;XIRECS;10006.0;5
672732;;;INTARIAN_PEPPER_ROOT;XIRECS;18668.0;6
674522;;;ASH_COATED_OSMIUM;XIRECS;10007.0;3
675858;;;ASH_COATED_OSMIUM;XIRECS;9994.0;4
676351;;;INTARIAN_PEPPER_ROOT;XIRECS;18682.0;4
677028;;;ASH_COATED_OSMIUM;XIRECS;9994.0;6
680318;;;INTARIAN_PEPPER_ROOT;XIRECS;18685.0;5
684277;;;ASH_COATED_OSMIUM;XIRECS;9994.0;4
684490;;;INTARIAN_PEPPER_ROOT;XIRECS;18686.0;6
686076;;;ASH_COATED_OSMIUM;XIRECS;10006.0;2
687874;;;ASH_COATED_OSMIUM;XIRECS;10006.0;5
688625;;;ASH_COATED_OSMIUM;XIRECS;10006.0;6
689422;;;ASH_COATED_OSMIUM;XIRECS;9994.0;4
690252;;;INTARIAN_PEPPER_ROOT;XIRECS;18698.0;4
690917;;;ASH_COATED_OSMIUM;XIRECS;9994.0;6
693023;;;ASH_COATED_OSMIUM;XIRECS;10006.0;5
695122;;;ASH_COATED_OSMIUM;XIRECS;9994.0;3
695740;;;ASH_COATED_OSMIUM;XIRECS;9994.0;5
695980;;;ASH_COATED_OSMIUM;XIRECS;9994.0;6
697768;;;ASH_COATED_OSMIUM;XIRECS;10006.0;3
702113;;;ASH_COATED_OSMIUM;XIRECS;10006.0;3
703983;;;INTARIAN_PEPPER_ROOT;XIRECS;18702.0;4
704696;;;INTARIAN_PEPPER_ROOT;XIRECS;18700.0;7
705072;;;INTARIAN_PEPPER_ROOT;XIRECS;18710.0;3
705451;;;ASH_COATED_OSMIUM;XIRECS;9993.0;6
706157;;;INTARIAN_PEPPER_ROOT;XIRECS;18702.0;3
707127;;;ASH_COATED_OSMIUM;XIRECS;10003.0;8
708633;;;ASH_COATED_OSMIUM;XIRECS;10007.0;4
709151;;;INTARIAN_PEPPER_ROOT;XIRECS;18719.0;4
709285;;;ASH_COATED_OSMIUM;XIRECS;10006.0;5
710032;;;INTARIAN_PEPPER_ROOT;XIRECS;18705.0;4
710246;;;ASH_COATED_OSMIUM;XIRECS;10007.0;6
711062;;;ASH_COATED_OSMIUM;XIRECS;9994.5;3
712067;;;INTARIAN_PEPPER_ROOT;XIRECS;18717.0;7
712117;;;INTARIAN_PEPPER_ROOT;XIRECS;18708.0;4
712731;;;ASH_COATED_OSMIUM;XIRECS;10006.0;5
714127;;;ASH_COATED_OSMIUM;XIRECS;10006.0;2
714355;;;INTARIAN_PEPPER_ROOT;XIRECS;18708.0;4
714846;;;ASH_COATED_OSMIUM;XIRECS;9994.0;5
715767;;;INTARIAN_PEPPER_ROOT;XIRECS;18711.0;3
716419;;;ASH_COATED_OSMIUM;XIRECS;10006.0;4
717678;;;ASH_COATED_OSMIUM;XIRECS;10006.0;6
724335;;;INTARIAN_PEPPER_ROOT;XIRECS;18716.0;5
724767;;;ASH_COATED_OSMIUM;XIRECS;9992.0;8
727707;;;ASH_COATED_OSMIUM;XIRECS;10007.0;2
727897;;;INTARIAN_PEPPER_ROOT;XIRECS;18737.0;3
728612;;;INTARIAN_PEPPER_ROOT;XIRECS;18718.0;3
728755;;;ASH_COATED_OSMIUM;XIRECS;9994.0;2
729237;;;INTARIAN_PEPPER_ROOT;XIRECS;18735.0;5
729871;;;INTARIAN_PEPPER_ROOT;XIRECS;18722.0;7
730504;;;ASH_COATED_OSMIUM;XIRECS;10006.0;5
731620;;;INTARIAN_PEPPER_ROOT;XIRECS;18726.0;7
731827;;;ASH_COATED_OSMIUM;XIRECS;9994.0;5
734405;;;ASH_COATED_OSMIUM;XIRECS;10004.0;8
734818;;;ASH_COATED_OSMIUM;XIRECS;10006.0;8
735519;;;ASH_COATED_OSMIUM;XIRECS;10005.5;7
736699;;;ASH_COATED_OSMIUM;XIRECS;10008.0;3
738658;;;INTARIAN_PEPPER_ROOT;XIRECS;18730.0;5
738898;;;ASH_COATED_OSMIUM;XIRECS;10006.0;2
742804;;;INTARIAN_PEPPER_ROOT;XIRECS;18736.0;7
743274;;;ASH_COATED_OSMIUM;XIRECS;10007.0;5
743698;;;INTARIAN_PEPPER_ROOT;XIRECS;18739.0;5
743954;;;INTARIAN_PEPPER_ROOT;XIRECS;18734.0;7
744888;;;ASH_COATED_OSMIUM;XIRECS;10000.0;2
745854;;;INTARIAN_PEPPER_ROOT;XIRECS;18753.0;7
748475;;;ASH_COATED_OSMIUM;XIRECS;9994.0;10
749297;;;ASH_COATED_OSMIUM;XIRECS;10006.0;4
750045;;;ASH_COATED_OSMIUM;XIRECS;10006.0;4
751272;;;ASH_COATED_OSMIUM;XIRECS;9994.0;5
751578;;;ASH_COATED_OSMIUM;XIRECS;10006.0;3
751646;;;ASH_COATED_OSMIUM;XIRECS;10006.0;5
753058;;;INTARIAN_PEPPER_ROOT;XIRECS;18746.0;7
755476;;;INTARIAN_PEPPER_ROOT;XIRECS;18761.0;6
755563;;;INTARIAN_PEPPER_ROOT;XIRECS;18756.0;5
755945;;;ASH_COATED_OSMIUM;XIRECS;10007.0;5
759238;;;INTARIAN_PEPPER_ROOT;XIRECS;18755.0;5
760481;;;ASH_COATED_OSMIUM;XIRECS;9994.0;10
763459;;;ASH_COATED_OSMIUM;XIRECS;9994.0;5
766624;;;INTARIAN_PEPPER_ROOT;XIRECS;18771.0;7
767265;;;ASH_COATED_OSMIUM;XIRECS;9993.0;7
772942;;;INTARIAN_PEPPER_ROOT;XIRECS;18779.0;7
774528;;;ASH_COATED_OSMIUM;XIRECS;9994.0;6
776649;;;ASH_COATED_OSMIUM;XIRECS;9994.0;5
777055;;;ASH_COATED_OSMIUM;XIRECS;9994.0;7
777687;;;ASH_COATED_OSMIUM;XIRECS;9994.0;4
777988;;;ASH_COATED_OSMIUM;XIRECS;10010.5;3
778154;;;INTARIAN_PEPPER_ROOT;XIRECS;18783.0;6
781680;;;INTARIAN_PEPPER_ROOT;XIRECS;18786.0;3
781808;;;ASH_COATED_OSMIUM;XIRECS;9993.0;5
782973;;;ASH_COATED_OSMIUM;XIRECS;10003.0;3
787013;;;INTARIAN_PEPPER_ROOT;XIRECS;18792.0;5
788694;;;ASH_COATED_OSMIUM;XIRECS;9998.0;6
789473;;;ASH_COATED_OSMIUM;XIRECS;10006.0;5
789483;;;ASH_COATED_OSMIUM;XIRECS;10005.5;3
799089;;;ASH_COATED_OSMIUM;XIRECS;10007.0;9
800625;;;INTARIAN_PEPPER_ROOT;XIRECS;18796.0;6
800873;;;ASH_COATED_OSMIUM;XIRECS;10005.5;5
801120;;;INTARIAN_PEPPER_ROOT;XIRECS;18796.0;3
801418;;;ASH_COATED_OSMIUM;XIRECS;9997.5;5
802359;;;ASH_COATED_OSMIUM;XIRECS;10006.0;2
802659;;;ASH_COATED_OSMIUM;XIRECS;10007.0;6
803048;;;INTARIAN_PEPPER_ROOT;XIRECS;18808.0;6
803361;;;INTARIAN_PEPPER_ROOT;XIRECS;18797.0;6
803517;;;INTARIAN_PEPPER_ROOT;XIRECS;18805.0;7
805372;;;INTARIAN_PEPPER_ROOT;XIRECS;18806.0;3
806564;;;INTARIAN_PEPPER_ROOT;XIRECS;18800.0;6
807815;;;ASH_COATED_OSMIUM;XIRECS;9994.0;6
810182;;;INTARIAN_PEPPER_ROOT;XIRECS;18817.0;8
811581;;;ASH_COATED_OSMIUM;XIRECS;9994.0;2
814982;;;ASH_COATED_OSMIUM;XIRECS;10006.0;3
815867;;;ASH_COATED_OSMIUM;XIRECS;9994.0;4
817945;;;ASH_COATED_OSMIUM;XIRECS;10007.0;3
818780;;;INTARIAN_PEPPER_ROOT;XIRECS;18814.0;5
819937;;;INTARIAN_PEPPER_ROOT;XIRECS;18815.0;8
821018;;;ASH_COATED_OSMIUM;XIRECS;9993.0;6
821087;;;INTARIAN_PEPPER_ROOT;XIRECS;18832.0;3
826401;;;INTARIAN_PEPPER_ROOT;XIRECS;18824.0;6
832971;;;INTARIAN_PEPPER_ROOT;XIRECS;18828.0;6
834367;;;INTARIAN_PEPPER_ROOT;XIRECS;18844.0;6
834602;;;INTARIAN_PEPPER_ROOT;XIRECS;18838.0;4
842564;;;ASH_COATED_OSMIUM;XIRECS;9994.0;8
848433;;;INTARIAN_PEPPER_ROOT;XIRECS;18857.0;3
849012;;;INTARIAN_PEPPER_ROOT;XIRECS;18840.0;7
849579;;;ASH_COATED_OSMIUM;XIRECS;9994.0;5
850130;;;INTARIAN_PEPPER_ROOT;XIRECS;18842.0;3
851530;;;ASH_COATED_OSMIUM;XIRECS;9993.0;4
854445;;;INTARIAN_PEPPER_ROOT;XIRECS;18856.0;6
857229;;;ASH_COATED_OSMIUM;XIRECS;9994.0;5
860186;;;ASH_COATED_OSMIUM;XIRECS;10006.0;3
860657;;;INTARIAN_PEPPER_ROOT;XIRECS;18859.0;5
861385;;;ASH_COATED_OSMIUM;XIRECS;9994.0;5
862003;;;ASH_COATED_OSMIUM;XIRECS;10006.0;3
862844;;;ASH_COATED_OSMIUM;XIRECS;9994.0;5
863582;;;INTARIAN_PEPPER_ROOT;XIRECS;18870.0;3
864311;;;INTARIAN_PEPPER_ROOT;XIRECS;18876.0;3
868013;;;ASH_COATED_OSMIUM;XIRECS;9998.0;2
870564;;;ASH_COATED_OSMIUM;XIRECS;9994.0;2
871098;;;INTARIAN_PEPPER_ROOT;XIRECS;18865.0;4
871671;;;INTARIAN_PEPPER_ROOT;XIRECS;18868.0;7
873216;;;ASH_COATED_OSMIUM;XIRECS;10006.0;2
873551;;;INTARIAN_PEPPER_ROOT;XIRECS;18866.0;3
873600;;;ASH_COATED_OSMIUM;XIRECS;9993.0;2
874519;;;INTARIAN_PEPPER_ROOT;XIRECS;18883.0;5
875263;;;INTARIAN_PEPPER_ROOT;XIRECS;18870.0;3
876608;;;INTARIAN_PEPPER_ROOT;XIRECS;18876.0;3
877946;;;INTARIAN_PEPPER_ROOT;XIRECS;18870.0;5
878552;;;INTARIAN_PEPPER_ROOT;XIRECS;18886.0;8
879439;;;ASH_COATED_OSMIUM;XIRECS;9990.0;2
879971;;;INTARIAN_PEPPER_ROOT;XIRECS;18884.0;5
880138;;;INTARIAN_PEPPER_ROOT;XIRECS;18876.0;3
881997;;;INTARIAN_PEPPER_ROOT;XIRECS;18878.0;6
883549;;;INTARIAN_PEPPER_ROOT;XIRECS;18884.0;4
884875;;;ASH_COATED_OSMIUM;XIRECS;10006.0;8
885025;;;ASH_COATED_OSMIUM;XIRECS;9994.0;6
886048;;;ASH_COATED_OSMIUM;XIRECS;9994.0;5
886194;;;ASH_COATED_OSMIUM;XIRECS;9994.0;6
891593;;;ASH_COATED_OSMIUM;XIRECS;10005.5;5
892325;;;INTARIAN_PEPPER_ROOT;XIRECS;18888.0;3
892692;;;INTARIAN_PEPPER_ROOT;XIRECS;18900.0;4
893353;;;ASH_COATED_OSMIUM;XIRECS;9987.0;4
894000;;;ASH_COATED_OSMIUM;XIRECS;10006.0;2
894163;;;ASH_COATED_OSMIUM;XIRECS;10006.0;4
894550;;;ASH_COATED_OSMIUM;XIRECS;10006.0;8
896338;;;INTARIAN_PEPPER_ROOT;XIRECS;18890.0;3
899938;;;ASH_COATED_OSMIUM;XIRECS;10008.0;5
901204;;;ASH_COATED_OSMIUM;XIRECS;10006.0;6
901233;;;ASH_COATED_OSMIUM;XIRECS;10006.0;2
902538;;;ASH_COATED_OSMIUM;XIRECS;9994.0;7
903465;;;ASH_COATED_OSMIUM;XIRECS;10010.0;6
904061;;;INTARIAN_PEPPER_ROOT;XIRECS;18911.0;5
904172;;;ASH_COATED_OSMIUM;XIRECS;9994.0;4
906636;;;ASH_COATED_OSMIUM;XIRECS;9998.0;9
906696;;;INTARIAN_PEPPER_ROOT;XIRECS;18904.0;3
910096;;;ASH_COATED_OSMIUM;XIRECS;10005.5;3
910776;;;ASH_COATED_OSMIUM;XIRECS;10007.0;5
916224;;;ASH_COATED_OSMIUM;XIRECS;10004.0;3
917349;;;ASH_COATED_OSMIUM;XIRECS;10010.5;5
918610;;;INTARIAN_PEPPER_ROOT;XIRECS;18918.0;8
923588;;;ASH_COATED_OSMIUM;XIRECS;10006.0;3
923953;;;INTARIAN_PEPPER_ROOT;XIRECS;18916.0;4
925452;;;ASH_COATED_OSMIUM;XIRECS;10002.0;3
925467;;;INTARIAN_PEPPER_ROOT;XIRECS;18922.0;4
925506;;;INTARIAN_PEPPER_ROOT;XIRECS;18918.0;6
925936;;;ASH_COATED_OSMIUM;XIRECS;10004.0;5
928676;;;ASH_COATED_OSMIUM;XIRECS;10006.0;5
930668;;;ASH_COATED_OSMIUM;XIRECS;9994.0;7
931309;;;INTARIAN_PEPPER_ROOT;XIRECS;18928.0;7
931906;;;INTARIAN_PEPPER_ROOT;XIRECS;18939.0;3
932065;;;ASH_COATED_OSMIUM;XIRECS;10006.0;5
934861;;;INTARIAN_PEPPER_ROOT;XIRECS;18940.0;5
935587;;;ASH_COATED_OSMIUM;XIRECS;10006.0;6
937982;;;ASH_COATED_OSMIUM;XIRECS;10010.5;4
939844;;;ASH_COATED_OSMIUM;XIRECS;10000.0;6
943251;;;INTARIAN_PEPPER_ROOT;XIRECS;18940.0;8
944716;;;ASH_COATED_OSMIUM;XIRECS;9994.0;9
947338;;;ASH_COATED_OSMIUM;XIRECS;10006.0;10
949771;;;ASH_COATED_OSMIUM;XIRECS;9993.0;6
950707;;;ASH_COATED_OSMIUM;XIRECS;10006.0;8
954184;;;ASH_COATED_OSMIUM;XIRECS;10002.0;5
954721;;;ASH_COATED_OSMIUM;XIRECS;9994.0;2
954825;;;ASH_COATED_OSMIUM;XIRECS;10006.0;4
955214;;;ASH_COATED_OSMIUM;XIRECS;9993.0;3
955570;;;INTARIAN_PEPPER_ROOT;XIRECS;18962.0;3
958604;;;ASH_COATED_OSMIUM;XIRECS;10006.0;9
961133;;;ASH_COATED_OSMIUM;XIRECS;9994.0;2
961619;;;ASH_COATED_OSMIUM;XIRECS;9994.0;5
962216;;;ASH_COATED_OSMIUM;XIRECS;9990.0;3
964018;;;ASH_COATED_OSMIUM;XIRECS;9989.5;3
964164;;;ASH_COATED_OSMIUM;XIRECS;10006.0;7
964775;;;ASH_COATED_OSMIUM;XIRECS;10006.0;5
965009;;;ASH_COATED_OSMIUM;XIRECS;9994.0;7
965595;;;ASH_COATED_OSMIUM;XIRECS;10010.0;4
965666;;;ASH_COATED_OSMIUM;XIRECS;9994.0;8
968228;;;INTARIAN_PEPPER_ROOT;XIRECS;18962.0;4
968559;;;ASH_COATED_OSMIUM;XIRECS;9988.0;8
969515;;;ASH_COATED_OSMIUM;XIRECS;9994.0;6
970751;;;INTARIAN_PEPPER_ROOT;XIRECS;18965.0;4
971858;;;ASH_COATED_OSMIUM;XIRECS;10006.0;5
972097;;;ASH_COATED_OSMIUM;XIRECS;10006.0;2
972966;;;ASH_COATED_OSMIUM;XIRECS;10004.0;2
973310;;;INTARIAN_PEPPER_ROOT;XIRECS;18968.0;5
974047;;;ASH_COATED_OSMIUM;XIRECS;9989.5;5
974839;;;ASH_COATED_OSMIUM;XIRECS;9994.0;2
975537;;;ASH_COATED_OSMIUM;XIRECS;9994.0;2
975575;;;ASH_COATED_OSMIUM;XIRECS;9994.0;5
978636;;;INTARIAN_PEPPER_ROOT;XIRECS;18984.0;3
979181;;;ASH_COATED_OSMIUM;XIRECS;10010.0;6
980244;;;ASH_COATED_OSMIUM;XIRECS;10006.0;5
982964;;;INTARIAN_PEPPER_ROOT;XIRECS;18976.0;3
983494;;;INTARIAN_PEPPER_ROOT;XIRECS;18972.0;3
984644;;;ASH_COATED_OSMIUM;XIRECS;9994.0;5
985878;;;ASH_COATED_OSMIUM;XIRECS;10007.0;4
986935;;;INTARIAN_PEPPER_ROOT;XIRECS;18986.0;5
987935;;;INTARIAN_PEPPER_ROOT;XIRECS;18992.0;5
988305;;;INTARIAN_PEPPER_ROOT;XIRECS;18992.0;5
990557;;;ASH_COATED_OSMIUM;XIRECS;10006.0;6
990869;;;INTARIAN_PEPPER_ROOT;XIRECS;18993.0;5
992731;;;ASH_COATED_OSMIUM;XIRECS;10007.0;4
992942;;;INTARIAN_PEPPER_ROOT;XIRECS;18987.0;4
995033;;;ASH_COATED_OSMIUM;XIRECS;10006.0;10
995559;;;INTARIAN_PEPPER_ROOT;XIRECS;18989.0;6
997616;;;ASH_COATED_OSMIUM;XIRECS;9994.0;5
997945;;;ASH_COATED_OSMIUM;XIRECS;9994.0;3
999510;;;ASH_COATED_OSMIUM;XIRECS;9994.0;7
999543;;;INTARIAN_PEPPER_ROOT;XIRECS;19010.0;7