day;timestamp;product;bid_price_1;bid_volume_1;bid_price_2;bid_volume_2;bid_price_3;bid_volume_3;ask_price_1;ask_volume_1;ask_price_2;ask_volume_2;ask_price_3;ask_volume_3;mid_price;profit_and_loss
-2;0;EMERALDS;9992;11;9990;25;;;10008;11;10010;25;;;10000.0;0.0
-2;0;TOMATOES;4993;7;4992;17;;;5007;7;5008;17;;;5000.0;0.0
-2;100;TOMATOES;4998;5;4993;7;4992;16;5007;7;5008;16;;;5002.5;0.0
-2;100;EMERALDS;9992;15;9990;20;;;10008;15;10010;20;;;10000.0;0.0
-2;200;TOMATOES;4994;6;4993;20;;;5008;6;5009;20;;;5001.0;0.0
-2;200;EMERALDS;9992;15;9990;30;;;10008;15;10010;30;;;10000.0;0.0
-2;300;EMERALDS;9992;13;9990;26;;;10008;13;10010;26;;;10000.0;0.0
-2;300;TOMATOES;4995;5;4993;21;;;5008;5;5009;21;;;5001.5;0.0
-2;400;EMERALDS;9992;15;9990;20;;;10008;15;10010;20;;;10000.0;0.0
-2;400;TOMATOES;4995;8;4993;20;;;5008;8;5009;20;;;5001.5;0.0
-2;500;TOMATOES;4994;6;4993;16;;;5008;6;5009;16;;;5001.0;0.0
-2;500;EMERALDS;9992;13;9990;30;;;10008;13;10010;30;;;10000.0;0.0
-2;600;TOMATOES;4994;9;4992;16;;;5007;9;5008;16;;;5000.5;0.0
-2;600;EMERALDS;9992;12;9990;30;;;10008;12;10010;30;;;10000.0;0.0
-2;700;EMERALDS;9992;11;9990;27;;;10000;6;10008;11;10010;27;9996.0;0.0
-2;700;TOMATOES;4993;5;4992;17;;;5007;5;5008;17;;;5000.0;0.0
-2;800;EMERALDS;9992;15;9990;21;;;10008;15;10010;21;;;10000.0;0.0
-2;800;TOMATOES;4993;6;4992;23;;;5007;6;5008;23;;;5000.0;0.0
-2;900;TOMATOES;4994;5;4993;24;;;5008;5;5009;24;;;5001.0;0.0
-2;900;EMERALDS;9992;13;9990;30;;;10008;13;10010;30;;;10000.0;0.0
-2;1000;TOMATOES;4994;10;4992;24;;;5007;10;5008;24;;;5000.5;0.0
-2;1000;EMERALDS;9992;15;9990;22;;;10008;15;10010;22;;;10000.0;0.0
-2;1100;EMERALDS;9992;10;9990;25;;;10008;10;10010;25;;;10000.0;0.0
-2;1100;TOMATOES;4993;10;4992;21;;;5007;10;5008;21;;;5000.0;0.0
-2;1200;EMERALDS;9992;10;9990;27;;;10008;10;10010;27;;;10000.0;0.0
-2;1200;TOMATOES;4994;7;4992;21;;;5007;7;5008;21;;;5000.5;0.0
-2;1300;TOMATOES;4999;3;4993;9;4992;16;5007;9;5008;16;;;5003.0;0.0
-2;1300;EMERALDS;9992;10;9990;23;;;10008;10;10010;23;;;10000.0;0.0
-2;1400;TOMATOES;4992;9;4991;18;;;5006;9;5007;18;;;4999.0;0.0
-2;1400;EMERALDS;9992;13;9990;26;;;10008;13;10010;26;;;10000.0;0.0
-2;1500;EMERALDS;9992;12;9990;25;;;10008;12;10010;25;;;10000.0;0.0
-2;1500;TOMATOES;4992;9;4991;23;;;5006;9;5007;23;;;4999.0;0.0
-2;1600;EMERALDS;9992;15;9990;23;;;10008;15;10010;23;;;10000.0;0.0
-2;1600;TOMATOES;4992;10;4991;24;;;5006;10;5007;24;;;4999.0;0.0
-2;1700;TOMATOES;4993;5;4992;18;;;5006;5;5008;18;;;4999.5;0.0
-2;1700;EMERALDS;9992;12;9990;28;;;10008;12;10010;28;;;10000.0;0.0
-2;1800;TOMATOES;4993;7;4991;23;;;5006;7;5007;23;;;4999.5;0.0
-2;1800;EMERALDS;9992;14;9990;24;;;10008;14;10010;24;;;10000.0;0.0
-2;1900;EMERALDS;9992;11;9990;25;;;10008;11;10010;25;;;10000.0;0.0
-2;1900;TOMATOES;4992;7;4991;17;;;5005;7;5007;17;;;4998.5;0.0
-2;2000;EMERALDS;9992;10;9990;30;;;10008;10;10010;30;;;10000.0;0.0
-2;2000;TOMATOES;4992;10;4990;17;;;5005;10;5006;17;;;4998.5;0.0
-2;2100;TOMATOES;4991;10;4990;20;;;5005;10;5006;20;;;4998.0;0.0
-2;2100;EMERALDS;9992;13;9990;20;;;10008;13;10010;20;;;10000.0;0.0
-2;2200;TOMATOES;4991;5;4989;19;;;5004;5;5005;19;;;4997.5;0.0
-2;2200;EMERALDS;9992;14;9990;25;;;10008;14;10010;25;;;10000.0;0.0
-2;2300;EMERALDS;9992;11;9990;28;;;10008;11;10010;28;;;10000.0;0.0
-2;2300;TOMATOES;4991;7;4989;22;;;5004;7;5005;22;;;4997.5;0.0
-2;2400;EMERALDS;9992;13;9990;30;;;10008;13;10010;30;;;10000.0;0.0
-2;2400;TOMATOES;4991;7;4989;18;;;5004;7;5005;18;;;4997.5;0.0
-2;2500;TOMATOES;4990;9;4989;18;;;5003;9;5005;18;;;4996.5;0.0
-2;2500;EMERALDS;10000;8;9992;14;9990;21;10008;14;10010;21;;;10004.0;0.0
-2;2600;TOMATOES;4990;8;4988;15;;;5003;8;5004;15;;;4996.5;0.0
-2;2600;EMERALDS;9992;15;9990;21;;;10008;15;10010;21;;;10000.0;0.0
-2;2700;EMERALDS;9992;15;9990;26;;;10008;15;10010;26;;;10000.0;0.0
-2;2700;TOMATOES;4990;5;4989;16;;;5003;5;5005;16;;;4996.5;0.0
-2;2800;EMERALDS;9992;13;9990;28;;;10008;13;10010;28;;;10000.0;0.0
-2;2800;TOMATOES;4989;8;4988;21;;;5002;8;5004;21;;;4995.5;0.0
-2;2900;TOMATOES;4990;10;4988;21;;;5003;10;5004;21;;;4996.5;0.0
-2;2900;EMERALDS;9992;15;9990;30;;;10008;15;10010;30;;;10000.0;0.0
-2;3000;TOMATOES;4989;5;4988;19;;;5003;5;5004;19;;;4996.0;0.0
-2;3000;EMERALDS;9992;12;9990;26;;;10008;12;10010;26;;;10000.0;0.0
-2;3100;EMERALDS;9992;12;9990;23;;;10008;12;10010;23;;;10000.0;0.0
-2;3100;TOMATOES;4989;7;4988;19;;;5002;7;5004;19;;;4995.5;0.0
-2;3200;EMERALDS;9992;11;9990;26;;;10008;11;10010;26;;;10000.0;0.0
-2;3200;TOMATOES;4988;7;4987;22;;;5002;7;5003;22;;;4995.0;0.0
-2;3300;TOMATOES;4988;10;4987;19;;;4993;11;5001;10;5003;19;4990.5;0.0
-2;3300;EMERALDS;9992;15;9990;20;;;10008;15;10010;20;;;10000.0;0.0
-2;3400;TOMATOES;4988;10;4986;21;;;5001;10;5002;21;;;4994.5;0.0
-2;3400;EMERALDS;9992;10;9990;22;;;10008;10;10010;22;;;10000.0;0.0
-2;3500;EMERALDS;9992;10;9990;29;;;10008;10;10010;29;;;10000.0;0.0
-2;3500;TOMATOES;4988;7;4986;23;;;5001;7;5002;23;;;4994.5;0.0
-2;3600;EMERALDS;9992;10;9990;26;;;10008;10;10010;26;;;10000.0;0.0
-2;3600;TOMATOES;4988;7;4987;19;;;5002;7;5003;19;;;4995.0;0.0
-2;3700;TOMATOES;4988;7;4987;17;;;5002;7;5003;17;;;4995.0;0.0
-2;3700;EMERALDS;9992;11;9990;25;;;10008;11;10010;25;;;10000.0;0.0
-2;3800;TOMATOES;4988;8;4987;20;;;5002;8;5003;20;;;4995.0;0.0
-2;3800;EMERALDS;9992;11;9990;27;;;10000;9;10008;11;10010;27;9996.0;0.0
-2;3900;TOMATOES;4989;10;4988;15;;;5002;10;5004;15;;;4995.5;0.0
-2;3900;EMERALDS;9992;14;9990;25;;;10008;14;10010;25;;;10000.0;0.0
-2;4000;EMERALDS;9992;10;9990;27;;;10008;10;10010;27;;;10000.0;0.0
-2;4000;TOMATOES;4989;6;4988;20;;;5002;6;5004;20;;;4995.5;0.0
-2;4100;TOMATOES;4989;5;4987;17;;;5002;5;5003;17;;;4995.5;0.0
-2;4100;EMERALDS;9992;12;9990;28;;;10008;12;10010;28;;;10000.0;0.0
-2;4200;EMERALDS;9992;11;9990;23;;;10008;11;10010;23;;;10000.0;0.0
-2;4200;TOMATOES;4988;5;4987;16;;;5001;5;5003;16;;;4994.5;0.0
-2;4300;TOMATOES;4988;9;4986;25;;;5001;9;5002;25;;;4994.5;0.0
-2;4300;EMERALDS;9992;13;9990;26;;;10008;13;10010;26;;;10000.0;0.0
-2;4400;EMERALDS;9992;11;9990;28;;;10008;11;10010;28;;;10000.0;0.0
-2;4400;TOMATOES;4988;6;4987;17;;;5001;6;5003;17;;;4994.5;0.0
-2;4500;TOMATOES;4988;5;4986;18;;;5001;5;5002;18;;;4994.5;0.0
-2;4500;EMERALDS;9992;12;9990;29;;;10008;12;10010;29;;;10000.0;0.0
-2;4600;EMERALDS;9992;11;9990;29;;;10008;11;10010;29;;;10000.0;0.0
-2;4600;TOMATOES;4988;5;4987;19;;;5002;5;5003;19;;;4995.0;0.0
-2;4700;TOMATOES;4987;5;4986;15;;;5001;5;5002;15;;;4994.0;0.0
-2;4700;EMERALDS;9992;11;9990;29;;;10008;11;10010;29;;;10000.0;0.0
-2;4800;EMERALDS;9992;14;9990;24;;;10008;14;10010;24;;;10000.0;0.0
-2;4800;TOMATOES;4987;7;4986;17;;;5001;7;5002;17;;;4994.0;0.0
-2;4900;TOMATOES;4987;5;4986;24;;;5000;5;5002;24;;;4993.5;0.0
-2;4900;EMERALDS;9992;15;9990;22;;;10008;15;10010;22;;;10000.0;0.0
-2;5000;EMERALDS;9992;15;9990;20;;;10008;15;10010;20;;;10000.0;0.0
-2;5000;TOMATOES;4988;5;4986;25;;;5001;5;5002;25;;;4994.5;0.0
-2;5100;TOMATOES;4988;10;4986;21;;;5001;10;5002;21;;;4994.5;0.0
-2;5100;EMERALDS;9992;11;9990;29;;;10008;11;10010;29;;;10000.0;0.0
-2;5200;EMERALDS;9992;12;9990;25;;;10008;12;10010;25;;;10000.0;0.0
-2;5200;TOMATOES;4988;7;4987;15;;;5001;7;5003;15;;;4994.5;0.0
-2;5300;TOMATOES;4988;8;4987;24;;;5002;8;5003;24;;;4995.0;0.0
-2;5300;EMERALDS;9992;15;9990;22;;;10008;15;10010;22;;;10000.0;0.0
-2;5400;EMERALDS;9992;15;9990;29;;;10008;15;10010;29;;;10000.0;0.0
-2;5400;TOMATOES;4988;5;4987;15;;;5002;5;5003;15;;;4995.0;0.0
-2;5500;TOMATOES;4988;5;4987;24;;;5002;5;5003;24;;;4995.0;0.0
-2;5500;EMERALDS;9992;13;9990;28;;;10008;13;10010;28;;;10000.0;0.0
-2;5600;EMERALDS;9992;15;9990;30;;;10008;15;10010;30;;;10000.0;0.0
-2;5600;TOMATOES;4994;6;4988;6;4987;19;5002;6;5003;19;;;4998.0;0.0
-2;5700;TOMATOES;4989;7;4987;21;;;5002;7;5003;21;;;4995.5;0.0
-2;5700;EMERALDS;9992;12;9990;29;;;10008;12;10010;29;;;10000.0;0.0
-2;5800;EMERALDS;9992;15;9990;26;;;10008;15;10010;26;;;10000.0;0.0
-2;5800;TOMATOES;4988;9;4987;18;;;5002;9;5003;18;;;4995.0;0.0
-2;5900;TOMATOES;4988;5;4987;20;;;5002;5;5003;20;;;4995.0;0.0
-2;5900;EMERALDS;10000;8;9992;13;9990;28;10008;13;10010;28;;;10004.0;0.0
-2;6000;EMERALDS;9992;10;9990;21;;;10008;10;10010;21;;;10000.0;0.0
-2;6000;TOMATOES;4988;9;4986;23;;;5001;9;5002;23;;;4994.5;0.0
-2;6100;EMERALDS;9992;11;9990;26;;;10008;11;10010;26;;;10000.0;0.0
-2;6100;TOMATOES;4987;6;4986;17;;;5001;6;5002;17;;;4994.0;0.0
-2;6200;EMERALDS;9992;12;9990;23;;;10008;12;10010;23;;;10000.0;0.0
-2;6200;TOMATOES;4988;8;4986;18;;;5001;8;5002;18;;;4994.5;0.0
-2;6300;TOMATOES;4988;6;4986;17;;;5001;6;5002;17;;;4994.5;0.0
-2;6300;EMERALDS;9992;13;9990;26;;;10008;13;10010;26;;;10000.0;0.0
-2;6400;TOMATOES;4988;7;4987;23;;;5001;7;5003;23;;;4994.5;0.0
-2;6400;EMERALDS;9992;13;9990;26;;;10008;13;10010;26;;;10000.0;0.0
-2;6500;EMERALDS;9992;13;9990;21;;;10008;13;10010;21;;;10000.0;0.0
-2;6500;TOMATOES;4993;5;4988;5;4986;19;5001;5;5002;19;;;4997.0;0.0
-2;6600;EMERALDS;9992;13;9990;23;;;10008;13;10010;23;;;10000.0;0.0
-2;6600;TOMATOES;4988;8;4987;21;;;5001;8;5003;21;;;4994.5;0.0
-2;6700;TOMATOES;4988;8;4987;20;;;5001;8;5003;20;;;4994.5;0.0
-2;6700;EMERALDS;9992;14;9990;27;;;10008;14;10010;27;;;10000.0;0.0
-2;6800;TOMATOES;4987;8;4986;21;;;4992;11;5000;8;5002;21;4989.5;0.0
-2;6800;EMERALDS;9992;14;9990;23;;;10008;14;10010;23;;;10000.0;0.0
-2;6900;EMERALDS;9992;13;9990;28;;;10008;13;10010;28;;;10000.0;0.0
-2;6900;TOMATOES;4986;7;4985;15;;;5000;7;5001;15;;;4993.0;0.0
-2;7000;EMERALDS;9992;14;9990;24;;;10008;14;10010;24;;;10000.0;0.0
-2;7000;TOMATOES;4987;5;4986;25;;;5000;5;5002;25;;;4993.5;0.0
-2;7100;TOMATOES;4987;6;4986;17;;;5000;6;5002;17;;;4993.5;0.0
-2;7100;EMERALDS;9992;11;9990;26;;;10008;11;10010;26;;;10000.0;0.0
-2;7200;TOMATOES;4987;6;4986;20;;;5000;6;5002;20;;;4993.5;0.0
-2;7200;EMERALDS;9992;14;9990;26;;;10008;14;10010;26;;;10000.0;0.0
-2;7300;EMERALDS;9992;11;9990;27;;;10008;11;10010;27;;;10000.0;0.0
-2;7300;TOMATOES;4987;8;4986;23;;;5001;8;5002;23;;;4994.0;0.0
-2;7400;EMERALDS;9992;11;9990;28;;;10008;11;10010;28;;;10000.0;0.0
-2;7400;TOMATOES;4987;6;4986;24;;;5000;6;5002;24;;;4993.5;0.0
-2;7500;TOMATOES;4987;10;4986;24;;;5001;10;5002;24;;;4994.0;0.0
-2;7500;EMERALDS;9992;10;9990;25;;;10000;6;10008;10;10010;25;9996.0;0.0
-2;7600;TOMATOES;4987;8;4986;18;;;5001;8;5002;18;;;4994.0;0.0
-2;7600;EMERALDS;9992;13;9990;28;;;10008;13;10010;28;;;10000.0;0.0
-2;7700;EMERALDS;9992;13;9990;25;;;10008;13;10010;25;;;10000.0;0.0
-2;7700;TOMATOES;4988;10;4987;22;;;5001;10;5003;22;;;4994.5;0.0
-2;7800;EMERALDS;9992;14;9990;21;;;10008;14;10010;21;;;10000.0;0.0
-2;7800;TOMATOES;4988;10;4986;18;;;5001;10;5002;18;;;4994.5;0.0
-2;7900;TOMATOES;4988;6;4987;18;;;5001;6;5003;18;;;4994.5;0.0
-2;7900;EMERALDS;9992;13;9990;29;;;10008;13;10010;29;;;10000.0;0.0
-2;8000;TOMATOES;4988;10;4986;25;;;5001;10;5002;25;;;4994.5;0.0
-2;8000;EMERALDS;9992;15;9990;23;;;10008;15;10010;23;;;10000.0;0.0
-2;8100;EMERALDS;9992;15;9990;20;;;10008;15;10010;20;;;10000.0;0.0
-2;8100;TOMATOES;4987;9;4986;20;;;5001;9;5002;20;;;4994.0;0.0
-2;8200;EMERALDS;9992;14;9990;30;;;10008;14;10010;30;;;10000.0;0.0
-2;8200;TOMATOES;4994;5;4987;9;4986;24;5001;9;5002;24;;;4997.5;0.0
-2;8300;TOMATOES;4987;5;4986;17;;;5000;5;5002;17;;;4993.5;0.0
-2;8300;EMERALDS;9992;14;9990;27;;;10008;14;10010;27;;;10000.0;0.0
-2;8400;TOMATOES;4987;6;4986;15;;;5001;6;5002;15;;;4994.0;0.0
-2;8400;EMERALDS;9992;10;9990;25;;;10008;10;10010;25;;;10000.0;0.0
-2;8500;EMERALDS;9992;12;9990;23;;;10008;12;10010;23;;;10000.0;0.0
-2;8500;TOMATOES;4988;5;4987;21;;;5002;5;5003;21;;;4995.0;0.0
-2;8600;EMERALDS;9992;13;9990;27;;;10008;13;10010;27;;;10000.0;0.0
-2;8600;TOMATOES;4988;9;4987;25;;;5002;9;5003;25;;;4995.0;0.0
-2;8700;TOMATOES;4987;6;4986;20;;;5001;6;5002;20;;;4994.0;0.0
-2;8700;EMERALDS;9992;10;9990;22;;;10008;10;10010;22;;;10000.0;0.0
-2;8800;TOMATOES;4988;10;4986;19;;;5001;10;5002;19;;;4994.5;0.0
-2;8800;EMERALDS;9992;13;9990;20;;;10008;13;10010;20;;;10000.0;0.0
-2;8900;EMERALDS;9992;12;9990;26;;;10008;12;10010;26;;;10000.0;0.0
-2;8900;TOMATOES;4986;10;4985;15;;;5000;10;5001;15;;;4993.0;0.0
-2;9000;EMERALDS;9992;10;9990;29;;;10008;10;10010;29;;;10000.0;0.0
-2;9000;TOMATOES;4987;9;4985;20;;;5000;9;5001;20;;;4993.5;0.0
-2;9100;TOMATOES;4988;10;4986;18;;;5001;10;5002;18;;;4994.5;0.0
-2;9100;EMERALDS;9992;11;9990;24;;;10008;11;10010;24;;;10000.0;0.0
-2;9200;TOMATOES;4987;7;4986;20;;;5001;7;5002;20;;;4994.0;0.0
-2;9200;EMERALDS;9992;10;9990;28;;;10008;10;10010;28;;;10000.0;0.0
-2;9300;EMERALDS;9992;11;9990;26;;;10008;11;10010;26;;;10000.0;0.0
-2;9300;TOMATOES;4993;5;4987;7;4986;15;5001;7;5002;15;;;4997.0;0.0
-2;9400;EMERALDS;9992;11;9990;25;;;10008;11;10010;25;;;10000.0;0.0
-2;9400;TOMATOES;4987;8;4985;19;;;5000;8;5001;19;;;4993.5;0.0
-2;9500;TOMATOES;4986;6;4985;16;;;5000;6;5001;16;;;4993.0;0.0
-2;9500;EMERALDS;9992;12;9990;23;;;10008;12;10010;23;;;10000.0;0.0
-2;9600;TOMATOES;4992;3;4986;10;4985;20;5000;10;5001;20;;;4996.0;0.0
-2;9600;EMERALDS;9992;10;9990;29;;;10008;10;10010;29;;;10000.0;0.0
-2;9700;EMERALDS;9992;13;9990;28;;;10008;13;10010;28;;;10000.0;0.0
-2;9700;TOMATOES;4986;7;4985;25;;;5000;7;5001;25;;;4993.0;0.0
-2;9800;EMERALDS;9992;15;9990;23;;;10008;15;10010;23;;;10000.0;0.0
-2;9800;TOMATOES;4986;6;4985;21;;;5000;6;5001;21;;;4993.0;0.0
-2;9900;TOMATOES;4987;10;4986;21;;;5001;10;5002;21;;;4994.0;0.0
-2;9900;EMERALDS;9992;14;9990;25;;;10008;14;10010;25;;;10000.0;0.0
-2;10000;TOMATOES;4987;10;4986;24;;;5001;10;5002;24;;;4994.0;0.0
-2;10000;EMERALDS;9992;11;9990;30;;;10008;11;10010;30;;;10000.0;0.0
-2;10100;EMERALDS;9992;10;9990;25;;;10008;10;10010;25;;;10000.0;0.0
-2;10100;TOMATOES;4992;6;4987;10;4986;16;5001;10;5002;16;;;4996.5;0.0
-2;10200;EMERALDS;9992;13;9990;29;;;10008;13;10010;29;;;10000.0;0.0
-2;10200;TOMATOES;4987;7;4986;17;;;5001;7;5002;17;;;4994.0;0.0
-2;10300;TOMATOES;4987;10;4986;16;;;5001;10;5002;16;;;4994.0;0.0
-2;10300;EMERALDS;9992;13;9990;23;;;10008;13;10010;23;;;10000.0;0.0
-2;10400;TOMATOES;4986;8;4985;16;;;5000;8;5001;16;;;4993.0;0.0
-2;10400;EMERALDS;9992;10;9990;22;;;10008;10;10010;22;;;10000.0;0.0
-2;10500;EMERALDS;9992;10;9990;20;;;10008;10;10010;20;;;10000.0;0.0
-2;10500;TOMATOES;4987;10;4986;22;;;5000;10;5001;22;;;4993.5;0.0
-2;10600;EMERALDS;9992;13;9990;29;;;10008;13;10010;29;;;10000.0;0.0
-2;10600;TOMATOES;4986;10;4985;22;;;5000;10;5001;22;;;4993.0;0.0
-2;10700;TOMATOES;4986;5;4984;18;;;4999;5;5000;18;;;4992.5;0.0
-2;10700;EMERALDS;9992;14;9990;29;;;10008;14;10010;29;;;10000.0;0.0
-2;10800;TOMATOES;4985;5;4984;21;;;4999;5;5000;21;;;4992.0;0.0
-2;10800;EMERALDS;9992;11;9990;22;;;10008;11;10010;22;;;10000.0;0.0
-2;10900;EMERALDS;9992;15;9990;21;;;10008;15;10010;21;;;10000.0;0.0
-2;10900;TOMATOES;4985;8;4983;22;;;4998;8;4999;22;;;4991.5;0.0
-2;11000;EMERALDS;9992;13;9990;27;;;10008;13;10010;27;;;10000.0;0.0
-2;11000;TOMATOES;4985;8;4984;17;;;4999;8;5000;17;;;4992.0;0.0
-2;11100;TOMATOES;4985;9;4983;15;;;4998;9;4999;15;;;4991.5;0.0
-2;11100;EMERALDS;9992;11;9990;29;;;10008;11;10010;29;;;10000.0;0.0
-2;11200;TOMATOES;4985;10;4984;18;;;4998;10;4999;18;;;4991.5;0.0
-2;11200;EMERALDS;10000;5;9992;10;9990;20;10008;10;10010;20;;;10004.0;0.0
-2;11300;EMERALDS;9992;12;9990;21;;;10008;12;10010;21;;;10000.0;0.0
-2;11300;TOMATOES;4985;9;4984;21;;;4999;9;5000;21;;;4992.0;0.0
-2;11400;EMERALDS;9992;12;9990;30;;;10008;12;10010;30;;;10000.0;0.0
-2;11400;TOMATOES;4985;8;4984;15;;;4998;8;5000;15;;;4991.5;0.0
-2;11500;TOMATOES;4984;8;4983;23;;;4998;8;4999;23;;;4991.0;0.0
-2;11500;EMERALDS;9992;13;9990;24;;;10008;13;10010;24;;;10000.0;0.0
-2;11600;TOMATOES;4986;9;4984;21;;;4999;9;5000;21;;;4992.5;0.0
-2;11600;EMERALDS;9992;12;9990;30;;;10008;12;10010;30;;;10000.0;0.0
-2;11700;EMERALDS;9992;13;9990;22;;;10008;13;10010;22;;;10000.0;0.0
-2;11700;TOMATOES;4985;5;4984;19;;;4999;5;5000;19;;;4992.0;0.0
-2;11800;EMERALDS;9992;10;9990;29;;;10008;10;10010;29;;;10000.0;0.0
-2;11800;TOMATOES;4986;10;4984;21;;;4999;10;5000;21;;;4992.5;0.0
-2;11900;TOMATOES;4986;6;4985;21;;;4999;6;5001;21;;;4992.5;0.0
-2;11900;EMERALDS;9992;14;9990;22;;;10008;14;10010;22;;;10000.0;0.0
-2;12000;TOMATOES;4986;8;4985;20;;;5000;8;5001;20;;;4993.0;0.0
-2;12000;EMERALDS;9992;13;9990;28;;;10008;13;10010;28;;;10000.0;0.0
-2;12100;EMERALDS;9992;11;9990;21;;;10008;11;10010;21;;;10000.0;0.0
-2;12100;TOMATOES;4986;5;4985;21;;;4999;5;5001;21;;;4992.5;0.0
-2;12200;EMERALDS;9992;13;9990;23;;;10008;13;10010;23;;;10000.0;0.0
-2;12200;TOMATOES;4987;5;4985;21;;;5000;5;5001;21;;;4993.5;0.0
-2;12300;TOMATOES;4987;5;4985;18;;;5000;5;5001;18;;;4993.5;0.0
-2;12300;EMERALDS;9992;11;9990;28;;;10000;9;10008;11;10010;28;9996.0;0.0
-2;12400;TOMATOES;4987;6;4985;24;;;5000;6;5001;24;;;4993.5;0.0
-2;12400;EMERALDS;9992;15;9990;25;;;10008;15;10010;25;;;10000.0;0.0
-2;12500;EMERALDS;9992;13;9990;28;;;10008;13;10010;28;;;10000.0;0.0
-2;12500;TOMATOES;4987;10;4985;23;;;5000;10;5001;23;;;4993.5;0.0
-2;12600;EMERALDS;9992;15;9990;26;;;10008;15;10010;26;;;10000.0;0.0
-2;12600;TOMATOES;4985;7;4984;16;;;4999;7;5000;16;;;4992.0;0.0
-2;12700;TOMATOES;4986;6;4985;18;;;4999;6;5001;18;;;4992.5;0.0
-2;12700;EMERALDS;9992;13;9990;22;;;10008;13;10010;22;;;10000.0;0.0
-2;12800;EMERALDS;9992;14;9990;20;;;10008;14;10010;20;;;10000.0;0.0
-2;12800;TOMATOES;4986;8;4985;17;;;5000;8;5001;17;;;4993.0;0.0
-2;12900;TOMATOES;4986;10;4984;20;;;4999;10;5000;20;;;4992.5;0.0
-2;12900;EMERALDS;9992;10;9990;20;;;10008;10;10010;20;;;10000.0;0.0
-2;13000;EMERALDS;9992;15;9990;30;;;10008;15;10010;30;;;10000.0;0.0
-2;13000;TOMATOES;4986;9;4985;25;;;5000;9;5001;25;;;4993.0;0.0
-2;13100;TOMATOES;4992;6;4986;6;4985;25;5000;6;5001;25;;;4996.0;0.0
-2;13100;EMERALDS;9992;10;9990;21;;;10008;10;10010;21;;;10000.0;0.0
-2;13200;EMERALDS;9992;12;9990;22;;;10008;12;10010;22;;;10000.0;0.0
-2;13200;TOMATOES;4986;5;4985;23;;;4999;5;5001;23;;;4992.5;0.0
-2;13300;TOMATOES;4986;7;4985;21;;;4999;7;5001;21;;;4992.5;0.0
-2;13300;EMERALDS;9992;11;9990;27;;;10008;11;10010;27;;;10000.0;0.0
-2;13400;EMERALDS;9992;15;9990;27;;;10008;15;10010;27;;;10000.0;0.0
-2;13400;TOMATOES;4986;8;4984;21;;;4999;8;5000;21;;;4992.5;0.0
-2;13500;TOMATOES;4985;5;4984;16;;;4999;5;5000;16;;;4992.0;0.0
-2;13500;EMERALDS;9992;14;9990;27;;;10008;14;10010;27;;;10000.0;0.0
-2;13600;EMERALDS;9992;13;9990;24;;;10008;13;10010;24;;;10000.0;0.0
-2;13600;TOMATOES;4991;3;4986;9;4984;25;4999;9;5000;25;;;4995.0;0.0
-2;13700;TOMATOES;4985;6;4984;22;;;4999;6;5000;22;;;4992.0;0.0
-2;13700;EMERALDS;9992;14;9990;20;;;10008;14;10010;20;;;10000.0;0.0
-2;13800;EMERALDS;9992;13;9990;22;;;10008;13;10010;22;;;10000.0;0.0
-2;13800;TOMATOES;4985;7;4984;24;;;4999;7;5000;24;;;4992.0;0.0
-2;13900;TOMATOES;4985;8;4984;15;;;4999;8;5000;15;;;4992.0;0.0
-2;13900;EMERALDS;9992;14;9990;20;;;10008;14;10010;20;;;10000.0;0.0
-2;14000;EMERALDS;9992;14;9990;25;;;10008;14;10010;25;;;10000.0;0.0
-2;14000;TOMATOES;4985;7;4984;16;;;4998;7;5000;16;;;4991.5;0.0
-2;14100;TOMATOES;4985;7;4984;22;;;4998;7;5000;22;;;4991.5;0.0
-2;14100;EMERALDS;9992;12;9990;25;;;10008;12;10010;25;;;10000.0;0.0
-2;14200;EMERALDS;9992;10;9990;23;;;10008;10;10010;23;;;10000.0;0.0
-2;14200;TOMATOES;4984;5;4983;18;;;4998;5;4999;18;;;4991.0;0.0
-2;14300;TOMATOES;4983;7;4982;23;;;4997;7;4998;23;;;4990.0;0.0
-2;14300;EMERALDS;10000;7;9992;14;9990;23;10008;14;10010;23;;;10004.0;0.0
-2;14400;EMERALDS;9992;14;9990;20;;;10008;14;10010;20;;;10000.0;0.0
-2;14400;TOMATOES;4983;8;4982;17;;;4997;8;4998;17;;;4990.0;0.0
-2;14500;TOMATOES;4983;6;4982;17;;;4997;6;4998;17;;;4990.0;0.0
-2;14500;EMERALDS;9992;14;9990;30;;;10008;14;10010;30;;;10000.0;0.0
-2;14600;EMERALDS;9992;15;9990;20;;;10000;8;10008;15;10010;20;9996.0;0.0
-2;14600;TOMATOES;4991;5;4983;8;4982;18;4997;8;4998;18;;;4994.0;0.0
-2;14700;TOMATOES;4983;7;4982;19;;;4997;7;4998;19;;;4990.0;0.0
-2;14700;EMERALDS;9992;15;9990;20;;;10008;15;10010;20;;;10000.0;0.0
-2;14800;EMERALDS;9992;13;9990;28;;;10008;13;10010;28;;;10000.0;0.0
-2;14800;TOMATOES;4984;6;4983;25;;;4998;6;4999;25;;;4991.0;0.0
-2;14900;TOMATOES;4984;7;4983;16;;;4997;7;4999;16;;;4990.5;0.0
-2;14900;EMERALDS;9992;10;9990;29;;;10000;9;10008;10;10010;29;9996.0;0.0
-2;15000;TOMATOES;4984;6;4983;25;;;4998;6;4999;25;;;4991.0;0.0
-2;15000;EMERALDS;9992;10;9990;21;;;10008;10;10010;21;;;10000.0;0.0
-2;15100;EMERALDS;9992;15;9990;29;;;10008;15;10010;29;;;10000.0;0.0
-2;15100;TOMATOES;4985;8;4983;17;;;4998;8;4999;17;;;4991.5;0.0
-2;15200;EMERALDS;9992;11;9990;28;;;10008;11;10010;28;;;10000.0;0.0
-2;15200;TOMATOES;4984;5;4983;15;;;4998;5;4999;15;;;4991.0;0.0
-2;15300;TOMATOES;4985;9;4984;19;;;4998;9;4999;19;;;4991.5;0.0
-2;15300;EMERALDS;9992;10;9990;26;;;10008;10;10010;26;;;10000.0;0.0
-2;15400;TOMATOES;4985;5;4984;25;;;4999;5;5000;25;;;4992.0;0.0
-2;15400;EMERALDS;9992;13;9990;22;;;10008;13;10010;22;;;10000.0;0.0
-2;15500;EMERALDS;9992;14;9990;24;;;10008;14;10010;24;;;10000.0;0.0
-2;15500;TOMATOES;4986;6;4984;18;;;4999;6;5000;18;;;4992.5;0.0
-2;15600;EMERALDS;9992;15;9990;25;;;10008;15;10010;25;;;10000.0;0.0
-2;15600;TOMATOES;4985;8;4984;22;;;4999;8;5000;22;;;4992.0;0.0
-2;15700;TOMATOES;4985;5;4984;21;;;4999;5;5000;21;;;4992.0;0.0
-2;15700;EMERALDS;9992;11;9990;29;;;10008;11;10010;29;;;10000.0;0.0
-2;15800;TOMATOES;4986;7;4985;24;;;4999;7;5001;24;;;4992.5;0.0
-2;15800;EMERALDS;9992;10;9990;20;;;10008;10;10010;20;;;10000.0;0.0
-2;15900;EMERALDS;9992;12;9990;25;;;10008;12;10010;25;;;10000.0;0.0
-2;15900;TOMATOES;4985;7;4984;18;;;4998;7;5000;18;;;4991.5;0.0
-2;16000;EMERALDS;9992;10;9990;21;;;10008;10;10010;21;;;10000.0;0.0
-2;16000;TOMATOES;4985;6;4984;16;;;4999;6;5000;16;;;4992.0;0.0
-2;16100;TOMATOES;4985;10;4984;16;;;4998;10;5000;16;;;4991.5;0.0
-2;16100;EMERALDS;9992;14;9990;25;;;10008;14;10010;25;;;10000.0;0.0
-2;16200;TOMATOES;4991;4;4985;5;4984;23;4999;5;5000;23;;;4995.0;0.0
-2;16200;EMERALDS;9992;12;9990;29;;;10008;12;10010;29;;;10000.0;0.0
-2;16300;EMERALDS;9992;13;9990;30;;;10008;13;10010;30;;;10000.0;0.0
-2;16300;TOMATOES;4986;8;4984;22;;;4999;8;5000;22;;;4992.5;0.0
-2;16400;EMERALDS;9992;12;9990;27;;;10008;12;10010;27;;;10000.0;0.0
-2;16400;TOMATOES;4985;9;4984;21;;;4992;6;4999;9;5000;21;4988.5;0.0
-2;16500;TOMATOES;4986;7;4984;23;;;4999;7;5000;23;;;4992.5;0.0
-2;16500;EMERALDS;9992;12;9990;26;;;10008;12;10010;26;;;10000.0;0.0
-2;16600;TOMATOES;4986;8;4985;20;;;5000;8;5001;20;;;4993.0;0.0
-2;16600;EMERALDS;9992;13;9990;23;;;10008;13;10010;23;;;10000.0;0.0
-2;16700;EMERALDS;9992;13;9990;24;;;10008;13;10010;24;;;10000.0;0.0
-2;16700;TOMATOES;4986;5;4985;16;;;5000;5;5001;16;;;4993.0;0.0
-2;16800;EMERALDS;9992;11;9990;21;;;10008;11;10010;21;;;10000.0;0.0
-2;16800;TOMATOES;4986;9;4985;18;;;4999;9;5001;18;;;4992.5;0.0
-2;16900;TOMATOES;4986;6;4985;19;;;4999;6;5001;19;;;4992.5;0.0
-2;16900;EMERALDS;9992;12;9990;25;;;10008;12;10010;25;;;10000.0;0.0
-2;17000;TOMATOES;4986;9;4985;23;;;5000;9;5001;23;;;4993.0;0.0
-2;17000;EMERALDS;9992;10;9990;27;;;10008;10;10010;27;;;10000.0;0.0
-2;17100;EMERALDS;9992;14;9990;25;;;10008;14;10010;25;;;10000.0;0.0
-2;17100;TOMATOES;4986;8;4985;18;;;5000;8;5001;18;;;4993.0;0.0
-2;17200;EMERALDS;9992;14;9990;30;;;10008;14;10010;30;;;10000.0;0.0
-2;17200;TOMATOES;4986;10;4985;15;;;5000;10;5001;15;;;4993.0;0.0
-2;17300;TOMATOES;4986;7;4985;16;;;5000;7;5001;16;;;4993.0;0.0
-2;17300;EMERALDS;9992;12;9990;24;;;10008;12;10010;24;;;10000.0;0.0
-2;17400;TOMATOES;4987;7;4986;23;;;5001;7;5002;23;;;4994.0;0.0
-2;17400;EMERALDS;9992;10;9990;26;;;10008;10;10010;26;;;10000.0;0.0
-2;17500;EMERALDS;9992;11;9990;21;;;10008;11;10010;21;;;10000.0;0.0
-2;17500;TOMATOES;4988;6;4987;15;;;5001;6;5003;15;;;4994.5;0.0
-2;17600;EMERALDS;9992;15;9990;29;;;10008;15;10010;29;;;10000.0;0.0
-2;17600;TOMATOES;4987;9;4986;17;;;5001;9;5002;17;;;4994.0;0.0
-2;17700;TOMATOES;4986;5;4985;19;;;5000;5;5001;19;;;4993.0;0.0
-2;17700;EMERALDS;9992;10;9990;26;;;10008;10;10010;26;;;10000.0;0.0
-2;17800;TOMATOES;4986;7;4985;20;;;4999;7;5001;20;;;4992.5;0.0
-2;17800;EMERALDS;9992;13;9990;29;;;10008;13;10010;29;;;10000.0;0.0
-2;17900;EMERALDS;9992;14;9990;20;;;10008;14;10010;20;;;10000.0;0.0
-2;17900;TOMATOES;4985;6;4984;16;;;4998;6;5000;16;;;4991.5;0.0
-2;18000;EMERALDS;9992;12;9990;29;;;10008;12;10010;29;;;10000.0;0.0
-2;18000;TOMATOES;4990;3;4985;5;4984;24;4999;5;5000;24;;;4994.5;0.0
-2;18100;TOMATOES;4986;5;4985;21;;;5000;5;5001;21;;;4993.0;0.0
-2;18100;EMERALDS;9992;11;9990;26;;;10008;11;10010;26;;;10000.0;0.0
-2;18200;TOMATOES;4986;10;4985;24;;;5000;10;5001;24;;;4993.0;0.0
-2;18200;EMERALDS;9992;15;9990;28;;;10008;15;10010;28;;;10000.0;0.0
-2;18300;EMERALDS;9992;14;9990;27;;;10008;14;10010;27;;;10000.0;0.0
-2;18300;TOMATOES;4986;10;4985;18;;;5000;10;5001;18;;;4993.0;0.0
-2;18400;EMERALDS;9992;11;9990;20;;;10008;11;10010;20;;;10000.0;0.0
-2;18400;TOMATOES;4987;10;4986;24;;;5000;10;5001;24;;;4993.5;0.0
-2;18500;TOMATOES;4987;6;4986;22;;;5001;6;5002;22;;;4994.0;0.0
-2;18500;EMERALDS;9992;15;9990;26;;;10008;15;10010;26;;;10000.0;0.0
-2;18600;TOMATOES;4987;8;4986;17;;;5001;8;5002;17;;;4994.0;0.0
-2;18600;EMERALDS;9992;14;9990;30;;;10008;14;10010;30;;;10000.0;0.0
-2;18700;EMERALDS;9992;11;9990;30;;;10008;11;10010;30;;;10000.0;0.0
-2;18700;TOMATOES;4993;3;4987;9;4986;20;5001;9;5002;20;;;4997.0;0.0
-2;18800;EMERALDS;9992;13;9990;24;;;10008;13;10010;24;;;10000.0;0.0
-2;18800;TOMATOES;4988;5;4987;25;;;5001;5;5003;25;;;4994.5;0.0
-2;18900;TOMATOES;4988;9;4987;18;;;5001;9;5003;18;;;4994.5;0.0
-2;18900;EMERALDS;9992;10;9990;23;;;10008;10;10010;23;;;10000.0;0.0
-2;19000;TOMATOES;4988;8;4987;23;;;5001;8;5003;23;;;4994.5;0.0
-2;19000;EMERALDS;9992;11;9990;23;;;10008;11;10010;23;;;10000.0;0.0
-2;19100;EMERALDS;9992;11;9990;23;;;10008;11;10010;23;;;10000.0;0.0
-2;19100;TOMATOES;4988;9;4986;23;;;5001;9;5002;23;;;4994.5;0.0
-2;19200;EMERALDS;9992;14;9990;24;;;10008;14;10010;24;;;10000.0;0.0
-2;19200;TOMATOES;4987;10;4986;16;;;5001;10;5002;16;;;4994.0;0.0
-2;19300;TOMATOES;4986;10;4985;18;;;5000;10;5001;18;;;4993.0;0.0
-2;19300;EMERALDS;9992;10;9990;29;;;10008;10;10010;29;;;10000.0;0.0
-2;19400;TOMATOES;4987;6;4985;18;;;5000;6;5001;18;;;4993.5;0.0
-2;19400;EMERALDS;9992;13;9990;22;;;10008;13;10010;22;;;10000.0;0.0
-2;19500;EMERALDS;9992;14;9990;29;;;10008;14;10010;29;;;10000.0;0.0
-2;19500;TOMATOES;4986;6;4985;17;;;4999;6;5001;17;;;4992.5;0.0
-2;19600;EMERALDS;9992;10;9990;21;;;10008;10;10010;21;;;10000.0;0.0
-2;19600;TOMATOES;4986;6;4985;17;;;5000;6;5001;17;;;4993.0;0.0
-2;19700;TOMATOES;4986;9;4985;22;;;5000;9;5001;22;;;4993.0;0.0
-2;19700;EMERALDS;9992;15;9990;25;;;10008;15;10010;25;;;10000.0;0.0
-2;19800;TOMATOES;4986;6;4985;24;;;5000;6;5001;24;;;4993.0;0.0
-2;19800;EMERALDS;9992;15;9990;23;;;10008;15;10010;23;;;10000.0;0.0
-2;19900;EMERALDS;9992;12;9990;24;;;10008;12;10010;24;;;10000.0;0.0
-2;19900;TOMATOES;4987;5;4986;25;;;5000;5;5002;25;;;4993.5;0.0
-2;20000;EMERALDS;9992;15;9990;28;;;10008;15;10010;28;;;10000.0;0.0
-2;20000;TOMATOES;4987;7;4986;20;;;5001;7;5002;20;;;4994.0;0.0
-2;20100;TOMATOES;4987;8;4986;15;;;5001;8;5002;15;;;4994.0;0.0
-2;20100;EMERALDS;9992;15;9990;30;;;10008;15;10010;30;;;10000.0;0.0
-2;20200;TOMATOES;4988;5;4986;17;;;5001;5;5002;17;;;4994.5;0.0
-2;20200;EMERALDS;9992;12;9990;27;;;10008;12;10010;27;;;10000.0;0.0
-2;20300;EMERALDS;9992;13;9990;24;;;10008;13;10010;24;;;10000.0;0.0
-2;20300;TOMATOES;4987;8;4986;20;;;5001;8;5002;20;;;4994.0;0.0
-2;20400;EMERALDS;9992;12;9990;25;;;10008;12;10010;25;;;10000.0;0.0
-2;20400;TOMATOES;4988;8;4987;15;;;5002;8;5003;15;;;4995.0;0.0
-2;20500;TOMATOES;4988;6;4987;18;;;5002;6;5003;18;;;4995.0;0.0
-2;20500;EMERALDS;9992;10;9990;24;;;10008;10;10010;24;;;10000.0;0.0
-2;20600;TOMATOES;4988;6;4986;24;;;5001;6;5002;24;;;4994.5;0.0
-2;20600;EMERALDS;9992;10;9990;21;;;10008;10;10010;21;;;10000.0;0.0
-2;20700;EMERALDS;9992;15;9990;22;;;10008;15;10010;22;;;10000.0;0.0
-2;20700;TOMATOES;4987;7;4986;19;;;5001;7;5002;19;;;4994.0;0.0
-2;20800;EMERALDS;9992;13;9990;21;;;10008;13;10010;21;;;10000.0;0.0
-2;20800;TOMATOES;4987;10;4986;23;;;5001;10;5002;23;;;4994.0;0.0
-2;20900;TOMATOES;4987;10;4986;16;;;5000;10;5002;16;;;4993.5;0.0
-2;20900;EMERALDS;9992;13;9990;28;;;10008;13;10010;28;;;10000.0;0.0
-2;21000;TOMATOES;4987;10;4986;24;;;5000;10;5002;24;;;4993.5;0.0
-2;21000;EMERALDS;9992;12;9990;28;;;10008;12;10010;28;;;10000.0;0.0
-2;21100;EMERALDS;9992;15;9990;22;;;10008;15;10010;22;;;10000.0;0.0
-2;21100;TOMATOES;4987;9;4986;24;;;5000;9;5002;24;;;4993.5;0.0
-2;21200;EMERALDS;9992;14;9990;27;;;10008;14;10010;27;;;10000.0;0.0
-2;21200;TOMATOES;4987;6;4986;25;;;5000;6;5002;25;;;4993.5;0.0
-2;21300;TOMATOES;4987;9;4986;23;;;5001;9;5002;23;;;4994.0;0.0
-2;21300;EMERALDS;9992;15;9990;27;;;10008;15;10010;27;;;10000.0;0.0
-2;21400;TOMATOES;4987;9;4986;20;;;5000;9;5002;20;;;4993.5;0.0
-2;21400;EMERALDS;9992;14;9990;21;;;10008;14;10010;21;;;10000.0;0.0
-2;21500;EMERALDS;9992;15;9990;25;;;10008;15;10010;25;;;10000.0;0.0
-2;21500;TOMATOES;4987;5;4986;16;;;5001;5;5002;16;;;4994.0;0.0
-2;21600;EMERALDS;9992;10;9990;23;;;10008;10;10010;23;;;10000.0;0.0
-2;21600;TOMATOES;4987;6;4986;18;;;5000;6;5002;18;;;4993.5;0.0
-2;21700;TOMATOES;4988;6;4986;18;;;5001;6;5002;18;;;4994.5;0.0
-2;21700;EMERALDS;9992;13;9990;22;;;10008;13;10010;22;;;10000.0;0.0
-2;21800;EMERALDS;9992;11;9990;25;;;10008;11;10010;25;;;10000.0;0.0
-2;21800;TOMATOES;4987;10;4986;25;;;5001;10;5002;25;;;4994.0;0.0
-2;21900;TOMATOES;4987;6;4986;18;;;5000;6;5001;18;;;4993.5;0.0
-2;21900;EMERALDS;10000;6;9992;12;9990;21;10008;12;10010;21;;;10004.0;0.0
-2;22000;EMERALDS;9992;12;9990;24;;;10008;12;10010;24;;;10000.0;0.0
-2;22000;TOMATOES;4986;9;4985;25;;;5000;9;5001;25;;;4993.0;0.0
-2;22100;TOMATOES;4987;9;4986;19;;;5000;9;5002;19;;;4993.5;0.0
-2;22100;EMERALDS;9992;14;9990;25;;;10008;14;10010;25;;;10000.0;0.0
-2;22200;EMERALDS;9992;15;9990;25;;;10008;15;10010;25;;;10000.0;0.0
-2;22200;TOMATOES;4987;10;4986;24;;;5001;10;5002;24;;;4994.0;0.0
-2;22300;TOMATOES;4988;9;4987;23;;;4993;9;5001;9;5003;23;4990.5;0.0
-2;22300;EMERALDS;9992;15;9990;27;;;10008;15;10010;27;;;10000.0;0.0
-2;22400;EMERALDS;9992;11;9990;28;;;10008;11;10010;28;;;10000.0;0.0
-2;22400;TOMATOES;4988;7;4986;17;;;4993;11;5001;7;5002;17;4990.5;0.0
-2;22500;TOMATOES;4987;9;4986;16;;;5001;9;5002;16;;;4994.0;0.0
-2;22500;EMERALDS;9992;14;9990;29;;;10008;14;10010;29;;;10000.0;0.0
-2;22600;EMERALDS;9992;13;9990;22;;;10008;13;10010;22;;;10000.0;0.0
-2;22600;TOMATOES;4987;5;4986;22;;;5000;5;5001;22;;;4993.5;0.0
-2;22700;TOMATOES;4987;7;4985;15;;;5000;7;5001;15;;;4993.5;0.0
-2;22700;EMERALDS;9992;13;9990;27;;;10008;13;10010;27;;;10000.0;0.0
-2;22800;EMERALDS;10000;6;9992;10;9990;20;10008;10;10010;20;;;10004.0;0.0
-2;22800;TOMATOES;4987;8;4985;23;;;5000;8;5001;23;;;4993.5;0.0
-2;22900;TOMATOES;4988;8;4987;18;;;5002;8;5003;18;;;4995.0;0.0
-2;22900;EMERALDS;9992;13;9990;21;;;10008;13;10010;21;;;10000.0;0.0
-2;23000;EMERALDS;9992;13;9990;24;;;10008;13;10010;24;;;10000.0;0.0
-2;23000;TOMATOES;4987;5;4986;24;;;5001;5;5002;24;;;4994.0;0.0
-2;23100;TOMATOES;4987;6;4986;23;;;5001;6;5002;23;;;4994.0;0.0
-2;23100;EMERALDS;9992;15;9990;21;;;10008;15;10010;21;;;10000.0;0.0
-2;23200;EMERALDS;9992;13;9990;28;;;10008;13;10010;28;;;10000.0;0.0
-2;23200;TOMATOES;4988;5;4987;25;;;5001;5;5003;25;;;4994.5;0.0
-2;23300;TOMATOES;4993;4;4988;9;4987;19;5002;9;5003;19;;;4997.5;0.0
-2;23300;EMERALDS;9992;15;9990;20;;;10008;15;10010;20;;;10000.0;0.0
-2;23400;EMERALDS;9992;10;9990;21;;;10008;10;10010;21;;;10000.0;0.0
-2;23400;TOMATOES;4989;5;4987;25;;;5002;5;5003;25;;;4995.5;0.0
-2;23500;TOMATOES;4988;6;4987;15;;;5002;6;5003;15;;;4995.0;0.0
-2;23500;EMERALDS;9992;14;9990;22;;;10008;14;10010;22;;;10000.0;0.0
-2;23600;EMERALDS;9992;14;9990;22;;;10008;14;10010;22;;;10000.0;0.0
-2;23600;TOMATOES;4989;7;4987;20;;;5002;7;5003;20;;;4995.5;0.0
-2;23700;TOMATOES;4989;9;4987;22;;;5002;9;5003;22;;;4995.5;0.0
-2;23700;EMERALDS;9992;14;9990;26;;;10008;14;10010;26;;;10000.0;0.0
-2;23800;EMERALDS;9992;12;9990;27;;;10008;12;10010;27;;;10000.0;0.0
-2;23800;TOMATOES;4988;6;4987;18;;;5001;6;5003;18;;;4994.5;0.0
-2;23900;TOMATOES;4988;5;4986;24;;;5001;5;5002;24;;;4994.5;0.0
-2;23900;EMERALDS;9992;14;9990;23;;;10008;14;10010;23;;;10000.0;0.0
-2;24000;TOMATOES;4987;6;4986;19;;;5001;6;5002;19;;;4994.0;0.0
-2;24000;EMERALDS;9992;14;9990;24;;;10008;14;10010;24;;;10000.0;0.0
-2;24100;EMERALDS;9992;13;9990;29;;;10000;6;10008;13;10010;29;9996.0;0.0
-2;24100;TOMATOES;4987;9;4986;16;;;5001;9;5002;16;;;4994.0;0.0
-2;24200;EMERALDS;9992;12;9990;30;;;10008;12;10010;30;;;10000.0;0.0
-2;24200;TOMATOES;4987;7;4986;20;;;5001;7;5002;20;;;4994.0;0.0
-2;24300;TOMATOES;4987;5;4986;24;;;5000;5;5002;24;;;4993.5;0.0
-2;24300;EMERALDS;9992;15;9990;29;;;10008;15;10010;29;;;10000.0;0.0
-2;24400;TOMATOES;4987;9;4986;19;;;5000;9;5002;19;;;4993.5;0.0
-2;24400;EMERALDS;9992;14;9990;28;;;10008;14;10010;28;;;10000.0;0.0
-2;24500;EMERALDS;9992;15;9990;20;;;10008;15;10010;20;;;10000.0;0.0
-2;24500;TOMATOES;4987;6;4986;22;;;5001;6;5002;22;;;4994.0;0.0
-2;24600;EMERALDS;9992;10;9990;28;;;10008;10;10010;28;;;10000.0;0.0
-2;24600;TOMATOES;4988;7;4986;22;;;5001;7;5002;22;;;4994.5;0.0
-2;24700;TOMATOES;4988;8;4987;21;;;5002;8;5003;21;;;4995.0;0.0
-2;24700;EMERALDS;9992;10;9990;27;;;10008;10;10010;27;;;10000.0;0.0
-2;24800;TOMATOES;4988;10;4987;19;;;5001;10;5003;19;;;4994.5;0.0
-2;24800;EMERALDS;9992;14;9990;21;;;10008;14;10010;21;;;10000.0;0.0
-2;24900;EMERALDS;9992;11;9990;26;;;10008;11;10010;26;;;10000.0;0.0
-2;24900;TOMATOES;4988;8;4987;15;;;5002;8;5003;15;;;4995.0;0.0
-2;25000;EMERALDS;9992;15;9990;22;;;10008;15;10010;22;;;10000.0;0.0
-2;25000;TOMATOES;4988;5;4987;23;;;5002;5;5003;23;;;4995.0;0.0
-2;25100;TOMATOES;4988;6;4987;23;;;5001;6;5003;23;;;4994.5;0.0
-2;25100;EMERALDS;9992;14;9990;24;;;10008;14;10010;24;;;10000.0;0.0
-2;25200;TOMATOES;4988;8;4986;18;;;5001;8;5002;18;;;4994.5;0.0
-2;25200;EMERALDS;9992;13;9990;25;;;10008;13;10010;25;;;10000.0;0.0
-2;25300;EMERALDS;9992;14;9990;23;;;10008;14;10010;23;;;10000.0;0.0
-2;25300;TOMATOES;4988;8;4987;22;;;5002;8;5003;22;;;4995.0;0.0
-2;25400;EMERALDS;9992;10;9990;22;;;10008;10;10010;22;;;10000.0;0.0
-2;25400;TOMATOES;4988;8;4987;19;;;5002;8;5003;19;;;4995.0;0.0
-2;25500;TOMATOES;4988;8;4987;19;;;5002;8;5003;19;;;4995.0;0.0
-2;25500;EMERALDS;9992;15;9990;29;;;10008;15;10010;29;;;10000.0;0.0
-2;25600;TOMATOES;4988;7;4987;17;;;5002;7;5003;17;;;4995.0;0.0
-2;25600;EMERALDS;9992;15;9990;29;;;10008;15;10010;29;;;10000.0;0.0
-2;25700;EMERALDS;9992;13;9990;28;;;10008;13;10010;28;;;10000.0;0.0
-2;25700;TOMATOES;4988;8;4987;18;;;5001;8;5003;18;;;4994.5;0.0
-2;25800;EMERALDS;9992;11;9990;23;;;10008;11;10010;23;;;10000.0;0.0
-2;25800;TOMATOES;4994;3;4989;7;4988;23;5003;7;5004;23;;;4998.5;0.0
-2;25900;TOMATOES;4989;5;4988;22;;;5003;5;5004;22;;;4996.0;0.0
-2;25900;EMERALDS;9992;11;9990;24;;;10008;11;10010;24;;;10000.0;0.0
-2;26000;TOMATOES;4990;7;4989;18;;;5004;7;5005;18;;;4997.0;0.0
-2;26000;EMERALDS;9992;11;9990;24;;;10008;11;10010;24;;;10000.0;0.0
-2;26100;EMERALDS;9992;12;9990;21;;;10008;12;10010;21;;;10000.0;0.0
-2;26100;TOMATOES;4990;10;4989;25;;;5004;10;5005;25;;;4997.0;0.0
-2;26200;EMERALDS;9992;12;9990;30;;;10008;12;10010;30;;;10000.0;0.0
-2;26200;TOMATOES;4991;9;4989;19;;;5004;9;5005;19;;;4997.5;0.0
-2;26300;TOMATOES;4991;6;4990;25;;;5005;6;5006;25;;;4998.0;0.0
-2;26300;EMERALDS;9992;13;9990;28;;;10008;13;10010;28;;;10000.0;0.0
-2;26400;TOMATOES;4991;8;4989;15;;;5004;8;5005;15;;;4997.5;0.0
-2;26400;EMERALDS;9992;14;9990;24;;;10008;14;10010;24;;;10000.0;0.0
-2;26500;EMERALDS;9992;13;9990;25;;;10008;13;10010;25;;;10000.0;0.0
-2;26500;TOMATOES;4990;5;4988;18;;;5003;5;5004;18;;;4996.5;0.0
-2;26600;EMERALDS;9992;15;9990;22;;;10008;15;10010;22;;;10000.0;0.0
-2;26600;TOMATOES;4989;6;4988;18;;;5003;6;5004;18;;;4996.0;0.0
-2;26700;TOMATOES;4994;2;4989;10;4988;21;5002;10;5004;21;;;4998.0;0.0
-2;26700;EMERALDS;9992;11;9990;22;;;10008;11;10010;22;;;10000.0;0.0
-2;26800;TOMATOES;4989;7;4987;25;;;4994;12;5002;7;5003;25;4991.5;0.0
-2;26800;EMERALDS;9992;12;9990;22;;;10008;12;10010;22;;;10000.0;0.0
-2;26900;EMERALDS;9992;14;9990;26;;;10008;14;10010;26;;;10000.0;0.0
-2;26900;TOMATOES;4988;6;4987;24;;;5002;6;5003;24;;;4995.0;0.0
-2;27000;EMERALDS;9992;10;9990;21;;;10008;10;10010;21;;;10000.0;0.0
-2;27000;TOMATOES;4988;9;4987;18;;;5001;9;5003;18;;;4994.5;0.0
-2;27100;TOMATOES;4988;8;4987;17;;;5002;8;5003;17;;;4995.0;0.0
-2;27100;EMERALDS;10000;9;9992;10;9990;30;10008;10;10010;30;;;10004.0;0.0
-2;27200;TOMATOES;4989;6;4987;21;;;5002;6;5003;21;;;4995.5;0.0
-2;27200;EMERALDS;10000;10;9992;10;9990;28;10008;10;10010;28;;;10004.0;0.0
-2;27300;EMERALDS;9992;15;9990;30;;;10008;15;10010;30;;;10000.0;0.0
-2;27300;TOMATOES;4988;10;4987;21;;;5001;10;5003;21;;;4994.5;0.0
-2;27400;EMERALDS;9992;15;9990;23;;;10008;15;10010;23;;;10000.0;0.0
-2;27400;TOMATOES;4988;10;4987;24;;;4995;6;5001;10;5003;24;4991.5;0.0
-2;27500;TOMATOES;4988;8;4987;15;;;5001;8;5003;15;;;4994.5;0.0
-2;27500;EMERALDS;9992;12;9990;26;;;10008;12;10010;26;;;10000.0;0.0
-2;27600;TOMATOES;4988;8;4987;19;;;5002;8;5003;19;;;4995.0;0.0
-2;27600;EMERALDS;9992;15;9990;29;;;10008;15;10010;29;;;10000.0;0.0
-2;27700;EMERALDS;9992;13;9990;27;;;10008;13;10010;27;;;10000.0;0.0
-2;27700;TOMATOES;4994;3;4988;7;4987;21;5002;7;5003;21;;;4998.0;0.0
-2;27800;EMERALDS;9992;13;9990;23;;;10008;13;10010;23;;;10000.0;0.0
-2;27800;TOMATOES;4988;9;4986;17;;;5001;9;5002;17;;;4994.5;0.0
-2;27900;TOMATOES;4987;10;4986;15;;;5001;10;5002;15;;;4994.0;0.0
-2;27900;EMERALDS;9992;12;9990;22;;;10008;12;10010;22;;;10000.0;0.0
-2;28000;TOMATOES;4987;7;4986;16;;;5000;7;5002;16;;;4993.5;0.0
-2;28000;EMERALDS;9992;10;9990;29;;;10008;10;10010;29;;;10000.0;0.0
-2;28100;EMERALDS;9992;15;9990;24;;;10008;15;10010;24;;;10000.0;0.0
-2;28100;TOMATOES;4987;6;4986;22;;;4994;5;5001;6;5002;22;4990.5;0.0
-2;28200;EMERALDS;9992;12;9990;23;;;10008;12;10010;23;;;10000.0;0.0
-2;28200;TOMATOES;4988;10;4986;21;;;5001;10;5002;21;;;4994.5;0.0
-2;28300;TOMATOES;4989;7;4987;21;;;5002;7;5003;21;;;4995.5;0.0
-2;28300;EMERALDS;9992;14;9990;27;;;10008;14;10010;27;;;10000.0;0.0
-2;28400;TOMATOES;4988;7;4987;17;;;5002;7;5003;17;;;4995.0;0.0
-2;28400;EMERALDS;9992;11;9990;23;;;10008;11;10010;23;;;10000.0;0.0
-2;28500;EMERALDS;9992;15;9990;25;;;10008;15;10010;25;;;10000.0;0.0
-2;28500;TOMATOES;4988;5;4987;22;;;5002;5;5003;22;;;4995.0;0.0
-2;28600;EMERALDS;9992;10;9990;24;;;10008;10;10010;24;;;10000.0;0.0
-2;28600;TOMATOES;4988;7;4986;24;;;5001;7;5002;24;;;4994.5;0.0
-2;28700;TOMATOES;4995;12;4988;5;4987;23;5002;5;5003;23;;;4998.5;0.0
-2;28700;EMERALDS;9992;10;9990;30;;;10008;10;10010;30;;;10000.0;0.0
-2;28800;TOMATOES;4988;7;4987;24;;;5002;7;5003;24;;;4995.0;0.0
-2;28800;EMERALDS;9992;12;9990;27;;;10008;12;10010;27;;;10000.0;0.0
-2;28900;EMERALDS;9992;10;9990;22;;;10008;10;10010;22;;;10000.0;0.0
-2;28900;TOMATOES;4988;5;4987;23;;;5002;5;5003;23;;;4995.0;0.0
-2;29000;EMERALDS;9992;12;9990;24;;;10008;12;10010;24;;;10000.0;0.0
-2;29000;TOMATOES;4989;8;4988;17;;;5003;8;5004;17;;;4996.0;0.0
-2;29100;TOMATOES;4989;5;4988;16;;;5003;5;5004;16;;;4996.0;0.0
-2;29100;EMERALDS;10000;6;9992;13;9990;21;10008;13;10010;21;;;10004.0;0.0
-2;29200;TOMATOES;4990;7;4989;23;;;5003;7;5004;23;;;4996.5;0.0
-2;29200;EMERALDS;9992;10;9990;30;;;10008;10;10010;30;;;10000.0;0.0
-2;29300;EMERALDS;9992;14;9990;23;;;10008;14;10010;23;;;10000.0;0.0
-2;29300;TOMATOES;4990;10;4989;23;;;5003;10;5005;23;;;4996.5;0.0
-2;29400;EMERALDS;9992;12;9990;25;;;10008;12;10010;25;;;10000.0;0.0
-2;29400;TOMATOES;4991;5;4989;22;;;5004;5;5005;22;;;4997.5;0.0
-2;29500;TOMATOES;4991;6;4989;19;;;5004;6;5005;19;;;4997.5;0.0
-2;29500;EMERALDS;9992;14;9990;29;;;10008;14;10010;29;;;10000.0;0.0
-2;29600;TOMATOES;4991;6;4990;24;;;5004;6;5006;24;;;4997.5;0.0
-2;29600;EMERALDS;9992;12;9990;22;;;10008;12;10010;22;;;10000.0;0.0
-2;29700;EMERALDS;9992;13;9990;29;;;10008;13;10010;29;;;10000.0;0.0
-2;29700;TOMATOES;4991;5;4990;17;;;5004;5;5006;17;;;4997.5;0.0
-2;29800;EMERALDS;9992;13;9990;20;;;10008;13;10010;20;;;10000.0;0.0
-2;29800;TOMATOES;4991;9;4990;22;;;5005;9;5006;22;;;4998.0;0.0
-2;29900;TOMATOES;4991;10;4989;21;;;5004;10;5005;21;;;4997.5;0.0
-2;29900;EMERALDS;9992;15;9990;27;;;10008;15;10010;27;;;10000.0;0.0
-2;30000;TOMATOES;4990;5;4989;24;;;5004;5;5005;24;;;4997.0;0.0
-2;30000;EMERALDS;9992;11;9990;27;;;10008;11;10010;27;;;10000.0;0.0
-2;30100;EMERALDS;9992;10;9990;21;;;10008;10;10010;21;;;10000.0;0.0
-2;30100;TOMATOES;4996;6;4991;10;4990;22;5004;10;5006;22;;;5000.0;0.0
-2;30200;EMERALDS;9992;12;9990;27;;;10008;12;10010;27;;;10000.0;0.0
-2;30200;TOMATOES;4992;6;4990;24;;;5005;6;5006;24;;;4998.5;0.0
-2;30300;TOMATOES;4991;7;4990;19;;;5004;7;5006;19;;;4997.5;0.0
-2;30300;EMERALDS;9992;11;9990;28;;;10008;11;10010;28;;;10000.0;0.0
-2;30400;TOMATOES;4990;9;4989;19;;;5004;9;5005;19;;;4997.0;0.0
-2;30400;EMERALDS;9992;15;9990;29;;;10008;15;10010;29;;;10000.0;0.0
-2;30500;TOMATOES;4990;5;4989;18;;;4996;8;5004;5;5005;18;4993.0;0.0
-2;30500;EMERALDS;9992;10;9990;20;;;10008;10;10010;20;;;10000.0;0.0
-2;30600;EMERALDS;9992;12;9990;29;;;10008;12;10010;29;;;10000.0;0.0
-2;30600;TOMATOES;4991;10;4990;21;;;5005;10;5006;21;;;4998.0;0.0
-2;30700;TOMATOES;4992;9;4990;21;;;5005;9;5006;21;;;4998.5;0.0
-2;30700;EMERALDS;9992;11;9990;24;;;10008;11;10010;24;;;10000.0;0.0
-2;30800;EMERALDS;9992;14;9990;29;;;10008;14;10010;29;;;10000.0;0.0
-2;30800;TOMATOES;4991;7;4990;23;;;5004;7;5006;23;;;4997.5;0.0
-2;30900;TOMATOES;4992;6;4990;16;;;4997;11;5005;6;5006;16;4994.5;0.0
-2;30900;EMERALDS;9992;14;9990;29;;;10008;14;10010;29;;;10000.0;0.0
-2;31000;EMERALDS;9992;15;9990;28;;;10008;15;10010;28;;;10000.0;0.0
-2;31000;TOMATOES;4992;5;4991;22;;;5005;5;5007;22;;;4998.5;0.0
-2;31100;TOMATOES;4992;8;4991;16;;;5005;8;5007;16;;;4998.5;0.0
-2;31100;EMERALDS;9992;15;9990;25;;;10008;15;10010;25;;;10000.0;0.0
-2;31200;EMERALDS;9992;11;9990;24;;;10008;11;10010;24;;;10000.0;0.0
-2;31200;TOMATOES;4992;10;4991;23;;;5005;10;5007;23;;;4998.5;0.0
-2;31300;TOMATOES;4991;6;4989;19;;;5004;6;5005;19;;;4997.5;0.0
-2;31300;EMERALDS;9992;13;9990;22;;;10008;13;10010;22;;;10000.0;0.0
-2;31400;EMERALDS;10000;9;9992;10;9990;24;10008;10;10010;24;;;10004.0;0.0
-2;31400;TOMATOES;4990;10;4989;21;;;5004;10;5005;21;;;4997.0;0.0
-2;31500;TOMATOES;4990;7;4989;21;;;5004;7;5005;21;;;4997.0;0.0
-2;31500;EMERALDS;9992;13;9990;30;;;10008;13;10010;30;;;10000.0;0.0
-2;31600;EMERALDS;9992;14;9990;22;;;10008;14;10010;22;;;10000.0;0.0
-2;31600;TOMATOES;4990;8;4989;23;;;5004;8;5005;23;;;4997.0;0.0
-2;31700;TOMATOES;4991;10;4989;23;;;5004;10;5005;23;;;4997.5;0.0
-2;31700;EMERALDS;9992;14;9990;25;;;10008;14;10010;25;;;10000.0;0.0
-2;31800;EMERALDS;9992;12;9990;23;;;10008;12;10010;23;;;10000.0;0.0
-2;31800;TOMATOES;4992;9;4990;15;;;5005;9;5006;15;;;4998.5;0.0
-2;31900;TOMATOES;4992;5;4991;20;;;5006;5;5007;20;;;4999.0;0.0
-2;31900;EMERALDS;9992;14;9990;29;;;10008;14;10010;29;;;10000.0;0.0
-2;32000;EMERALDS;9992;10;9990;22;;;10008;10;10010;22;;;10000.0;0.0
-2;32000;TOMATOES;4992;7;4990;17;;;5005;7;5006;17;;;4998.5;0.0
-2;32100;TOMATOES;4992;5;4991;24;;;5006;5;5007;24;;;4999.0;0.0
-2;32100;EMERALDS;9992;11;9990;22;;;10008;11;10010;22;;;10000.0;0.0
-2;32200;EMERALDS;9992;10;9990;30;;;10008;10;10010;30;;;10000.0;0.0
-2;32200;TOMATOES;4992;6;4990;20;;;5005;6;5006;20;;;4998.5;0.0
-2;32300;TOMATOES;4991;9;4990;19;;;5004;9;5006;19;;;4997.5;0.0
-2;32300;EMERALDS;9992;14;9990;20;;;10008;14;10010;20;;;10000.0;0.0
-2;32400;EMERALDS;9992;10;9990;30;;;10008;10;10010;30;;;10000.0;0.0
-2;32400;TOMATOES;4992;9;4990;22;;;5005;9;5006;22;;;4998.5;0.0
-2;32500;TOMATOES;4992;5;4991;20;;;5006;5;5007;20;;;4999.0;0.0
-2;32500;EMERALDS;9992;13;9990;20;;;10008;13;10010;20;;;10000.0;0.0
-2;32600;EMERALDS;9992;15;9990;21;;;10008;15;10010;21;;;10000.0;0.0
-2;32600;TOMATOES;4992;10;4990;17;;;5005;10;5006;17;;;4998.5;0.0
-2;32700;TOMATOES;4990;5;4989;24;;;5004;5;5005;24;;;4997.0;0.0
-2;32700;EMERALDS;9992;10;9990;29;;;10008;10;10010;29;;;10000.0;0.0
-2;32800;EMERALDS;9992;14;9990;24;;;10008;14;10010;24;;;10000.0;0.0
-2;32800;TOMATOES;4990;10;4989;24;;;4997;5;5003;10;5005;24;4993.5;0.0
-2;32900;TOMATOES;4991;8;4989;16;;;5004;8;5005;16;;;4997.5;0.0
-2;32900;EMERALDS;9992;15;9990;30;;;10008;15;10010;30;;;10000.0;0.0
-2;33000;TOMATOES;4992;7;4991;25;;;5005;7;5007;25;;;4998.5;0.0
-2;33000;EMERALDS;9992;13;9990;26;;;10008;13;10010;26;;;10000.0;0.0
-2;33100;EMERALDS;9992;15;9990;27;;;10008;15;10010;27;;;10000.0;0.0
-2;33100;TOMATOES;4992;6;4991;18;;;5006;6;5007;18;;;4999.0;0.0
-2;33200;EMERALDS;9992;13;9990;20;;;10008;13;10010;20;;;10000.0;0.0
-2;33200;TOMATOES;4991;7;4990;23;;;5005;7;5006;23;;;4998.0;0.0
-2;33300;TOMATOES;4991;6;4990;21;;;5005;6;5006;21;;;4998.0;0.0
-2;33300;EMERALDS;9992;10;9990;24;;;10008;10;10010;24;;;10000.0;0.0
-2;33400;TOMATOES;4992;9;4991;20;;;5005;9;5007;20;;;4998.5;0.0
-2;33400;EMERALDS;9992;13;9990;28;;;10008;13;10010;28;;;10000.0;0.0
-2;33500;EMERALDS;9992;15;9990;26;;;10008;15;10010;26;;;10000.0;0.0
-2;33500;TOMATOES;4992;9;4991;19;;;5005;9;5007;19;;;4998.5;0.0
-2;33600;EMERALDS;9992;11;9990;26;;;10008;11;10010;26;;;10000.0;0.0
-2;33600;TOMATOES;4992;10;4990;22;;;5005;10;5006;22;;;4998.5;0.0
-2;33700;TOMATOES;4992;7;4990;16;;;5005;7;5006;16;;;4998.5;0.0
-2;33700;EMERALDS;9992;13;9990;24;;;10008;13;10010;24;;;10000.0;0.0
-2;33800;TOMATOES;4991;6;4990;17;;;5005;6;5006;17;;;4998.0;0.0
-2;33800;EMERALDS;9992;12;9990;20;;;10008;12;10010;20;;;10000.0;0.0
-2;33900;EMERALDS;9992;15;9990;21;;;10008;15;10010;21;;;10000.0;0.0
-2;33900;TOMATOES;4992;6;4990;17;;;5005;6;5006;17;;;4998.5;0.0
-2;34000;EMERALDS;9992;15;9990;26;;;10008;15;10010;26;;;10000.0;0.0
-2;34000;TOMATOES;4991;8;4990;21;;;5005;8;5006;21;;;4998.0;0.0
-2;34100;TOMATOES;4991;6;4990;19;;;5005;6;5006;19;;;4998.0;0.0
-2;34100;EMERALDS;9992;10;9990;23;;;10008;10;10010;23;;;10000.0;0.0
-2;34200;TOMATOES;4991;9;4990;16;;;5005;9;5006;16;;;4998.0;0.0
-2;34200;EMERALDS;9992;10;9990;21;;;10008;10;10010;21;;;10000.0;0.0
-2;34300;EMERALDS;9992;11;9990;27;;;10008;11;10010;27;;;10000.0;0.0
-2;34300;TOMATOES;4991;10;4989;18;;;5004;10;5005;18;;;4997.5;0.0
-2;34400;EMERALDS;9992;15;9990;29;;;10008;15;10010;29;;;10000.0;0.0
-2;34400;TOMATOES;4992;8;4991;20;;;5005;8;5007;20;;;4998.5;0.0
-2;34500;TOMATOES;4992;6;4990;21;;;5005;6;5006;21;;;4998.5;0.0
-2;34500;EMERALDS;9992;14;9990;23;;;10008;14;10010;23;;;10000.0;0.0
-2;34600;TOMATOES;4992;5;4990;15;;;5005;5;5006;15;;;4998.5;0.0
-2;34600;EMERALDS;9992;10;9990;28;;;10008;10;10010;28;;;10000.0;0.0
-2;34700;EMERALDS;9992;15;9990;29;;;10008;15;10010;29;;;10000.0;0.0
-2;34700;TOMATOES;4992;9;4991;16;;;5006;9;5007;16;;;4999.0;0.0
-2;34800;EMERALDS;9992;13;9990;23;;;10008;13;10010;23;;;10000.0;0.0
-2;34800;TOMATOES;4993;8;4991;15;;;5006;8;5007;15;;;4999.5;0.0
-2;34900;TOMATOES;4993;10;4992;19;;;5006;10;5008;19;;;4999.5;0.0
-2;34900;EMERALDS;9992;10;9990;26;;;10008;10;10010;26;;;10000.0;0.0
-2;35000;TOMATOES;4993;6;4991;18;;;5006;6;5007;18;;;4999.5;0.0
-2;35000;EMERALDS;9992;12;9990;21;;;10000;6;10008;12;10010;21;9996.0;0.0
-2;35100;EMERALDS;10000;10;9992;10;9990;22;10008;10;10010;22;;;10004.0;0.0
-2;35100;TOMATOES;4993;8;4992;17;;;5006;8;5008;17;;;4999.5;0.0
-2;35200;EMERALDS;9992;13;9990;26;;;10008;13;10010;26;;;10000.0;0.0
-2;35200;TOMATOES;4993;6;4992;20;;;5006;6;5008;20;;;4999.5;0.0
-2;35300;TOMATOES;4992;10;4991;25;;;5006;10;5007;25;;;4999.0;0.0
-2;35300;EMERALDS;9992;15;9990;21;;;10008;15;10010;21;;;10000.0;0.0
-2;35400;TOMATOES;4992;5;4991;16;;;5006;5;5007;16;;;4999.0;0.0
-2;35400;EMERALDS;9992;10;9990;22;;;10008;10;10010;22;;;10000.0;0.0
-2;35500;EMERALDS;9992;10;9990;22;;;10008;10;10010;22;;;10000.0;0.0
-2;35500;TOMATOES;4992;9;4991;23;;;4998;6;5006;9;5007;23;4995.0;0.0
-2;35600;EMERALDS;9992;10;9990;27;;;10008;10;10010;27;;;10000.0;0.0
-2;35600;TOMATOES;4992;10;4991;16;;;5006;10;5007;16;;;4999.0;0.0
-2;35700;TOMATOES;4993;7;4991;22;;;5006;7;5007;22;;;4999.5;0.0
-2;35700;EMERALDS;9992;15;9990;24;;;10008;15;10010;24;;;10000.0;0.0
-2;35800;TOMATOES;4993;8;4992;17;;;5006;8;5008;17;;;4999.5;0.0
-2;35800;EMERALDS;9992;10;9990;26;;;10008;10;10010;26;;;10000.0;0.0
-2;35900;EMERALDS;9992;11;9990;22;;;10008;11;10010;22;;;10000.0;0.0
-2;35900;TOMATOES;4992;9;4991;22;;;5006;9;5007;22;;;4999.0;0.0
-2;36000;EMERALDS;9992;12;9990;28;;;10008;12;10010;28;;;10000.0;0.0
-2;36000;TOMATOES;4992;9;4991;19;;;5006;9;5007;19;;;4999.0;0.0
-2;36100;TOMATOES;4992;8;4991;22;;;5006;8;5007;22;;;4999.0;0.0
-2;36100;EMERALDS;9992;15;9990;29;;;10008;15;10010;29;;;10000.0;0.0
-2;36200;TOMATOES;4992;9;4991;18;;;5005;9;5007;18;;;4998.5;0.0
-2;36200;EMERALDS;9992;15;9990;28;;;10008;15;10010;28;;;10000.0;0.0
-2;36300;EMERALDS;9992;10;9990;25;;;10008;10;10010;25;;;10000.0;0.0
-2;36300;TOMATOES;4992;7;4990;22;;;5005;7;5006;22;;;4998.5;0.0
-2;36400;EMERALDS;9992;12;9990;30;;;10008;12;10010;30;;;10000.0;0.0
-2;36400;TOMATOES;4992;6;4991;20;;;5006;6;5007;20;;;4999.0;0.0
-2;36500;TOMATOES;4992;7;4991;20;;;5006;7;5007;20;;;4999.0;0.0
-2;36500;EMERALDS;9992;12;9990;24;;;10008;12;10010;24;;;10000.0;0.0
-2;36600;TOMATOES;4991;7;4990;15;;;5004;7;5006;15;;;4997.5;0.0
-2;36600;EMERALDS;9992;15;9990;29;;;10008;15;10010;29;;;10000.0;0.0
-2;36700;EMERALDS;9992;14;9990;30;;;10008;14;10010;30;;;10000.0;0.0
-2;36700;TOMATOES;4991;10;4989;25;;;5004;10;5005;25;;;4997.5;0.0
-2;36800;EMERALDS;9992;14;9990;22;;;10008;14;10010;22;;;10000.0;0.0
-2;36800;TOMATOES;4997;3;4992;5;4991;16;5005;5;5007;16;;;5001.0;0.0
-2;36900;TOMATOES;4992;6;4991;16;;;5005;6;5007;16;;;4998.5;0.0
-2;36900;EMERALDS;9992;15;9990;22;;;10008;15;10010;22;;;10000.0;0.0
-2;37000;TOMATOES;4992;10;4991;20;;;5005;10;5007;20;;;4998.5;0.0
-2;37000;EMERALDS;9992;12;9990;26;;;10008;12;10010;26;;;10000.0;0.0
-2;37100;EMERALDS;9992;14;9990;20;;;10008;14;10010;20;;;10000.0;0.0
-2;37100;TOMATOES;4993;9;4991;23;;;5006;9;5007;23;;;4999.5;0.0
-2;37200;EMERALDS;9992;15;9990;27;;;10008;15;10010;27;;;10000.0;0.0
-2;37200;TOMATOES;4993;7;4992;16;;;5006;7;5008;16;;;4999.5;0.0
-2;37300;TOMATOES;4992;10;4991;17;;;5006;10;5007;17;;;4999.0;0.0
-2;37300;EMERALDS;9992;12;9990;21;;;10008;12;10010;21;;;10000.0;0.0
-2;37400;TOMATOES;4992;7;4991;19;;;5005;7;5007;19;;;4998.5;0.0
-2;37400;EMERALDS;9992;15;9990;30;;;10008;15;10010;30;;;10000.0;0.0
-2;37500;EMERALDS;9992;10;9990;22;;;10008;10;10010;22;;;10000.0;0.0
-2;37500;TOMATOES;4991;6;4990;23;;;5005;6;5006;23;;;4998.0;0.0
-2;37600;EMERALDS;9992;13;9990;22;;;10008;13;10010;22;;;10000.0;0.0
-2;37600;TOMATOES;4992;9;4990;22;;;5005;9;5006;22;;;4998.5;0.0
-2;37700;TOMATOES;4991;8;4990;16;;;5005;8;5006;16;;;4998.0;0.0
-2;37700;EMERALDS;9992;10;9990;20;;;10008;10;10010;20;;;10000.0;0.0
-2;37800;TOMATOES;4992;9;4990;18;;;5005;9;5006;18;;;4998.5;0.0
-2;37800;EMERALDS;9992;13;9990;20;;;10008;13;10010;20;;;10000.0;0.0
-2;37900;EMERALDS;9992;14;9990;24;;;10008;14;10010;24;;;10000.0;0.0
-2;37900;TOMATOES;4991;5;4990;24;;;5005;5;5006;24;;;4998.0;0.0
-2;38000;EMERALDS;9992;14;9990;25;;;10008;14;10010;25;;;10000.0;0.0
-2;38000;TOMATOES;4992;10;4990;21;;;5005;10;5006;21;;;4998.5;0.0
-2;38100;TOMATOES;4992;6;4990;22;;;5005;6;5006;22;;;4998.5;0.0
-2;38100;EMERALDS;9992;15;9990;26;;;10008;15;10010;26;;;10000.0;0.0
-2;38200;TOMATOES;4991;8;4989;17;;;5004;8;5005;17;;;4997.5;0.0
-2;38200;EMERALDS;9992;12;9990;20;;;10008;12;10010;20;;;10000.0;0.0
-2;38300;EMERALDS;9992;13;9990;20;;;10008;13;10010;20;;;10000.0;0.0
-2;38300;TOMATOES;4991;6;4989;16;;;5004;6;5005;16;;;4997.5;0.0
-2;38400;EMERALDS;9992;13;9990;24;;;10008;13;10010;24;;;10000.0;0.0
-2;38400;TOMATOES;4991;5;4990;22;;;5005;5;5006;22;;;4998.0;0.0
-2;38500;TOMATOES;4991;6;4990;25;;;5005;6;5006;25;;;4998.0;0.0
-2;38500;EMERALDS;9992;15;9990;21;;;10008;15;10010;21;;;10000.0;0.0
-2;38600;TOMATOES;4991;10;4990;23;;;5004;10;5006;23;;;4997.5;0.0
-2;38600;EMERALDS;9992;14;9990;27;;;10008;14;10010;27;;;10000.0;0.0
-2;38700;EMERALDS;9992;11;9990;30;;;10008;11;10010;30;;;10000.0;0.0
-2;38700;TOMATOES;4996;4;4991;5;4990;21;5005;5;5006;21;;;5000.5;0.0
-2;38800;EMERALDS;9992;15;9990;22;;;10008;15;10010;22;;;10000.0;0.0
-2;38800;TOMATOES;4996;6;4991;10;4990;19;5005;10;5006;19;;;5000.5;0.0
-2;38900;TOMATOES;4990;9;4989;16;;;5004;9;5005;16;;;4997.0;0.0
-2;38900;EMERALDS;9992;14;9990;21;;;10008;14;10010;21;;;10000.0;0.0
-2;39000;TOMATOES;4991;6;4990;24;;;5005;6;5006;24;;;4998.0;0.0
-2;39000;EMERALDS;9992;12;9990;28;;;10008;12;10010;28;;;10000.0;0.0
-2;39100;EMERALDS;9992;13;9990;25;;;10008;13;10010;25;;;10000.0;0.0
-2;39100;TOMATOES;4990;9;4989;20;;;5003;9;5005;20;;;4996.5;0.0
-2;39200;EMERALDS;9992;10;9990;20;;;10008;10;10010;20;;;10000.0;0.0
-2;39200;TOMATOES;4989;6;4988;25;;;5002;6;5004;25;;;4995.5;0.0
-2;39300;TOMATOES;4989;7;4988;17;;;5002;7;5004;17;;;4995.5;0.0
-2;39300;EMERALDS;9992;15;9990;28;;;10008;15;10010;28;;;10000.0;0.0
-2;39400;EMERALDS;9992;11;9990;24;;;10008;11;10010;24;;;10000.0;0.0
-2;39400;TOMATOES;4989;6;4987;25;;;5002;6;5003;25;;;4995.5;0.0
-2;39500;TOMATOES;4988;7;4987;18;;;5002;7;5003;18;;;4995.0;0.0
-2;39500;EMERALDS;9992;13;9990;29;;;10008;13;10010;29;;;10000.0;0.0
-2;39600;EMERALDS;9992;15;9990;26;;;10008;15;10010;26;;;10000.0;0.0
-2;39600;TOMATOES;4989;7;4988;22;;;5002;7;5004;22;;;4995.5;0.0
-2;39700;TOMATOES;4990;6;4988;18;;;5003;6;5004;18;;;4996.5;0.0
-2;39700;EMERALDS;9992;11;9990;21;;;10008;11;10010;21;;;10000.0;0.0
-2;39800;EMERALDS;9992;14;9990;24;;;10008;14;10010;24;;;10000.0;0.0
-2;39800;TOMATOES;4990;9;4988;21;;;5003;9;5004;21;;;4996.5;0.0
-2;39900;TOMATOES;4989;7;4988;22;;;5002;7;5004;22;;;4995.5;0.0
-2;39900;EMERALDS;9992;12;9990;23;;;10008;12;10010;23;;;10000.0;0.0
-2;40000;EMERALDS;9992;12;9990;27;;;10008;12;10010;27;;;10000.0;0.0
-2;40000;TOMATOES;4988;9;4987;19;;;5002;9;5003;19;;;4995.0;0.0
-2;40100;TOMATOES;4988;8;4987;24;;;5002;8;5003;24;;;4995.0;0.0
-2;40100;EMERALDS;9992;11;9990;26;;;10008;11;10010;26;;;10000.0;0.0
-2;40200;EMERALDS;9992;12;9990;27;;;10008;12;10010;27;;;10000.0;0.0
-2;40200;TOMATOES;4988;6;4987;25;;;5001;6;5003;25;;;4994.5;0.0
-2;40300;TOMATOES;4988;5;4987;20;;;5002;5;5003;20;;;4995.0;0.0
-2;40300;EMERALDS;9992;11;9990;28;;;10008;11;10010;28;;;10000.0;0.0
-2;40400;EMERALDS;9992;10;9990;30;;;10008;10;10010;30;;;10000.0;0.0
-2;40400;TOMATOES;4988;7;4987;25;;;5002;7;5003;25;;;4995.0;0.0
-2;40500;TOMATOES;4988;5;4987;18;;;5002;5;5003;18;;;4995.0;0.0
-2;40500;EMERALDS;9992;14;9990;29;;;10008;14;10010;29;;;10000.0;0.0
-2;40600;EMERALDS;9992;15;9990;29;;;10008;15;10010;29;;;10000.0;0.0
-2;40600;TOMATOES;4987;7;4986;21;;;5001;7;5002;21;;;4994.0;0.0
-2;40700;TOMATOES;4987;9;4986;22;;;5001;9;5002;22;;;4994.0;0.0
-2;40700;EMERALDS;9992;13;9990;24;;;10008;13;10010;24;;;10000.0;0.0
-2;40800;EMERALDS;9992;10;9990;24;;;10008;10;10010;24;;;10000.0;0.0
-2;40800;TOMATOES;4986;8;4985;24;;;4999;8;5001;24;;;4992.5;0.0
-2;40900;TOMATOES;4986;10;4985;20;;;5000;10;5001;20;;;4993.0;0.0
-2;40900;EMERALDS;9992;14;9990;23;;;10008;14;10010;23;;;10000.0;0.0
-2;41000;EMERALDS;9992;13;9990;24;;;10008;13;10010;24;;;10000.0;0.0
-2;41000;TOMATOES;4987;7;4985;20;;;5000;7;5001;20;;;4993.5;0.0
-2;41100;TOMATOES;4987;7;4986;23;;;5001;7;5002;23;;;4994.0;0.0
-2;41100;EMERALDS;9992;14;9990;26;;;10008;14;10010;26;;;10000.0;0.0
-2;41200;EMERALDS;9992;12;9990;25;;;10008;12;10010;25;;;10000.0;0.0
-2;41200;TOMATOES;4992;2;4987;6;4986;24;5001;6;5002;24;;;4996.5;0.0
-2;41300;TOMATOES;4988;7;4986;17;;;5001;7;5002;17;;;4994.5;0.0
-2;41300;EMERALDS;9992;10;9990;28;;;10008;10;10010;28;;;10000.0;0.0
-2;41400;EMERALDS;9992;13;9990;30;;;10008;13;10010;30;;;10000.0;0.0
-2;41400;TOMATOES;4988;5;4987;17;;;5001;5;5003;17;;;4994.5;0.0
-2;41500;TOMATOES;4988;6;4987;16;;;4996;6;5002;6;5003;16;4992.0;0.0
-2;41500;EMERALDS;9992;13;9990;21;;;10008;13;10010;21;;;10000.0;0.0
-2;41600;EMERALDS;9992;12;9990;23;;;10008;12;10010;23;;;10000.0;0.0
-2;41600;TOMATOES;4988;7;4987;21;;;5001;7;5003;21;;;4994.5;0.0
-2;41700;EMERALDS;9992;12;9990;28;;;10008;12;10010;28;;;10000.0;0.0
-2;41700;TOMATOES;4989;9;4988;17;;;5002;9;5004;17;;;4995.5;0.0
-2;41800;EMERALDS;9992;11;9990;29;;;10008;11;10010;29;;;10000.0;0.0
-2;41800;TOMATOES;4990;10;4989;16;;;5004;10;5005;16;;;4997.0;0.0
-2;41900;TOMATOES;4991;7;4990;25;;;4998;3;5004;7;5006;25;4994.5;0.0
-2;41900;EMERALDS;9992;14;9990;30;;;10008;14;10010;30;;;10000.0;0.0
-2;42000;TOMATOES;4990;10;4989;25;;;5004;10;5005;25;;;4997.0;0.0
-2;42000;EMERALDS;9992;11;9990;20;;;10008;11;10010;20;;;10000.0;0.0
-2;42100;EMERALDS;9992;10;9990;20;;;10008;10;10010;20;;;10000.0;0.0
-2;42100;TOMATOES;4991;9;4990;16;;;5004;9;5006;16;;;4997.5;0.0
-2;42200;EMERALDS;9992;15;9990;20;;;10008;15;10010;20;;;10000.0;0.0
-2;42200;TOMATOES;4992;8;4990;22;;;5005;8;5006;22;;;4998.5;0.0
-2;42300;TOMATOES;4991;10;4990;17;;;5004;10;5006;17;;;4997.5;0.0
-2;42300;EMERALDS;9992;13;9990;24;;;10008;13;10010;24;;;10000.0;0.0
-2;42400;TOMATOES;4991;10;4990;22;;;5004;10;5006;22;;;4997.5;0.0
-2;42400;EMERALDS;9992;14;9990;25;;;10000;10;10008;14;10010;25;9996.0;0.0
-2;42500;EMERALDS;9992;14;9990;22;;;10008;14;10010;22;;;10000.0;0.0
-2;42500;TOMATOES;4991;8;4989;19;;;5004;8;5005;19;;;4997.5;0.0
-2;42600;EMERALDS;9992;13;9990;24;;;10008;13;10010;24;;;10000.0;0.0
-2;42600;TOMATOES;4991;10;4989;19;;;5004;10;5005;19;;;4997.5;0.0
-2;42700;TOMATOES;4990;10;4989;19;;;5004;10;5005;19;;;4997.0;0.0
-2;42700;EMERALDS;9992;10;9990;23;;;10008;10;10010;23;;;10000.0;0.0
-2;42800;TOMATOES;4990;10;4989;22;;;5004;10;5005;22;;;4997.0;0.0
-2;42800;EMERALDS;9992;11;9990;25;;;10000;6;10008;11;10010;25;9996.0;0.0
-2;42900;EMERALDS;9992;15;9990;26;;;10008;15;10010;26;;;10000.0;0.0
-2;42900;TOMATOES;4990;7;4989;25;;;5004;7;5005;25;;;4997.0;0.0
-2;43000;EMERALDS;9992;10;9990;21;;;10008;10;10010;21;;;10000.0;0.0
-2;43000;TOMATOES;4990;9;4989;16;;;5004;9;5005;16;;;4997.0;0.0
-2;43100;TOMATOES;4991;9;4990;20;;;5004;9;5005;20;;;4997.5;0.0
-2;43100;EMERALDS;9992;10;9990;21;;;10008;10;10010;21;;;10000.0;0.0
-2;43200;TOMATOES;4991;6;4990;20;;;5004;6;5006;20;;;4997.5;0.0
-2;43200;EMERALDS;9992;11;9990;28;;;10008;11;10010;28;;;10000.0;0.0
-2;43300;EMERALDS;9992;13;9990;23;;;10008;13;10010;23;;;10000.0;0.0
-2;43300;TOMATOES;4990;9;4989;23;;;5004;9;5005;23;;;4997.0;0.0
-2;43400;EMERALDS;9992;14;9990;28;;;10008;14;10010;28;;;10000.0;0.0
-2;43400;TOMATOES;4991;9;4990;22;;;5005;9;5006;22;;;4998.0;0.0
-2;43500;TOMATOES;4991;10;4990;17;;;5004;10;5006;17;;;4997.5;0.0
-2;43500;EMERALDS;9992;11;9990;22;;;10008;11;10010;22;;;10000.0;0.0
-2;43600;TOMATOES;4991;6;4990;21;;;5004;6;5006;21;;;4997.5;0.0
-2;43600;EMERALDS;9992;11;9990;20;;;10008;11;10010;20;;;10000.0;0.0
-2;43700;EMERALDS;9992;11;9990;29;;;10008;11;10010;29;;;10000.0;0.0
-2;43700;TOMATOES;4991;6;4989;25;;;5004;6;5005;25;;;4997.5;0.0
-2;43800;EMERALDS;9992;10;9990;27;;;10008;10;10010;27;;;10000.0;0.0
-2;43800;TOMATOES;4991;9;4990;18;;;5005;9;5006;18;;;4998.0;0.0
-2;43900;TOMATOES;4992;7;4991;15;;;5005;7;5007;15;;;4998.5;0.0
-2;43900;EMERALDS;9992;12;9990;22;;;10008;12;10010;22;;;10000.0;0.0
-2;44000;TOMATOES;4993;9;4991;21;;;5006;9;5007;21;;;4999.5;0.0
-2;44000;EMERALDS;9992;10;9990;29;;;10008;10;10010;29;;;10000.0;0.0
-2;44100;EMERALDS;9992;13;9990;30;;;10008;13;10010;30;;;10000.0;0.0
-2;44100;TOMATOES;4993;6;4992;18;;;5007;6;5008;18;;;5000.0;0.0
-2;44200;EMERALDS;9992;12;9990;26;;;10008;12;10010;26;;;10000.0;0.0
-2;44200;TOMATOES;4993;9;4992;22;;;5006;9;5008;22;;;4999.5;0.0
-2;44300;TOMATOES;4993;8;4991;16;;;5006;8;5007;16;;;4999.5;0.0
-2;44300;EMERALDS;9992;14;9990;27;;;10008;14;10010;27;;;10000.0;0.0
-2;44400;TOMATOES;4993;9;4992;25;;;5007;9;5008;25;;;5000.0;0.0
-2;44400;EMERALDS;9992;13;9990;21;;;10008;13;10010;21;;;10000.0;0.0
-2;44500;EMERALDS;9992;11;9990;27;;;10008;11;10010;27;;;10000.0;0.0
-2;44500;TOMATOES;4993;8;4992;21;;;5007;8;5008;21;;;5000.0;0.0
-2;44600;EMERALDS;9992;14;9990;26;;;10008;14;10010;26;;;10000.0;0.0
-2;44600;TOMATOES;4993;7;4992;20;;;5007;7;5008;20;;;5000.0;0.0
-2;44700;TOMATOES;4993;7;4991;21;;;5006;7;5007;21;;;4999.5;0.0
-2;44700;EMERALDS;9992;12;9990;27;;;10008;12;10010;27;;;10000.0;0.0
-2;44800;TOMATOES;4993;9;4992;15;;;5006;9;5008;15;;;4999.5;0.0
-2;44800;EMERALDS;9992;12;9990;23;;;10008;12;10010;23;;;10000.0;0.0
-2;44900;EMERALDS;9992;15;9990;30;;;10008;15;10010;30;;;10000.0;0.0
-2;44900;TOMATOES;4993;5;4992;18;;;5007;5;5008;18;;;5000.0;0.0
-2;45000;EMERALDS;9992;10;9990;23;;;10008;10;10010;23;;;10000.0;0.0
-2;45000;TOMATOES;4993;9;4992;24;;;5006;9;5008;24;;;4999.5;0.0
-2;45100;TOMATOES;4993;6;4992;17;;;5007;6;5008;17;;;5000.0;0.0
-2;45100;EMERALDS;9992;13;9990;25;;;10008;13;10010;25;;;10000.0;0.0
-2;45200;TOMATOES;4993;6;4992;22;;;5007;6;5008;22;;;5000.0;0.0
-2;45200;EMERALDS;9992;12;9990;24;;;10008;12;10010;24;;;10000.0;0.0
-2;45300;EMERALDS;9992;10;9990;29;;;10008;10;10010;29;;;10000.0;0.0
-2;45300;TOMATOES;4994;6;4992;21;;;5007;6;5008;21;;;5000.5;0.0
-2;45400;EMERALDS;9992;11;9990;24;;;10008;11;10010;24;;;10000.0;0.0
-2;45400;TOMATOES;4994;10;4993;24;;;5007;10;5009;24;;;5000.5;0.0
-2;45500;TOMATOES;4994;8;4992;21;;;5007;8;5008;21;;;5000.5;0.0
-2;45500;EMERALDS;9992;10;9990;28;;;10008;10;10010;28;;;10000.0;0.0
-2;45600;TOMATOES;4994;6;4993;24;;;5008;6;5009;24;;;5001.0;0.0
-2;45600;EMERALDS;9992;12;9990;27;;;10008;12;10010;27;;;10000.0;0.0
-2;45700;EMERALDS;9992;12;9990;21;;;10008;12;10010;21;;;10000.0;0.0
-2;45700;TOMATOES;4994;7;4993;21;;;5008;7;5009;21;;;5001.0;0.0
-2;45800;EMERALDS;9992;13;9990;20;;;10008;13;10010;20;;;10000.0;0.0
-2;45800;TOMATOES;4995;9;4993;15;;;5008;9;5009;15;;;5001.5;0.0
-2;45900;TOMATOES;4994;9;4993;16;;;5008;9;5009;16;;;5001.0;0.0
-2;45900;EMERALDS;9992;11;9990;26;;;10008;11;10010;26;;;10000.0;0.0
-2;46000;TOMATOES;4995;8;4993;15;;;5008;8;5009;15;;;5001.5;0.0
-2;46000;EMERALDS;10000;10;9992;15;9990;26;10008;15;10010;26;;;10004.0;0.0
-2;46100;EMERALDS;9992;10;9990;23;;;10008;10;10010;23;;;10000.0;0.0
-2;46100;TOMATOES;4995;5;4994;23;;;5008;5;5010;23;;;5001.5;0.0
-2;46200;EMERALDS;9992;11;9990;20;;;10008;11;10010;20;;;10000.0;0.0
-2;46200;TOMATOES;4999;3;4994;5;4993;22;5008;5;5009;22;;;5003.5;0.0
-2;46300;TOMATOES;4994;10;4993;21;;;5008;10;5009;21;;;5001.0;0.0
-2;46300;EMERALDS;9992;10;9990;23;;;10008;10;10010;23;;;10000.0;0.0
-2;46400;TOMATOES;4994;5;4993;19;;;5008;5;5009;19;;;5001.0;0.0
-2;46400;EMERALDS;9992;11;9990;26;;;10008;11;10010;26;;;10000.0;0.0
-2;46500;EMERALDS;9992;12;9990;24;;;10008;12;10010;24;;;10000.0;0.0
-2;46500;TOMATOES;4995;6;4994;21;;;5009;6;5010;21;;;5002.0;0.0
-2;46600;EMERALDS;9992;10;9990;21;;;10008;10;10010;21;;;10000.0;0.0
-2;46600;TOMATOES;4995;9;4994;21;;;5009;9;5010;21;;;5002.0;0.0
-2;46700;TOMATOES;4995;10;4994;19;;;5009;10;5010;19;;;5002.0;0.0
-2;46700;EMERALDS;9992;13;9990;27;;;10008;13;10010;27;;;10000.0;0.0
-2;46800;TOMATOES;4995;5;4994;25;;;5002;5;5008;5;5010;25;4998.5;0.0
-2;46800;EMERALDS;9992;10;9990;30;;;10008;10;10010;30;;;10000.0;0.0
-2;46900;EMERALDS;9992;10;9990;30;;;10008;10;10010;30;;;10000.0;0.0
-2;46900;TOMATOES;4995;6;4994;25;;;5008;6;5010;25;;;5001.5;0.0
-2;47000;EMERALDS;9992;11;9990;29;;;10008;11;10010;29;;;10000.0;0.0
-2;47000;TOMATOES;4995;6;4994;22;;;5008;6;5010;22;;;5001.5;0.0
-2;47100;TOMATOES;4996;8;4995;20;;;5009;8;5011;20;;;5002.5;0.0
-2;47100;EMERALDS;9992;15;9990;26;;;10008;15;10010;26;;;10000.0;0.0
-2;47200;TOMATOES;5001;5;4996;9;4995;18;5010;9;5011;18;;;5005.5;0.0
-2;47200;EMERALDS;9992;15;9990;25;;;10008;15;10010;25;;;10000.0;0.0
-2;47300;EMERALDS;9992;14;9990;29;;;10008;14;10010;29;;;10000.0;0.0
-2;47300;TOMATOES;4997;5;4996;25;;;5010;5;5012;25;;;5003.5;0.0
-2;47400;EMERALDS;9992;11;9990;27;;;10008;11;10010;27;;;10000.0;0.0
-2;47400;TOMATOES;4997;10;4996;21;;;5011;10;5012;21;;;5004.0;0.0
-2;47500;TOMATOES;4998;6;4996;25;;;5011;6;5012;25;;;5004.5;0.0
-2;47500;EMERALDS;9992;10;9990;26;;;10008;10;10010;26;;;10000.0;0.0
-2;47600;TOMATOES;4997;8;4996;23;;;5010;8;5012;23;;;5003.5;0.0
-2;47600;EMERALDS;9992;10;9990;26;;;10008;10;10010;26;;;10000.0;0.0
-2;47700;EMERALDS;9992;14;9990;22;;;10008;14;10010;22;;;10000.0;0.0
-2;47700;TOMATOES;4997;8;4996;23;;;5011;8;5012;23;;;5004.0;0.0
-2;47800;EMERALDS;9992;15;9990;25;;;10008;15;10010;25;;;10000.0;0.0
-2;47800;TOMATOES;4997;5;4996;15;;;5011;5;5012;15;;;5004.0;0.0
-2;47900;TOMATOES;4997;8;4996;19;;;5010;8;5012;19;;;5003.5;0.0
-2;47900;EMERALDS;9992;14;9990;24;;;10008;14;10010;24;;;10000.0;0.0
-2;48000;TOMATOES;4997;6;4995;18;;;5010;6;5011;18;;;5003.5;0.0
-2;48000;EMERALDS;9992;13;9990;28;;;10008;13;10010;28;;;10000.0;0.0
-2;48100;EMERALDS;9992;15;9990;22;;;10008;15;10010;22;;;10000.0;0.0
-2;48100;TOMATOES;4996;10;4995;24;;;5009;10;5011;24;;;5002.5;0.0
-2;48200;EMERALDS;9992;15;9990;24;;;10008;15;10010;24;;;10000.0;0.0
-2;48200;TOMATOES;4996;7;4994;20;;;5009;7;5010;20;;;5002.5;0.0
-2;48300;TOMATOES;4996;9;4995;16;;;5010;9;5011;16;;;5003.0;0.0
-2;48300;EMERALDS;9992;14;9990;26;;;10008;14;10010;26;;;10000.0;0.0
-2;48400;EMERALDS;9992;10;9990;28;;;10008;10;10010;28;;;10000.0;0.0
-2;48400;TOMATOES;4996;7;4995;24;;;5009;7;5011;24;;;5002.5;0.0
-2;48500;TOMATOES;4996;6;4995;23;;;5010;6;5011;23;;;5003.0;0.0
-2;48500;EMERALDS;9992;12;9990;25;;;10008;12;10010;25;;;10000.0;0.0
-2;48600;EMERALDS;9992;10;9990;22;;;10008;10;10010;22;;;10000.0;0.0
-2;48600;TOMATOES;4996;6;4995;25;;;5010;6;5011;25;;;5003.0;0.0
-2;48700;TOMATOES;4996;10;4995;20;;;5009;10;5011;20;;;5002.5;0.0
-2;48700;EMERALDS;9992;11;9990;21;;;10008;11;10010;21;;;10000.0;0.0
-2;48800;EMERALDS;9992;12;9990;24;;;10008;12;10010;24;;;10000.0;0.0
-2;48800;TOMATOES;4995;7;4994;22;;;5009;7;5010;22;;;5002.0;0.0
-2;48900;TOMATOES;4996;10;4995;17;;;5009;10;5011;17;;;5002.5;0.0
-2;48900;EMERALDS;9992;14;9990;27;;;10008;14;10010;27;;;10000.0;0.0
-2;49000;EMERALDS;9992;13;9990;20;;;10008;13;10010;20;;;10000.0;0.0
-2;49000;TOMATOES;4996;7;4995;25;;;5010;7;5011;25;;;5003.0;0.0
-2;49100;TOMATOES;4997;10;4995;18;;;5010;10;5011;18;;;5003.5;0.0
-2;49100;EMERALDS;9992;11;9990;27;;;10008;11;10010;27;;;10000.0;0.0
-2;49200;EMERALDS;9992;10;9990;29;;;10008;10;10010;29;;;10000.0;0.0
-2;49200;TOMATOES;4997;8;4995;17;;;5010;8;5011;17;;;5003.5;0.0
-2;49300;TOMATOES;4997;5;4996;21;;;5011;5;5012;21;;;5004.0;0.0
-2;49300;EMERALDS;9992;15;9990;22;;;10008;15;10010;22;;;10000.0;0.0
-2;49400;EMERALDS;10000;8;9992;13;9990;21;10008;13;10010;21;;;10004.0;0.0
-2;49400;TOMATOES;4996;8;4995;22;;;5010;8;5011;22;;;5003.0;0.0
-2;49500;TOMATOES;4997;9;4996;15;;;5010;9;5012;15;;;5003.5;0.0
-2;49500;EMERALDS;9992;12;9990;29;;;10008;12;10010;29;;;10000.0;0.0
-2;49600;EMERALDS;9992;14;9990;29;;;10008;14;10010;29;;;10000.0;0.0
-2;49600;TOMATOES;4997;10;4996;15;;;5011;10;5012;15;;;5004.0;0.0
-2;49700;TOMATOES;4997;9;4996;25;;;5010;9;5012;25;;;5003.5;0.0
-2;49700;EMERALDS;9992;11;9990;27;;;10008;11;10010;27;;;10000.0;0.0
-2;49800;EMERALDS;9992;15;9990;24;;;10008;15;10010;24;;;10000.0;0.0
-2;49800;TOMATOES;4997;5;4996;24;;;5011;5;5012;24;;;5004.0;0.0
-2;49900;TOMATOES;4997;9;4996;18;;;5011;9;5012;18;;;5004.0;0.0
-2;49900;EMERALDS;9992;13;9990;22;;;10008;13;10010;22;;;10000.0;0.0
-2;50000;EMERALDS;9992;10;9990;27;;;10008;10;10010;27;;;10000.0;0.0
-2;50000;TOMATOES;4998;8;4997;18;;;5011;8;5013;18;;;5004.5;0.0
-2;50100;TOMATOES;4998;7;4997;24;;;5011;7;5013;24;;;5004.5;0.0
-2;50100;EMERALDS;9992;11;9990;30;;;10008;11;10010;30;;;10000.0;0.0
-2;50200;EMERALDS;9992;14;9990;29;;;10008;14;10010;29;;;10000.0;0.0
-2;50200;TOMATOES;4998;5;4997;16;;;5012;5;5013;16;;;5005.0;0.0
-2;50300;TOMATOES;5002;2;4997;10;4996;24;5010;10;5012;24;;;5006.0;0.0
-2;50300;EMERALDS;9992;13;9990;20;;;10008;13;10010;20;;;10000.0;0.0
-2;50400;EMERALDS;9992;13;9990;21;;;10008;13;10010;21;;;10000.0;0.0
-2;50400;TOMATOES;4997;8;4996;19;;;5011;8;5012;19;;;5004.0;0.0
-2;50500;TOMATOES;4997;5;4996;19;;;5011;5;5012;19;;;5004.0;0.0
-2;50500;EMERALDS;9992;12;9990;26;;;10008;12;10010;26;;;10000.0;0.0
-2;50600;TOMATOES;4997;8;4996;25;;;5011;8;5012;25;;;5004.0;0.0
-2;50600;EMERALDS;9992;15;9990;22;;;10008;15;10010;22;;;10000.0;0.0
-2;50700;EMERALDS;9992;10;9990;26;;;10008;10;10010;26;;;10000.0;0.0
-2;50700;TOMATOES;4997;7;4996;21;;;5011;7;5012;21;;;5004.0;0.0
-2;50800;EMERALDS;9992;13;9990;30;;;10008;13;10010;30;;;10000.0;0.0
-2;50800;TOMATOES;4998;7;4996;25;;;5011;7;5012;25;;;5004.5;0.0
-2;50900;TOMATOES;4998;9;4997;20;;;5012;9;5013;20;;;5005.0;0.0
-2;50900;EMERALDS;9992;10;9990;24;;;10008;10;10010;24;;;10000.0;0.0
-2;51000;TOMATOES;4998;7;4997;16;;;5012;7;5013;16;;;5005.0;0.0
-2;51000;EMERALDS;9992;10;9990;25;;;10008;10;10010;25;;;10000.0;0.0
-2;51100;EMERALDS;9992;11;9990;30;;;10008;11;10010;30;;;10000.0;0.0
-2;51100;TOMATOES;4998;8;4997;22;;;5012;8;5013;22;;;5005.0;0.0
-2;51200;EMERALDS;9992;12;9990;27;;;10008;12;10010;27;;;10000.0;0.0
-2;51200;TOMATOES;4998;9;4997;19;;;5012;9;5013;19;;;5005.0;0.0
-2;51300;TOMATOES;4999;7;4997;25;;;5012;7;5013;25;;;5005.5;0.0
-2;51300;EMERALDS;9992;11;9990;26;;;10008;11;10010;26;;;10000.0;0.0
-2;51400;TOMATOES;4998;5;4997;16;;;5012;5;5013;16;;;5005.0;0.0
-2;51400;EMERALDS;9992;15;9990;20;;;10008;15;10010;20;;;10000.0;0.0
-2;51500;EMERALDS;9992;13;9990;29;;;10008;13;10010;29;;;10000.0;0.0
-2;51500;TOMATOES;4998;8;4997;18;;;5012;8;5013;18;;;5005.0;0.0
-2;51600;EMERALDS;9992;15;9990;30;;;10008;15;10010;30;;;10000.0;0.0
-2;51600;TOMATOES;4999;7;4998;17;;;5013;7;5014;17;;;5006.0;0.0
-2;51700;TOMATOES;4998;7;4997;24;;;5012;7;5013;24;;;5005.0;0.0
-2;51700;EMERALDS;9992;14;9990;20;;;10008;14;10010;20;;;10000.0;0.0
-2;51800;TOMATOES;4998;6;4997;21;;;5012;6;5013;21;;;5005.0;0.0
-2;51800;EMERALDS;9992;11;9990;21;;;10000;10;10008;11;10010;21;9996.0;0.0
-2;51900;EMERALDS;9992;13;9990;23;;;10008;13;10010;23;;;10000.0;0.0
-2;51900;TOMATOES;4997;9;4996;22;;;5011;9;5012;22;;;5004.0;0.0
-2;52000;EMERALDS;9992;10;9990;22;;;10008;10;10010;22;;;10000.0;0.0
-2;52000;TOMATOES;4997;10;4996;18;;;5011;10;5012;18;;;5004.0;0.0
-2;52100;TOMATOES;4997;7;4995;17;;;5010;7;5011;17;;;5003.5;0.0
-2;52100;EMERALDS;9992;15;9990;23;;;10008;15;10010;23;;;10000.0;0.0
-2;52200;TOMATOES;4997;10;4995;24;;;5010;10;5011;24;;;5003.5;0.0
-2;52200;EMERALDS;9992;11;9990;24;;;10008;11;10010;24;;;10000.0;0.0
-2;52300;EMERALDS;9992;15;9990;28;;;10008;15;10010;28;;;10000.0;0.0
-2;52300;TOMATOES;5002;4;4996;9;4995;20;5010;9;5011;20;;;5006.0;0.0
-2;52400;EMERALDS;9992;13;9990;20;;;10008;13;10010;20;;;10000.0;0.0
-2;52400;TOMATOES;4996;8;4995;15;;;5010;8;5011;15;;;5003.0;0.0
-2;52500;TOMATOES;4996;5;4995;18;;;5010;5;5011;18;;;5003.0;0.0
-2;52500;EMERALDS;9992;13;9990;30;;;10008;13;10010;30;;;10000.0;0.0
-2;52600;TOMATOES;4996;9;4995;20;;;5009;9;5011;20;;;5002.5;0.0
-2;52600;EMERALDS;9992;13;9990;24;;;10008;13;10010;24;;;10000.0;0.0
-2;52700;EMERALDS;9992;13;9990;20;;;10008;13;10010;20;;;10000.0;0.0
-2;52700;TOMATOES;4996;7;4995;23;;;5010;7;5011;23;;;5003.0;0.0
-2;52800;EMERALDS;9992;10;9990;22;;;10008;10;10010;22;;;10000.0;0.0
-2;52800;TOMATOES;4996;10;4995;16;;;5010;10;5011;16;;;5003.0;0.0
-2;52900;TOMATOES;4996;6;4995;15;;;5010;6;5011;15;;;5003.0;0.0
-2;52900;EMERALDS;9992;13;9990;25;;;10008;13;10010;25;;;10000.0;0.0
-2;53000;TOMATOES;4996;9;4995;24;;;5010;9;5011;24;;;5003.0;0.0
-2;53000;EMERALDS;9992;10;9990;21;;;10008;10;10010;21;;;10000.0;0.0
-2;53100;EMERALDS;9992;13;9990;22;;;10008;13;10010;22;;;10000.0;0.0
-2;53100;TOMATOES;4996;6;4995;23;;;5010;6;5011;23;;;5003.0;0.0
-2;53200;EMERALDS;9992;15;9990;26;;;10008;15;10010;26;;;10000.0;0.0
-2;53200;TOMATOES;4996;10;4994;16;;;5009;10;5010;16;;;5002.5;0.0
-2;53300;TOMATOES;4996;10;4995;21;;;5010;10;5011;21;;;5003.0;0.0
-2;53300;EMERALDS;9992;12;9990;23;;;10008;12;10010;23;;;10000.0;0.0
-2;53400;TOMATOES;4996;6;4995;25;;;5010;6;5011;25;;;5003.0;0.0
-2;53400;EMERALDS;9992;15;9990;27;;;10008;15;10010;27;;;10000.0;0.0
-2;53500;EMERALDS;9992;12;9990;21;;;10008;12;10010;21;;;10000.0;0.0
-2;53500;TOMATOES;4995;8;4994;16;;;5009;8;5010;16;;;5002.0;0.0
-2;53600;EMERALDS;9992;12;9990;25;;;10000;7;10008;12;10010;25;9996.0;0.0
-2;53600;TOMATOES;4996;7;4995;20;;;5009;7;5011;20;;;5002.5;0.0
-2;53700;TOMATOES;4995;8;4993;24;;;5008;8;5009;24;;;5001.5;0.0
-2;53700;EMERALDS;9992;11;9990;21;;;10008;11;10010;21;;;10000.0;0.0
-2;53800;TOMATOES;4994;5;4993;16;;;5001;6;5008;5;5009;16;4997.5;0.0
-2;53800;EMERALDS;9992;10;9990;24;;;10008;10;10010;24;;;10000.0;0.0
-2;53900;EMERALDS;9992;11;9990;30;;;10008;11;10010;30;;;10000.0;0.0
-2;53900;TOMATOES;4994;8;4993;21;;;5008;8;5009;21;;;5001.0;0.0
-2;54000;EMERALDS;9992;13;9990;30;;;10008;13;10010;30;;;10000.0;0.0
-2;54000;TOMATOES;4994;6;4993;18;;;5007;6;5009;18;;;5000.5;0.0
-2;54100;TOMATOES;4993;8;4992;21;;;5007;8;5008;21;;;5000.0;0.0
-2;54100;EMERALDS;9992;15;9990;26;;;10008;15;10010;26;;;10000.0;0.0
-2;54200;TOMATOES;4993;6;4992;21;;;5007;6;5008;21;;;5000.0;0.0
-2;54200;EMERALDS;9992;12;9990;28;;;10008;12;10010;28;;;10000.0;0.0
-2;54300;EMERALDS;9992;14;9990;22;;;10008;14;10010;22;;;10000.0;0.0
-2;54300;TOMATOES;4994;7;4992;15;;;5007;7;5008;15;;;5000.5;0.0
-2;54400;EMERALDS;9992;11;9990;29;;;10008;11;10010;29;;;10000.0;0.0
-2;54400;TOMATOES;4993;5;4992;23;;;5006;5;5008;23;;;4999.5;0.0
-2;54500;TOMATOES;4994;10;4992;18;;;5007;10;5008;18;;;5000.5;0.0
-2;54500;EMERALDS;9992;15;9990;22;;;10008;15;10010;22;;;10000.0;0.0
-2;54600;TOMATOES;4993;6;4992;24;;;5007;6;5008;24;;;5000.0;0.0
-2;54600;EMERALDS;9992;15;9990;24;;;10008;15;10010;24;;;10000.0;0.0
-2;54700;EMERALDS;9992;11;9990;24;;;10008;11;10010;24;;;10000.0;0.0
-2;54700;TOMATOES;4993;10;4991;22;;;5006;10;5007;22;;;4999.5;0.0
-2;54800;EMERALDS;9992;14;9990;29;;;10008;14;10010;29;;;10000.0;0.0
-2;54800;TOMATOES;4993;5;4992;16;;;5007;5;5008;16;;;5000.0;0.0
-2;54900;TOMATOES;4993;10;4992;23;;;5007;10;5008;23;;;5000.0;0.0
-2;54900;EMERALDS;9992;13;9990;24;;;10008;13;10010;24;;;10000.0;0.0
-2;55000;TOMATOES;4994;10;4992;25;;;5001;3;5007;10;5009;25;4997.5;0.0
-2;55000;EMERALDS;9992;11;9990;23;;;10008;11;10010;23;;;10000.0;0.0
-2;55100;EMERALDS;9992;15;9990;21;;;10008;15;10010;21;;;10000.0;0.0
-2;55100;TOMATOES;4993;6;4992;23;;;5007;6;5008;23;;;5000.0;0.0
-2;55200;EMERALDS;9992;12;9990;20;;;10008;12;10010;20;;;10000.0;0.0
-2;55200;TOMATOES;4994;10;4992;22;;;5007;10;5008;22;;;5000.5;0.0
-2;55300;TOMATOES;4993;8;4992;17;;;5007;8;5008;17;;;5000.0;0.0
-2;55300;EMERALDS;9992;10;9990;29;;;10008;10;10010;29;;;10000.0;0.0
-2;55400;TOMATOES;4993;8;4992;20;;;5007;8;5008;20;;;5000.0;0.0
-2;55400;EMERALDS;9992;15;9990;27;;;10008;15;10010;27;;;10000.0;0.0
-2;55500;EMERALDS;9992;12;9990;29;;;10008;12;10010;29;;;10000.0;0.0
-2;55500;TOMATOES;4993;7;4991;17;;;5006;7;5007;17;;;4999.5;0.0
-2;55600;EMERALDS;9992;13;9990;29;;;10008;13;10010;29;;;10000.0;0.0
-2;55600;TOMATOES;4993;10;4992;22;;;5007;10;5008;22;;;5000.0;0.0
-2;55700;TOMATOES;4993;8;4992;16;;;5007;8;5008;16;;;5000.0;0.0
-2;55700;EMERALDS;9992;10;9990;21;;;10008;10;10010;21;;;10000.0;0.0
-2;55800;TOMATOES;4993;8;4992;19;;;5006;8;5008;19;;;4999.5;0.0
-2;55800;EMERALDS;9992;15;9990;20;;;10008;15;10010;20;;;10000.0;0.0
-2;55900;EMERALDS;9992;14;9990;26;;;10008;14;10010;26;;;10000.0;0.0
-2;55900;TOMATOES;4993;8;4992;20;;;5007;8;5008;20;;;5000.0;0.0
-2;56000;EMERALDS;9992;15;9990;29;;;10008;15;10010;29;;;10000.0;0.0
-2;56000;TOMATOES;4994;8;4992;19;;;5007;8;5008;19;;;5000.5;0.0
-2;56100;TOMATOES;4994;5;4993;15;;;5007;5;5009;15;;;5000.5;0.0
-2;56100;EMERALDS;9992;15;9990;22;;;10008;15;10010;22;;;10000.0;0.0
-2;56200;TOMATOES;4994;9;4993;25;;;5008;9;5009;25;;;5001.0;0.0
-2;56200;EMERALDS;9992;12;9990;23;;;10008;12;10010;23;;;10000.0;0.0
-2;56300;EMERALDS;9992;11;9990;29;;;10008;11;10010;29;;;10000.0;0.0
-2;56300;TOMATOES;4995;9;4994;22;;;5009;9;5010;22;;;5002.0;0.0
-2;56400;EMERALDS;9992;12;9990;24;;;10008;12;10010;24;;;10000.0;0.0
-2;56400;TOMATOES;4994;5;4993;20;;;5008;5;5009;20;;;5001.0;0.0
-2;56500;TOMATOES;4994;10;4993;19;;;5008;10;5009;19;;;5001.0;0.0
-2;56500;EMERALDS;9992;10;9990;20;;;10008;10;10010;20;;;10000.0;0.0
-2;56600;TOMATOES;4994;9;4993;20;;;5008;9;5009;20;;;5001.0;0.0
-2;56600;EMERALDS;9992;11;9990;26;;;10008;11;10010;26;;;10000.0;0.0
-2;56700;EMERALDS;9992;13;9990;20;;;10008;13;10010;20;;;10000.0;0.0
-2;56700;TOMATOES;4994;7;4993;19;;;5007;7;5009;19;;;5000.5;0.0
-2;56800;EMERALDS;9992;13;9990;23;;;10008;13;10010;23;;;10000.0;0.0
-2;56800;TOMATOES;4995;5;4994;24;;;5008;5;5010;24;;;5001.5;0.0
-2;56900;TOMATOES;4995;9;4994;19;;;5008;9;5010;19;;;5001.5;0.0
-2;56900;EMERALDS;9992;12;9990;20;;;10008;12;10010;20;;;10000.0;0.0
-2;57000;TOMATOES;4995;8;4993;16;;;5008;8;5009;16;;;5001.5;0.0
-2;57000;EMERALDS;9992;15;9990;30;;;10008;15;10010;30;;;10000.0;0.0
-2;57100;EMERALDS;9992;14;9990;24;;;10008;14;10010;24;;;10000.0;0.0
-2;57100;TOMATOES;4995;9;4994;25;;;5009;9;5010;25;;;5002.0;0.0
-2;57200;EMERALDS;9992;10;9990;24;;;10008;10;10010;24;;;10000.0;0.0
-2;57200;TOMATOES;4996;9;4995;23;;;5010;9;5011;23;;;5003.0;0.0
-2;57300;TOMATOES;4995;6;4994;17;;;5009;6;5010;17;;;5002.0;0.0
-2;57300;EMERALDS;9992;12;9990;21;;;10008;12;10010;21;;;10000.0;0.0
-2;57400;EMERALDS;9992;15;9990;23;;;10008;15;10010;23;;;10000.0;0.0
-2;57400;TOMATOES;4995;5;4994;24;;;5009;5;5010;24;;;5002.0;0.0
-2;57500;TOMATOES;4995;10;4994;15;;;5008;10;5010;15;;;5001.5;0.0
-2;57500;EMERALDS;9992;13;9990;23;;;10008;13;10010;23;;;10000.0;0.0
-2;57600;EMERALDS;9992;13;9990;30;;;10008;13;10010;30;;;10000.0;0.0
-2;57600;TOMATOES;4994;9;4993;18;;;5008;9;5009;18;;;5001.0;0.0
-2;57700;TOMATOES;4995;9;4994;17;;;5008;9;5010;17;;;5001.5;0.0
-2;57700;EMERALDS;9992;14;9990;25;;;10008;14;10010;25;;;10000.0;0.0
-2;57800;EMERALDS;9992;15;9990;29;;;10008;15;10010;29;;;10000.0;0.0
-2;57800;TOMATOES;4994;10;4993;22;;;5008;10;5009;22;;;5001.0;0.0
-2;57900;TOMATOES;4994;8;4993;21;;;5008;8;5009;21;;;5001.0;0.0
-2;57900;EMERALDS;9992;15;9990;28;;;10008;15;10010;28;;;10000.0;0.0
-2;58000;EMERALDS;9992;10;9990;22;;;10008;10;10010;22;;;10000.0;0.0
-2;58000;TOMATOES;4999;3;4994;7;4993;15;5008;7;5009;15;;;5003.5;0.0
-2;58100;TOMATOES;4994;5;4993;22;;;5008;5;5009;22;;;5001.0;0.0
-2;58100;EMERALDS;9992;11;9990;27;;;10008;11;10010;27;;;10000.0;0.0
-2;58200;EMERALDS;9992;12;9990;25;;;10008;12;10010;25;;;10000.0;0.0
-2;58200;TOMATOES;4994;7;4993;22;;;5008;7;5009;22;;;5001.0;0.0
-2;58300;TOMATOES;4995;9;4994;19;;;5008;9;5010;19;;;5001.5;0.0
-2;58300;EMERALDS;9992;10;9990;22;;;10008;10;10010;22;;;10000.0;0.0
-2;58400;EMERALDS;9992;14;9990;28;;;10008;14;10010;28;;;10000.0;0.0
-2;58400;TOMATOES;4996;5;4994;15;;;5009;5;5010;15;;;5002.5;0.0
-2;58500;TOMATOES;4996;7;4995;24;;;5010;7;5011;24;;;5003.0;0.0
-2;58500;EMERALDS;9992;12;9990;21;;;10008;12;10010;21;;;10000.0;0.0
-2;58600;EMERALDS;9992;11;9990;29;;;10008;11;10010;29;;;10000.0;0.0
-2;58600;TOMATOES;4997;9;4995;16;;;5010;9;5011;16;;;5003.5;0.0
-2;58700;TOMATOES;4997;7;4995;15;;;5010;7;5011;15;;;5003.5;0.0
-2;58700;EMERALDS;9992;15;9990;28;;;10008;15;10010;28;;;10000.0;0.0
-2;58800;EMERALDS;9992;14;9990;21;;;10008;14;10010;21;;;10000.0;0.0
-2;58800;TOMATOES;4997;8;4995;19;;;5010;8;5011;19;;;5003.5;0.0
-2;58900;TOMATOES;4997;10;4996;15;;;5010;10;5012;15;;;5003.5;0.0
-2;58900;EMERALDS;9992;11;9990;25;;;10008;11;10010;25;;;10000.0;0.0
-2;59000;EMERALDS;9992;15;9990;22;;;10008;15;10010;22;;;10000.0;0.0
-2;59000;TOMATOES;4997;8;4996;17;;;5010;8;5012;17;;;5003.5;0.0
-2;59100;TOMATOES;4997;5;4996;22;;;5010;5;5012;22;;;5003.5;0.0
-2;59100;EMERALDS;9992;12;9990;26;;;10008;12;10010;26;;;10000.0;0.0
-2;59200;EMERALDS;9992;10;9990;24;;;10008;10;10010;24;;;10000.0;0.0
-2;59200;TOMATOES;4997;5;4996;18;;;5010;5;5012;18;;;5003.5;0.0
-2;59300;TOMATOES;4997;6;4996;19;;;5011;6;5012;19;;;5004.0;0.0
-2;59300;EMERALDS;9992;14;9990;23;;;10008;14;10010;23;;;10000.0;0.0
-2;59400;EMERALDS;9992;11;9990;27;;;10008;11;10010;27;;;10000.0;0.0
-2;59400;TOMATOES;4997;10;4996;25;;;5011;10;5012;25;;;5004.0;0.0
-2;59500;TOMATOES;4996;6;4995;24;;;5010;6;5011;24;;;5003.0;0.0
-2;59500;EMERALDS;9992;14;9990;26;;;10008;14;10010;26;;;10000.0;0.0
-2;59600;TOMATOES;4997;9;4996;21;;;5011;9;5012;21;;;5004.0;0.0
-2;59600;EMERALDS;9992;15;9990;27;;;10008;15;10010;27;;;10000.0;0.0
-2;59700;EMERALDS;9992;15;9990;20;;;10008;15;10010;20;;;10000.0;0.0
-2;59700;TOMATOES;4998;6;4996;16;;;5011;6;5012;16;;;5004.5;0.0
-2;59800;EMERALDS;9992;12;9990;22;;;10008;12;10010;22;;;10000.0;0.0
-2;59800;TOMATOES;4998;6;4997;21;;;5005;5;5011;6;5013;21;5001.5;0.0
-2;59900;TOMATOES;4998;6;4997;22;;;5012;6;5013;22;;;5005.0;0.0
-2;59900;EMERALDS;9992;12;9990;22;;;10008;12;10010;22;;;10000.0;0.0
-2;60000;TOMATOES;4998;5;4997;21;;;5011;5;5013;21;;;5004.5;0.0
-2;60000;EMERALDS;9992;13;9990;26;;;10008;13;10010;26;;;10000.0;0.0
-2;60100;EMERALDS;9992;14;9990;23;;;10008;14;10010;23;;;10000.0;0.0
-2;60100;TOMATOES;4999;5;4998;20;;;5012;5;5014;20;;;5005.5;0.0
-2;60200;EMERALDS;9992;15;9990;23;;;10008;15;10010;23;;;10000.0;0.0
-2;60200;TOMATOES;4999;7;4997;19;;;5012;7;5013;19;;;5005.5;0.0
-2;60300;TOMATOES;4999;6;4998;25;;;5012;6;5014;25;;;5005.5;0.0
-2;60300;EMERALDS;9992;12;9990;26;;;10008;12;10010;26;;;10000.0;0.0
-2;60400;TOMATOES;4999;6;4998;23;;;5013;6;5014;23;;;5006.0;0.0
-2;60400;EMERALDS;9992;13;9990;20;;;10008;13;10010;20;;;10000.0;0.0
-2;60500;EMERALDS;9992;10;9990;29;;;10008;10;10010;29;;;10000.0;0.0
-2;60500;TOMATOES;4998;9;4997;19;;;5012;9;5013;19;;;5005.0;0.0
-2;60600;EMERALDS;9992;11;9990;26;;;10008;11;10010;26;;;10000.0;0.0
-2;60600;TOMATOES;4998;6;4997;25;;;5011;6;5013;25;;;5004.5;0.0
-2;60700;TOMATOES;4997;7;4996;17;;;5010;7;5012;17;;;5003.5;0.0
-2;60700;EMERALDS;9992;13;9990;26;;;10008;13;10010;26;;;10000.0;0.0
-2;60800;TOMATOES;4997;9;4995;25;;;5010;9;5011;25;;;5003.5;0.0
-2;60800;EMERALDS;9992;14;9990;20;;;10008;14;10010;20;;;10000.0;0.0
-2;60900;EMERALDS;9992;11;9990;21;;;10008;11;10010;21;;;10000.0;0.0
-2;60900;TOMATOES;4997;5;4996;15;;;5011;5;5012;15;;;5004.0;0.0
-2;61000;EMERALDS;9992;15;9990;22;;;10008;15;10010;22;;;10000.0;0.0
-2;61000;TOMATOES;4999;9;4997;19;;;5012;9;5013;19;;;5005.5;0.0
-2;61100;TOMATOES;4999;7;4997;16;;;5012;7;5013;16;;;5005.5;0.0
-2;61100;EMERALDS;9992;10;9990;29;;;10008;10;10010;29;;;10000.0;0.0
-2;61200;TOMATOES;4999;5;4998;23;;;5012;5;5014;23;;;5005.5;0.0
-2;61200;EMERALDS;9992;10;9990;29;;;10008;10;10010;29;;;10000.0;0.0
-2;61300;EMERALDS;9992;11;9990;25;;;10008;11;10010;25;;;10000.0;0.0
-2;61300;TOMATOES;4999;7;4997;20;;;5012;7;5014;20;;;5005.5;0.0
-2;61400;EMERALDS;9992;13;9990;29;;;10008;13;10010;29;;;10000.0;0.0
-2;61400;TOMATOES;4998;8;4997;15;;;5011;8;5013;15;;;5004.5;0.0
-2;61500;TOMATOES;4999;9;4998;16;;;5012;9;5014;16;;;5005.5;0.0
-2;61500;EMERALDS;9992;15;9990;21;;;10008;15;10010;21;;;10000.0;0.0
-2;61600;TOMATOES;4999;8;4997;20;;;5012;8;5013;20;;;5005.5;0.0
-2;61600;EMERALDS;9992;14;9990;27;;;10008;14;10010;27;;;10000.0;0.0
-2;61700;EMERALDS;9992;15;9990;30;;;10008;15;10010;30;;;10000.0;0.0
-2;61700;TOMATOES;4999;9;4997;23;;;5012;9;5013;23;;;5005.5;0.0
-2;61800;EMERALDS;9992;10;9990;25;;;10008;10;10010;25;;;10000.0;0.0
-2;61800;TOMATOES;4998;6;4997;15;;;5012;6;5013;15;;;5005.0;0.0
-2;61900;TOMATOES;4999;8;4997;15;;;5012;8;5013;15;;;5005.5;0.0
-2;61900;EMERALDS;9992;14;9990;20;;;10008;14;10010;20;;;10000.0;0.0
-2;62000;TOMATOES;4998;6;4997;25;;;5012;6;5013;25;;;5005.0;0.0
-2;62000;EMERALDS;9992;11;9990;20;;;10008;11;10010;20;;;10000.0;0.0
-2;62100;EMERALDS;9992;10;9990;22;;;10008;10;10010;22;;;10000.0;0.0
-2;62100;TOMATOES;4998;10;4997;21;;;5012;10;5013;21;;;5005.0;0.0
-2;62200;EMERALDS;9992;15;9990;27;;;10008;15;10010;27;;;10000.0;0.0
-2;62200;TOMATOES;4999;8;4997;25;;;5012;8;5013;25;;;5005.5;0.0
-2;62300;TOMATOES;4999;9;4998;19;;;5013;9;5014;19;;;5006.0;0.0
-2;62300;EMERALDS;9992;11;9990;24;;;10008;11;10010;24;;;10000.0;0.0
-2;62400;TOMATOES;4999;10;4998;20;;;5013;10;5014;20;;;5006.0;0.0
-2;62400;EMERALDS;9992;13;9990;24;;;10008;13;10010;24;;;10000.0;0.0
-2;62500;EMERALDS;9992;12;9990;26;;;10008;12;10010;26;;;10000.0;0.0
-2;62500;TOMATOES;4999;7;4998;18;;;5013;7;5014;18;;;5006.0;0.0
-2;62600;EMERALDS;9992;15;9990;27;;;10008;15;10010;27;;;10000.0;0.0
-2;62600;TOMATOES;5000;9;4999;16;;;5013;9;5015;16;;;5006.5;0.0
-2;62700;TOMATOES;4999;10;4998;17;;;5013;10;5014;17;;;5006.0;0.0
-2;62700;EMERALDS;9992;12;9990;23;;;10008;12;10010;23;;;10000.0;0.0
-2;62800;TOMATOES;4999;8;4998;23;;;5013;8;5014;23;;;5006.0;0.0
-2;62800;EMERALDS;9992;11;9990;22;;;10008;11;10010;22;;;10000.0;0.0
-2;62900;EMERALDS;9992;11;9990;28;;;10008;11;10010;28;;;10000.0;0.0
-2;62900;TOMATOES;4999;9;4998;16;;;5013;9;5014;16;;;5006.0;0.0
-2;63000;EMERALDS;9992;15;9990;22;;;10008;15;10010;22;;;10000.0;0.0
-2;63000;TOMATOES;5000;7;4998;23;;;5007;6;5013;7;5014;23;5003.5;0.0
-2;63100;TOMATOES;5000;9;4999;17;;;5014;9;5015;17;;;5007.0;0.0
-2;63100;EMERALDS;9992;13;9990;24;;;10008;13;10010;24;;;10000.0;0.0
-2;63200;TOMATOES;5001;6;4999;25;;;5014;6;5015;25;;;5007.5;0.0
-2;63200;EMERALDS;9992;14;9990;26;;;10008;14;10010;26;;;10000.0;0.0
-2;63300;EMERALDS;9992;15;9990;23;;;10008;15;10010;23;;;10000.0;0.0
-2;63300;TOMATOES;5001;8;4999;17;;;5014;8;5015;17;;;5007.5;0.0
-2;63400;EMERALDS;9992;12;9990;21;;;10008;12;10010;21;;;10000.0;0.0
-2;63400;TOMATOES;5001;7;5000;25;;;5015;7;5016;25;;;5008.0;0.0
-2;63500;TOMATOES;5001;5;5000;24;;;5014;5;5016;24;;;5007.5;0.0
-2;63500;EMERALDS;9992;12;9990;22;;;10008;12;10010;22;;;10000.0;0.0
-2;63600;TOMATOES;5002;7;5000;19;;;5015;7;5016;19;;;5008.5;0.0
-2;63600;EMERALDS;9992;13;9990;20;;;10008;13;10010;20;;;10000.0;0.0
-2;63700;EMERALDS;9992;11;9990;30;;;10008;11;10010;30;;;10000.0;0.0
-2;63700;TOMATOES;5002;9;5001;18;;;5015;9;5017;18;;;5008.5;0.0
-2;63800;EMERALDS;9992;13;9990;20;;;10008;13;10010;20;;;10000.0;0.0
-2;63800;TOMATOES;5003;6;5002;19;;;5016;6;5018;19;;;5009.5;0.0
-2;63900;TOMATOES;5003;9;5002;19;;;5017;9;5018;19;;;5010.0;0.0
-2;63900;EMERALDS;9992;14;9990;25;;;10008;14;10010;25;;;10000.0;0.0
-2;64000;TOMATOES;5003;8;5002;19;;;5017;8;5018;19;;;5010.0;0.0
-2;64000;EMERALDS;9992;14;9990;28;;;10008;14;10010;28;;;10000.0;0.0
-2;64100;EMERALDS;9992;10;9990;30;;;10008;10;10010;30;;;10000.0;0.0
-2;64100;TOMATOES;5004;8;5002;19;;;5017;8;5018;19;;;5010.5;0.0
-2;64200;EMERALDS;9992;14;9990;22;;;10008;14;10010;22;;;10000.0;0.0
-2;64200;TOMATOES;5003;7;5002;17;;;5016;7;5018;17;;;5009.5;0.0
-2;64300;TOMATOES;5003;7;5002;15;;;5016;7;5018;15;;;5009.5;0.0
-2;64300;EMERALDS;9992;10;9990;28;;;10008;10;10010;28;;;10000.0;0.0
-2;64400;TOMATOES;5003;5;5002;16;;;5016;5;5018;16;;;5009.5;0.0
-2;64400;EMERALDS;9992;14;9990;24;;;10008;14;10010;24;;;10000.0;0.0
-2;64500;EMERALDS;10000;9;9992;11;9990;26;10008;11;10010;26;;;10004.0;0.0
-2;64500;TOMATOES;5003;6;5002;16;;;5017;6;5018;16;;;5010.0;0.0
-2;64600;EMERALDS;9992;14;9990;23;;;10008;14;10010;23;;;10000.0;0.0
-2;64600;TOMATOES;5003;9;5002;25;;;5017;9;5018;25;;;5010.0;0.0
-2;64700;TOMATOES;5003;9;5002;24;;;5017;9;5018;24;;;5010.0;0.0
-2;64700;EMERALDS;9992;14;9990;28;;;10008;14;10010;28;;;10000.0;0.0
-2;64800;TOMATOES;5004;7;5002;23;;;5017;7;5018;23;;;5010.5;0.0
-2;64800;EMERALDS;9992;10;9990;25;;;10008;10;10010;25;;;10000.0;0.0
-2;64900;EMERALDS;9992;10;9990;29;;;10000;8;10008;10;10010;29;9996.0;0.0
-2;64900;TOMATOES;5004;10;5002;22;;;5017;10;5019;22;;;5010.5;0.0
-2;65000;EMERALDS;9992;14;9990;21;;;10008;14;10010;21;;;10000.0;0.0
-2;65000;TOMATOES;5003;7;5002;23;;;5017;7;5018;23;;;5010.0;0.0
-2;65100;TOMATOES;5004;6;5003;19;;;5017;6;5019;19;;;5010.5;0.0
-2;65100;EMERALDS;9992;15;9990;26;;;10008;15;10010;26;;;10000.0;0.0
-2;65200;TOMATOES;5004;10;5003;21;;;5017;10;5019;21;;;5010.5;0.0
-2;65200;EMERALDS;9992;12;9990;29;;;10008;12;10010;29;;;10000.0;0.0
-2;65300;EMERALDS;9992;13;9990;22;;;10008;13;10010;22;;;10000.0;0.0
-2;65300;TOMATOES;5009;5;5004;8;5003;23;5018;8;5019;23;;;5013.5;0.0
-2;65400;EMERALDS;9992;10;9990;20;;;10008;10;10010;20;;;10000.0;0.0
-2;65400;TOMATOES;5005;8;5003;20;;;5018;8;5020;20;;;5011.5;0.0
-2;65500;TOMATOES;5005;8;5004;23;;;5018;8;5020;23;;;5011.5;0.0
-2;65500;EMERALDS;9992;12;9990;21;;;10008;12;10010;21;;;10000.0;0.0
-2;65600;TOMATOES;5005;10;5003;16;;;5018;10;5020;16;;;5011.5;0.0
-2;65600;EMERALDS;9992;15;9990;30;;;10008;15;10010;30;;;10000.0;0.0
-2;65700;EMERALDS;9992;12;9990;26;;;10008;12;10010;26;;;10000.0;0.0
-2;65700;TOMATOES;5005;6;5004;24;;;5018;6;5020;24;;;5011.5;0.0
-2;65800;EMERALDS;9992;14;9990;28;;;10008;14;10010;28;;;10000.0;0.0
-2;65800;TOMATOES;5005;8;5004;21;;;5019;8;5020;21;;;5012.0;0.0
-2;65900;TOMATOES;5006;5;5005;18;;;5019;5;5021;18;;;5012.5;0.0
-2;65900;EMERALDS;9992;11;9990;25;;;10008;11;10010;25;;;10000.0;0.0
-2;66000;TOMATOES;5006;7;5004;24;;;5019;7;5020;24;;;5012.5;0.0
-2;66000;EMERALDS;9992;15;9990;27;;;10008;15;10010;27;;;10000.0;0.0
-2;66100;TOMATOES;5005;5;5004;19;;;5018;5;5020;19;;;5011.5;0.0
-2;66100;EMERALDS;9992;14;9990;24;;;10008;14;10010;24;;;10000.0;0.0
-2;66200;EMERALDS;9992;10;9990;24;;;10008;10;10010;24;;;10000.0;0.0
-2;66200;TOMATOES;5006;8;5004;20;;;5019;8;5021;20;;;5012.5;0.0
-2;66300;TOMATOES;5006;7;5005;20;;;5020;7;5021;20;;;5013.0;0.0
-2;66300;EMERALDS;9992;12;9990;26;;;10008;12;10010;26;;;10000.0;0.0
-2;66400;EMERALDS;9992;11;9990;25;;;10008;11;10010;25;;;10000.0;0.0
-2;66400;TOMATOES;5006;5;5005;15;;;5020;5;5021;15;;;5013.0;0.0
-2;66500;TOMATOES;5006;7;5004;23;;;5019;7;5020;23;;;5012.5;0.0
-2;66500;EMERALDS;9992;12;9990;24;;;10008;12;10010;24;;;10000.0;0.0
-2;66600;EMERALDS;9992;12;9990;30;;;10008;12;10010;30;;;10000.0;0.0
-2;66600;TOMATOES;5006;9;5004;15;;;5019;9;5020;15;;;5012.5;0.0
-2;66700;TOMATOES;5006;7;5005;23;;;5019;7;5021;23;;;5012.5;0.0
-2;66700;EMERALDS;9992;14;9990;21;;;10008;14;10010;21;;;10000.0;0.0
-2;66800;EMERALDS;9992;15;9990;28;;;10008;15;10010;28;;;10000.0;0.0
-2;66800;TOMATOES;5006;6;5005;19;;;5019;6;5021;19;;;5012.5;0.0
-2;66900;TOMATOES;5006;9;5004;19;;;5013;4;5019;9;5020;19;5009.5;0.0
-2;66900;EMERALDS;9992;13;9990;29;;;10008;13;10010;29;;;10000.0;0.0
-2;67000;EMERALDS;9992;12;9990;21;;;10008;12;10010;21;;;10000.0;0.0
-2;67000;TOMATOES;5006;5;5005;20;;;5020;5;5021;20;;;5013.0;0.0
-2;67100;TOMATOES;5006;5;5005;24;;;5020;5;5021;24;;;5013.0;0.0
-2;67100;EMERALDS;9992;12;9990;29;;;10008;12;10010;29;;;10000.0;0.0
-2;67200;EMERALDS;9992;12;9990;23;;;10008;12;10010;23;;;10000.0;0.0
-2;67200;TOMATOES;5006;8;5005;21;;;5020;8;5021;21;;;5013.0;0.0
-2;67300;TOMATOES;5006;9;5005;25;;;5019;9;5021;25;;;5012.5;0.0
-2;67300;EMERALDS;9992;10;9990;26;;;10008;10;10010;26;;;10000.0;0.0
-2;67400;EMERALDS;9992;12;9990;26;;;10008;12;10010;26;;;10000.0;0.0
-2;67400;TOMATOES;5006;5;5004;20;;;5019;5;5020;20;;;5012.5;0.0
-2;67500;TOMATOES;5006;6;5005;17;;;5019;6;5021;17;;;5012.5;0.0
-2;67500;EMERALDS;9992;12;9990;27;;;10000;5;10008;12;10010;27;9996.0;0.0
-2;67600;EMERALDS;9992;12;9990;30;;;10008;12;10010;30;;;10000.0;0.0
-2;67600;TOMATOES;5007;5;5005;15;;;5020;5;5021;15;;;5013.5;0.0
-2;67700;TOMATOES;5006;10;5005;22;;;5019;10;5021;22;;;5012.5;0.0
-2;67700;EMERALDS;9992;15;9990;29;;;10008;15;10010;29;;;10000.0;0.0
-2;67800;EMERALDS;9992;11;9990;21;;;10008;11;10010;21;;;10000.0;0.0
-2;67800;TOMATOES;5006;10;5005;17;;;5020;10;5021;17;;;5013.0;0.0
-2;67900;TOMATOES;5006;5;5005;20;;;5020;5;5021;20;;;5013.0;0.0
-2;67900;EMERALDS;9992;11;9990;30;;;10008;11;10010;30;;;10000.0;0.0
-2;68000;EMERALDS;9992;15;9990;25;;;10008;15;10010;25;;;10000.0;0.0
-2;68000;TOMATOES;5007;7;5005;23;;;5020;7;5022;23;;;5013.5;0.0
-2;68100;TOMATOES;5007;6;5006;17;;;5020;6;5022;17;;;5013.5;0.0
-2;68100;EMERALDS;9992;10;9990;28;;;10008;10;10010;28;;;10000.0;0.0
-2;68200;EMERALDS;9992;10;9990;20;;;10008;10;10010;20;;;10000.0;0.0
-2;68200;TOMATOES;5007;6;5006;22;;;5021;6;5022;22;;;5014.0;0.0
-2;68300;EMERALDS;9992;11;9990;20;;;10008;11;10010;20;;;10000.0;0.0
-2;68300;TOMATOES;5008;8;5006;16;;;5021;8;5022;16;;;5014.5;0.0
-2;68400;EMERALDS;9992;12;9990;25;;;10008;12;10010;25;;;10000.0;0.0
-2;68400;TOMATOES;5007;10;5006;23;;;5021;10;5022;23;;;5014.0;0.0
-2;68500;TOMATOES;5007;8;5006;25;;;5021;8;5022;25;;;5014.0;0.0
-2;68500;EMERALDS;9992;15;9990;23;;;10008;15;10010;23;;;10000.0;0.0
-2;68600;TOMATOES;5006;8;5005;25;;;5020;8;5021;25;;;5013.0;0.0
-2;68600;EMERALDS;9992;15;9990;25;;;10008;15;10010;25;;;10000.0;0.0
-2;68700;EMERALDS;9992;10;9990;25;;;10008;10;10010;25;;;10000.0;0.0
-2;68700;TOMATOES;5007;9;5005;20;;;5020;9;5021;20;;;5013.5;0.0
-2;68800;EMERALDS;9992;15;9990;26;;;10008;15;10010;26;;;10000.0;0.0
-2;68800;TOMATOES;5006;8;5004;17;;;5019;8;5021;17;;;5012.5;0.0
-2;68900;TOMATOES;5005;10;5004;15;;;5019;10;5020;15;;;5012.0;0.0
-2;68900;EMERALDS;9992;15;9990;25;;;10008;15;10010;25;;;10000.0;0.0
-2;69000;TOMATOES;5005;7;5004;17;;;5019;7;5020;17;;;5012.0;0.0
-2;69000;EMERALDS;9992;12;9990;21;;;10008;12;10010;21;;;10000.0;0.0
-2;69100;EMERALDS;9992;12;9990;25;;;10000;8;10008;12;10010;25;9996.0;0.0
-2;69100;TOMATOES;5005;7;5004;21;;;5018;7;5020;21;;;5011.5;0.0
-2;69200;EMERALDS;9992;12;9990;24;;;10008;12;10010;24;;;10000.0;0.0
-2;69200;TOMATOES;5004;7;5003;20;;;5018;7;5019;20;;;5011.0;0.0
-2;69300;TOMATOES;5005;7;5004;23;;;5019;7;5020;23;;;5012.0;0.0
-2;69300;EMERALDS;9992;10;9990;28;;;10008;10;10010;28;;;10000.0;0.0
-2;69400;TOMATOES;5005;10;5003;22;;;5018;10;5019;22;;;5011.5;0.0
-2;69400;EMERALDS;9992;15;9990;20;;;10008;15;10010;20;;;10000.0;0.0
-2;69500;EMERALDS;9992;11;9990;20;;;10008;11;10010;20;;;10000.0;0.0
-2;69500;TOMATOES;5004;5;5003;21;;;5018;5;5019;21;;;5011.0;0.0
-2;69600;EMERALDS;9992;15;9990;21;;;10008;15;10010;21;;;10000.0;0.0
-2;69600;TOMATOES;5004;9;5003;15;;;5018;9;5019;15;;;5011.0;0.0
-2;69700;TOMATOES;5005;10;5004;17;;;5018;10;5020;17;;;5011.5;0.0
-2;69700;EMERALDS;9992;15;9990;21;;;10008;15;10010;21;;;10000.0;0.0
-2;69800;TOMATOES;5005;9;5004;25;;;5018;9;5020;25;;;5011.5;0.0
-2;69800;EMERALDS;9992;14;9990;26;;;10008;14;10010;26;;;10000.0;0.0
-2;69900;EMERALDS;9992;12;9990;29;;;10008;12;10010;29;;;10000.0;0.0
-2;69900;TOMATOES;5005;5;5004;19;;;5019;5;5020;19;;;5012.0;0.0
-2;70000;EMERALDS;9992;12;9990;26;;;10008;12;10010;26;;;10000.0;0.0
-2;70000;TOMATOES;5013;10;5006;9;5005;15;5020;9;5021;15;;;5016.5;0.0
-2;70100;TOMATOES;5006;5;5005;16;;;5020;5;5021;16;;;5013.0;0.0
-2;70100;EMERALDS;9992;15;9990;22;;;10008;15;10010;22;;;10000.0;0.0
-2;70200;TOMATOES;5006;8;5005;17;;;5019;8;5021;17;;;5012.5;0.0
-2;70200;EMERALDS;9992;12;9990;29;;;10008;12;10010;29;;;10000.0;0.0
-2;70300;EMERALDS;9992;10;9990;28;;;10000;9;10008;10;10010;28;9996.0;0.0
-2;70300;TOMATOES;5006;5;5005;21;;;5020;5;5021;21;;;5013.0;0.0
-2;70400;EMERALDS;9992;14;9990;24;;;10008;14;10010;24;;;10000.0;0.0
-2;70400;TOMATOES;5006;6;5005;24;;;5019;6;5021;24;;;5012.5;0.0
-2;70500;TOMATOES;5007;8;5005;25;;;5020;8;5021;25;;;5013.5;0.0
-2;70500;EMERALDS;9992;11;9990;23;;;10008;11;10010;23;;;10000.0;0.0
-2;70600;TOMATOES;5007;8;5006;17;;;5020;8;5022;17;;;5013.5;0.0
-2;70600;EMERALDS;9992;14;9990;30;;;10008;14;10010;30;;;10000.0;0.0
-2;70700;EMERALDS;9992;15;9990;22;;;10008;15;10010;22;;;10000.0;0.0
-2;70700;TOMATOES;5007;10;5006;16;;;5020;10;5022;16;;;5013.5;0.0
-2;70800;EMERALDS;9992;15;9990;28;;;10008;15;10010;28;;;10000.0;0.0
-2;70800;TOMATOES;5007;9;5006;23;;;5021;9;5022;23;;;5014.0;0.0
-2;70900;TOMATOES;5007;6;5006;21;;;5021;6;5022;21;;;5014.0;0.0
-2;70900;EMERALDS;9992;11;9990;26;;;10008;11;10010;26;;;10000.0;0.0
-2;71000;TOMATOES;5007;5;5006;18;;;5021;5;5022;18;;;5014.0;0.0
-2;71000;EMERALDS;9992;13;9990;29;;;10008;13;10010;29;;;10000.0;0.0
-2;71100;EMERALDS;9992;13;9990;25;;;10008;13;10010;25;;;10000.0;0.0
-2;71100;TOMATOES;5007;10;5006;17;;;5021;10;5022;17;;;5014.0;0.0
-2;71200;EMERALDS;9992;11;9990;26;;;10008;11;10010;26;;;10000.0;0.0
-2;71200;TOMATOES;5012;5;5007;6;5006;25;5020;6;5022;25;;;5016.0;0.0
-2;71300;TOMATOES;5007;5;5006;22;;;5021;5;5022;22;;;5014.0;0.0
-2;71300;EMERALDS;9992;10;9990;29;;;10000;7;10008;10;10010;29;9996.0;0.0
-2;71400;TOMATOES;5007;6;5006;18;;;5021;6;5022;18;;;5014.0;0.0
-2;71400;EMERALDS;9992;15;9990;29;;;10008;15;10010;29;;;10000.0;0.0
-2;71500;EMERALDS;9992;13;9990;30;;;10008;13;10010;30;;;10000.0;0.0
-2;71500;TOMATOES;5008;8;5006;18;;;5013;5;5021;8;5022;18;5010.5;0.0
-2;71600;EMERALDS;9992;15;9990;20;;;10008;15;10010;20;;;10000.0;0.0
-2;71600;TOMATOES;5008;9;5006;15;;;5021;9;5022;15;;;5014.5;0.0
-2;71700;TOMATOES;5007;7;5006;16;;;5020;7;5022;16;;;5013.5;0.0
-2;71700;EMERALDS;9992;14;9990;20;;;10008;14;10010;20;;;10000.0;0.0
-2;71800;TOMATOES;5007;5;5006;16;;;5020;5;5022;16;;;5013.5;0.0
-2;71800;EMERALDS;9992;10;9990;23;;;10008;10;10010;23;;;10000.0;0.0
-2;71900;EMERALDS;10000;9;9992;15;9990;28;10008;15;10010;28;;;10004.0;0.0
-2;71900;TOMATOES;5007;9;5006;20;;;5020;9;5022;20;;;5013.5;0.0
-2;72000;EMERALDS;9992;15;9990;26;;;10008;15;10010;26;;;10000.0;0.0
-2;72000;TOMATOES;5007;5;5005;18;;;5020;5;5022;18;;;5013.5;0.0
-2;72100;TOMATOES;5007;5;5006;16;;;5021;5;5022;16;;;5014.0;0.0
-2;72100;EMERALDS;9992;13;9990;23;;;10008;13;10010;23;;;10000.0;0.0
-2;72200;TOMATOES;5006;9;5005;19;;;5020;9;5021;19;;;5013.0;0.0
-2;72200;EMERALDS;9992;11;9990;24;;;10008;11;10010;24;;;10000.0;0.0
-2;72300;EMERALDS;9992;10;9990;29;;;10008;10;10010;29;;;10000.0;0.0
-2;72300;TOMATOES;5006;10;5005;16;;;5020;10;5021;16;;;5013.0;0.0
-2;72400;EMERALDS;9992;11;9990;21;;;10008;11;10010;21;;;10000.0;0.0
-2;72400;TOMATOES;5008;10;5006;19;;;5021;10;5022;19;;;5014.5;0.0
-2;72500;TOMATOES;5008;5;5007;16;;;5022;5;5023;16;;;5015.0;0.0
-2;72500;EMERALDS;9992;15;9990;22;;;10008;15;10010;22;;;10000.0;0.0
-2;72600;TOMATOES;5008;8;5007;17;;;5022;8;5023;17;;;5015.0;0.0
-2;72600;EMERALDS;9992;15;9990;21;;;10008;15;10010;21;;;10000.0;0.0
-2;72700;EMERALDS;9992;13;9990;23;;;10008;13;10010;23;;;10000.0;0.0
-2;72700;TOMATOES;5008;7;5007;23;;;5022;7;5023;23;;;5015.0;0.0
-2;72800;EMERALDS;9992;10;9990;25;;;10008;10;10010;25;;;10000.0;0.0
-2;72800;TOMATOES;5008;9;5007;22;;;5021;9;5023;22;;;5014.5;0.0
-2;72900;TOMATOES;5009;5;5007;15;;;5022;5;5023;15;;;5015.5;0.0
-2;72900;EMERALDS;9992;15;9990;23;;;10008;15;10010;23;;;10000.0;0.0
-2;73000;TOMATOES;5008;5;5007;21;;;5022;5;5023;21;;;5015.0;0.0
-2;73000;EMERALDS;9992;13;9990;24;;;10008;13;10010;24;;;10000.0;0.0
-2;73100;EMERALDS;9992;11;9990;26;;;10008;11;10010;26;;;10000.0;0.0
-2;73100;TOMATOES;5009;6;5007;23;;;5022;6;5023;23;;;5015.5;0.0
-2;73200;EMERALDS;9992;13;9990;28;;;10008;13;10010;28;;;10000.0;0.0
-2;73200;TOMATOES;5009;10;5007;17;;;5022;10;5023;17;;;5015.5;0.0
-2;73300;TOMATOES;5008;8;5006;24;;;5021;8;5022;24;;;5014.5;0.0
-2;73300;EMERALDS;9992;11;9990;30;;;10008;11;10010;30;;;10000.0;0.0
-2;73400;TOMATOES;5008;6;5007;15;;;5022;6;5023;15;;;5015.0;0.0
-2;73400;EMERALDS;10000;7;9992;11;9990;30;10008;11;10010;30;;;10004.0;0.0
-2;73500;EMERALDS;9992;14;9990;20;;;10008;14;10010;20;;;10000.0;0.0
-2;73500;TOMATOES;5008;6;5007;18;;;5022;6;5023;18;;;5015.0;0.0
-2;73600;EMERALDS;9992;10;9990;26;;;10008;10;10010;26;;;10000.0;0.0
-2;73600;TOMATOES;5008;10;5007;24;;;5022;10;5023;24;;;5015.0;0.0
-2;73700;TOMATOES;5008;10;5007;22;;;5022;10;5023;22;;;5015.0;0.0
-2;73700;EMERALDS;9992;12;9990;30;;;10008;12;10010;30;;;10000.0;0.0
-2;73800;TOMATOES;5013;3;5008;8;5007;24;5022;8;5023;24;;;5017.5;0.0
-2;73800;EMERALDS;9992;11;9990;30;;;10008;11;10010;30;;;10000.0;0.0
-2;73900;EMERALDS;9992;13;9990;26;;;10008;13;10010;26;;;10000.0;0.0
-2;73900;TOMATOES;5009;8;5008;20;;;5022;8;5024;20;;;5015.5;0.0
-2;74000;EMERALDS;9992;13;9990;29;;;10008;13;10010;29;;;10000.0;0.0
-2;74000;TOMATOES;5008;9;5007;15;;;5022;9;5023;15;;;5015.0;0.0
-2;74100;TOMATOES;5009;6;5007;19;;;5022;6;5023;19;;;5015.5;0.0
-2;74100;EMERALDS;9992;10;9990;29;;;10008;10;10010;29;;;10000.0;0.0
-2;74200;TOMATOES;5008;6;5007;23;;;5021;6;5023;23;;;5014.5;0.0
-2;74200;EMERALDS;9992;12;9990;27;;;10008;12;10010;27;;;10000.0;0.0
-2;74300;EMERALDS;9992;12;9990;25;;;10008;12;10010;25;;;10000.0;0.0
-2;74300;TOMATOES;5008;9;5007;19;;;5022;9;5023;19;;;5015.0;0.0
-2;74400;EMERALDS;9992;15;9990;20;;;10008;15;10010;20;;;10000.0;0.0
-2;74400;TOMATOES;5013;6;5008;7;5007;24;5021;7;5023;24;;;5017.0;0.0
-2;74500;TOMATOES;5008;9;5007;20;;;5021;9;5023;20;;;5014.5;0.0
-2;74500;EMERALDS;9992;15;9990;22;;;10008;15;10010;22;;;10000.0;0.0
-2;74600;TOMATOES;5008;9;5007;19;;;5021;9;5023;19;;;5014.5;0.0
-2;74600;EMERALDS;9992;11;9990;30;;;10008;11;10010;30;;;10000.0;0.0
-2;74700;EMERALDS;9992;10;9990;24;;;10008;10;10010;24;;;10000.0;0.0
-2;74700;TOMATOES;5008;5;5006;18;;;5021;5;5022;18;;;5014.5;0.0
-2;74800;EMERALDS;9992;14;9990;25;;;10008;14;10010;25;;;10000.0;0.0
-2;74800;TOMATOES;5008;8;5006;19;;;5021;8;5023;19;;;5014.5;0.0
-2;74900;TOMATOES;5007;7;5006;21;;;5021;7;5022;21;;;5014.0;0.0
-2;74900;EMERALDS;9992;13;9990;24;;;10008;13;10010;24;;;10000.0;0.0
-2;75000;EMERALDS;9992;12;9990;30;;;10008;12;10010;30;;;10000.0;0.0
-2;75000;TOMATOES;5007;10;5005;18;;;5020;10;5021;18;;;5013.5;0.0
-2;75100;TOMATOES;5006;5;5005;21;;;5019;5;5021;21;;;5012.5;0.0
-2;75100;EMERALDS;9992;12;9990;25;;;10008;12;10010;25;;;10000.0;0.0
-2;75200;EMERALDS;9992;14;9990;20;;;10008;14;10010;20;;;10000.0;0.0
-2;75200;TOMATOES;5006;8;5004;16;;;5019;8;5021;16;;;5012.5;0.0
-2;75300;TOMATOES;5006;9;5004;20;;;5019;9;5020;20;;;5012.5;0.0
-2;75300;EMERALDS;9992;10;9990;27;;;10008;10;10010;27;;;10000.0;0.0
-2;75400;EMERALDS;9992;14;9990;30;;;10008;14;10010;30;;;10000.0;0.0
-2;75400;TOMATOES;5006;8;5004;15;;;5019;8;5020;15;;;5012.5;0.0
-2;75500;TOMATOES;5006;7;5004;15;;;5019;7;5020;15;;;5012.5;0.0
-2;75500;EMERALDS;9992;12;9990;29;;;10008;12;10010;29;;;10000.0;0.0
-2;75600;EMERALDS;9992;11;9990;20;;;10008;11;10010;20;;;10000.0;0.0
-2;75600;TOMATOES;5011;6;5005;10;5004;22;5019;10;5020;22;;;5015.0;0.0
-2;75700;TOMATOES;5006;9;5005;15;;;5019;9;5021;15;;;5012.5;0.0
-2;75700;EMERALDS;9992;15;9990;21;;;10008;15;10010;21;;;10000.0;0.0
